3767 5825
559 308 666 378 vm
1931 305 2368 367 rnAErmo.

558 455 923 554 κηδεμονῆες
956 459 1151 557 apud
1194 459 1505 530 eundem
1542 475 1615 531 et
1647 460 2058 555 Quintum).
2095 467 2194 532 Ex
2227 459 2542 532 secunda
2583 474 2836 530 notum
2856 465 3114 554 ήνιοχῆὰ
3147 461 3347 553 Cyn„
3373 463 3734 576 Θηροφονῆ

554 601 731 693 Cyn.
770 601 839 683 Ι,
870 594 1037 687 538,
1073 609 1365 680 ὠοτοκῆες
1406 597 1556 668 Hal.
1601 601 1670 685 Ι,
1715 596 1875 695 750.
1912 603 2000 669 Et
2030 598 2286 671 eodem
2327 598 2724 671 referentur
2759 625 2840 670 ex
2877 599 3196 694 analogia
3233 623 3530 695 usuque
3569 601 3734 696 prae&

556 734 839 808 valente
880 735 1231 833 ἰχθυὸολῆες
1260 741 1435 834 Cyn.
1475 741 1528 825 1,
1562 739 1649 834 74
1688 737 1898 833 (Nic.‚
1923 735 2232 832 Gallim.)
2248 754 2319 810 et
2355 743 2711 836 αἰγονομῆες
2752 739 2906 810 Hal.
2951 743 3066 826 IV,
3108 737 3248 811 313
3291 737 3544 834 (Nic.)
3601 743 3734 816 Det

557 878 779 974 nique
814 893 1117 976 πομπῆες,
1154 879 1353 976 quod
1388 878 1539 974 jam
1576 903 1793 975 supra
1836 893 2336 951 memoratum.
2389 878 2673 975 Vulgari
2726 878 2974 951 formae
3023 877 3542 950 declinationis
3593 882 3734 976 pri«

558 1033 690 1080 mae
721 1008 921 1107 quod
942 1008 1260 1104 adjaceat
1286 1009 1361 1080 hi
1393 1007 1676 1080 nullum
1708 1005 1983 1080 habent
2017 1037 2036 1080 ε
2075 1025 2147 1080 et
2173 1012 2602 1083 suntminus
2632 1012 2880 1101 multa,
2916 1035 3358 1108 quamquam
3387 1011 3734 1108 priscum

552 1164 919 1222 auctorem
967 1149 1302 1221 habentia
1337 1148 1542 1220 illum
1575 1142 1940 1246 Ᾰντιφατῆα
1975 1170 1995 1220 2
2037 1153 2334 1223 Nonnus
2397 1153 2469 1223 in
2532 1150 2774 1248 amplo
2822 1152 3139 1223 carmine
3186 1149 3334 1222 duo
3381 1149 3734 1238 exhibet*

555 1292 723 1362 item
752 1294 1071 1389 propria,
1112 1285 1450 1386 Δηριαδῆος
1472 1345 1491 1378 ,
1538 1304 1625 1376 ῆι,
1678 1304 1785 1377 ἥα,
1814 1314 1983 1360 cum
2011 1293 2498 1364 nominativus
2543 1293 2811 1389 ubique
2845 1295 2938 1364 sit
2969 1289 3270 1390 Δηριοίδης
3307 1289 3650 1387 (formas
3665 1307 3734 1364 ex

556 1431 797 1528 regula
821 1430 1038 1503 factas
1063 1431 1235 1503 item
1261 1453 1516 1501 omnes
1536 1427 1784 1519 habet,
1810 1405 2136 1526 Δηριάδαο,
2163 1463 2228 1528 ῃ,
2249 1463 2344 1522 ην,
2373 1462 2412 1511 η
2451 1437 2672 1531 voc't),
2697 1449 2769 1505 et
2797 1440 3048 1530 Βορῆος,
3076 1445 3164 1518 ἢῖ,
3187 1447 3271 1512 ἥα
3299 1434 3576 1528 (At-at.)
3621 1433 3734 1527 (¹)

554 1572 693 1644 Sed
720 1570 813 1645 ad
844 1571 997 1643 haec
1023 1570 1268 1660 delati,
1308 1593 1733 1642 moneamus
1772 1571 1993 1642 verbo
2036 1586 2254 1667 atque
2291 1596 2666 1643 caveamus
2701 1571 2788 1644 de
2824 1571 3156 1642 abnormi
3205 1571 3442 1644 forma
3481 1578 3734 1658 ἐνηῆες,

552 1739 715 1810 quae
755 1713 1015 1808 legitur
1058 1719 1235 1808 Cyn.
1280 1716 1381 1798 II,
1446 1711 1564 1809 89,
1600 1717 1740 1784 ὅττι
1797 1715 2012 1809 βροτοὶ
2065 1702 2472 1794 δ’ἐνέπουσιν,
2517 1721 2716 1796 ἐνηῆες
2771 1719 3114 1808 ἀνέχονται.
3187 1715 3344 1783 Hoc
3393 1728 3626 1783 esset
3667 1719 3734 1834 ul

553 1847 834 1932 δυσαήων
875 1853 991 1950 (cf.
1032 1879 1191 1950 quae
1239 1853 1971 1950 nupercognovimus
2010 1858 2572 1948 ταχῆος,τεμένηος
2610 1855 2846 1952 Epim.
2913 1858 2997 1923 H.
3051 1851 3244 1948 342).
3319 1856 3402 1924 At
3467 1877 3734 1940 versus

554 1994 695 2067 hoc
732 1993 953 2067 modo
989 1995 1259 2090 integer
1296 2017 1445 2065 non
1500 2009 1609 2066 est
1658 2009 1958 2092 propter
2018 1993 2445 2094 productam
2491 1996 2817 2068 nltimam
2872 1995 2946 2066 in
2983 2000 3207 2074 ἐνηῆες.
3249 1963 3734 2068 Vocabulunl

551 2135 784 2232 ipsum
834 2155 1272 2232 quamquam
1326 2134 1399 2204 in
1438 2132 1765 2231 plurimis
1823 2150 2248 2232 corruptum
2297 2137 2519 2207 fertur
2563 2139 2634 2208 in
2674 2138 2902 2215 νεηνίαι
2927 2151 2995 2207 et
3015 2143 3267 2212 νεηνέαι,
3309 2158 3590 2204 verum
3638 2137 3734 2224 vie

548 2266 782 2354 detur,
810 2266 1039 2338 forma
1061 2281 1321 2356 autem,
1352 2291 1568 2362 quam
1585 2265 1785 2361 quod
1806 2265 2082 2337 videam
2101 2267 2341 2339 Belino
2367 2267 2459 2340 de
2487 2268 2682 2340 Ballu
2713 2267 3194 2356 debemu8,eo
3217 2264 3464 2336 minus
3495 2281 3734 2358 certas

550 2433 721 2480 cum
760 2407 1090 2505 plerique
1131 2410 1538 2504 εἰσανέχονται
1579 2407 1976 2505 praebeant,
2024 2435 2173 2507 quo
2211 2411 2374 2484 ferri
2409 2410 2712 2484 videaris
2762 2411 2854 2482 ad
2881 2415 3024 2482 ὅττι
3063 2411 3274 2504 βροτοὶ
3310 2401 3734 2500 &nimum-a,-

547 2545 735 2624 ἐνηέες
774 2538 875 2621 οὖς
910 2543 1245 2635 ἀνέχονται.

642 2679 797 2750 Hal.
840 2683 927 2768 u,
966 2678 1104 2749 262
1144 2679 1428 2774 vulgata
1458 2693 1611 2750 erat
1643 2679 1855 2752 lectio
1894 2685 2200 2759 ἀσπασίην
2241 2687 2338 2754 ἐπὶ
2361 2687 2545 2780 θήρην
2571 2671 2814 2754 fico-uro
2844 2685 3142 2778 γηθοσύνη
3187 2678 3294 2748 vel
3335 2680 3679 2776 γηθοσύνῃ
3723 2699 3734 2746 :

550 2818 989 2908 BrunckiuS,
1051 2820 1169 2892 cui
1224 2819 1748 2919 obtemperavit
1818 2822 2331 2912 Schneiderus‚
2395 2849 2482 2894 ex
2553 2828 2706 2894 Par.
2782 2847 2797 2891 ι
2868 2819 3149 2891 induxit
3205 2822 3541 2912 γηθομένη.
3589 2822 3734 2888 Re-

546 2950 933 3048 prehendit
980 2951 1248 3024 factum
1284 2955 1555 3050 Peyron
1594 2979 1663 3052 p.
1722 2980 1851 3052 79,
1879 2957 2086 3053 jure,
2158 2972 2240 3027 ut
2299 2953 2585 3027 videtur
2617 3009 2637 3043 ,
2689 2952 2816 3025 sed
2860 2951 3164 3023 infirmis
3217 2954 3734 3044 argumentiS,

544 3081 816 3182 quippe
877 3108 971 3163 ue
1036 3108 1119 3156 ex
1176 3082 1320 3157 hoc
1392 3085 1689 3183 quidem
1739 3090 2087 3187 scriptore
2146 3088 2401 3187 petitis.
2471 3088 2702 3157 Utitur
2768 3083 3334 3155 Halieuticorum
3385 3080 3734 3179 scriptor

620 3402 685 3479 (·)
728 3398 900 3459 Thes.
924 3425 947 3451 n
971 3413 1239 3458 constans
1271 3400 1429 3478 apud
1448 3402 1646 3478 epicos
1676 3402 1960 3479 scriptura
1987 3414 2076 3461 est
2099 3400 2284 3483 βορέης
2311 3429 2353 3462 υ.
2381 3406 2522 3479 Cyn.
2548 3406 2647 3475 IV,
2683 3414 2780 3474 74,
2809 3403 3082 3462 scribitur
3105 3404 3158 3473 ἐς
3177 3402 3234 3464 δὲ
3261 3406 3454 3484 Βορῆν.
3481 3440 3582 3452 —-
3603 3412 3730 3469 Sed

543 3518 745 3565 caetera
782 3506 975 3565 Nonni
1013 3506 1373 3583 stringemus.
1406 3506 1663 3565 Primum
1698 3506 1956 3566 notabile
1981 3506 2242 3588 Βριαρῆος
2265 3510 2566 3579 XXXIX,
2607 3526 2715 3584 ²9¹
2739 3528 2757 3579 3
2782 3512 3008 3579 XLIII,
3046 3510 3184 3569 361.
3215 3514 3266 3568 A
3299 3510 3733 3588 Callimacho,

540 3612 669 3671 Del.
700 3614 828 3682 143.
861 3615 993 3671 Non
1022 3610 1261 3671 dubium
1290 3612 1430 3691 quin
1464 3610 1527 3671 in
1554 3613 1810 3691 propriis
1836 3626 1898 3673 et
1924 3612 2228 3692 gentiliciis
2263 3614 2396 3692 plus
2432 3613 2717 3673 libertatis
2753 3611 3092 3687 habuerint,
3121 3635 3251 3693 quae
3283 3616 3378 3674 vix
3409 3617 3471 3675 in
3513 3636 3734 3683 certas

540 3720 609 3777 cl·
633 3740 749 3779 zses
785 3716 1036 3777 describi
1080 3728 1377 3797 poterunt.
1402 3718 1579 3797 Apud
1614 3722 1890 3777 Nonnum
1917 3738 1990 3777 ex
2031 3717 2146 3776 hoc
2183 3738 2395 3796 genere
2435 3730 2649 3796 praeter
2665 3738 2734 3777 ea
2772 3738 2902 3796 quae
2927 3718 3104 3779 modo
3133 3720 3302 3780 attuli
3333 3742 3528 3799 enque
3581 3748 3734 3805 quaa

538 3843 717 3904 supra
742 3834 1123 3884 occurrerunt
1148 3822 1477 3905 (Γηρυονῆος
1509 3836 1570 3882 et
1599 3825 1865 3896 Αἰθιοπῆα
1887 3867 1905 3898 ,
1931 3822 2079 3903 ήων)
2107 3837 2241 3883 sunt
2271 3823 2576 3897 Αὖσονιήων
2608 3826 2824 3905 (Dion.)
2849 3871 2868 3903 ‚
2905 3827 3220 3909 Αἷγοκιρῆος
3248 3829 3442 3906 (quod
3479 3848 3733 3909 praeter

539 3933 685 3991 alios
708 3936 919 3992 Aratus
940 3928 1117 3989 habet
1140 3950 1249 4009 per
1271 3948 1472 3988 omnes
1498 3949 1663 3989 casus
1678 3972 1695 4004 ,
1730 3940 1790 3987 at
1823 3930 2244 3989 nominativum
2272 3928 2564 4012 Αἰγόκερας
2605 3928 2762 3988 idem
2789 3930 2938 4006 286,
2967 3929 3080 4006 547
3097 3931 3120 4011 )
3137 3976 3156 4007 ,
3177 3930 3468 4011 ’Υδροχυῆι
3495 3936 3527 4016 (
3541 3946 3728 3999 Amr,

541 4039 677 4111 388,
701 4036 855 4096 idem
876 4034 1104 4117 -χόοιο
1131 4046 1192 4095 et
1214 4069 1293 4082 —
1310 4033 1438 4115 χόου
1457 4075 1474 4107 ,
1506 4054 1661 4095 nom.
1684 4033 1805 4115 χόος
1832 4034 1992 4114 547).
2033 4036 2146 4095 Sed
2172 4036 2288 4095 hoc
2316 4036 2589 4095 transitus
2615 4036 2680 4093 fit
2713 4035 2789 4094 ad
2815 4056 2918 4115 ea,
2957 4056 3090 4115 quae
3127 4036 3388 4097 ordinem
3431 4040 3688 4103 faciunt
3705 4092 3726 4121 ‚

538 4142 855 4220 composita
877 4161 1009 4200 cum
1039 4140 1229 4201 verbis
1251 4153 1319 4200 ut
1344 4140 1563 4200 vocalis
1590 4141 1666 4200 sit
1692 4161 1750 4216 ο,
1783 4141 2000 4219 partim
2027 4160 2278 4219 quorum
2315 4139 2597 4220 simplicia
2620 4152 2756 4200 sunt
2783 4141 2847 4200 in
2881 4140 2966 4211 εὖς
2984 4186 3001 4218 ,
3041 4144 3256 4222 partim
3289 4164 3556 4221 quorum
3593 4170 3728 4211 non

538 4257 674 4306 sunt
698 4266 713 4305 ε
739 4266 813 4305 ex
846 4244 941 4305 his
966 4244 1124 4325 apud
1144 4247 1421 4305 Nomium
1446 4256 1583 4304 sunt
1602 4244 1931 4327 παιδοφονῆα
1965 4244 2214 4325 (Quint.)
2229 4286 2250 4316 ,
2275 4244 2522 4323 ἡνιοχῆος
2548 4254 2706 4318 cett„
2733 4242 3051 4322 ἰχθυόολῆας
3076 4245 3142 4303 in
3161 4244 3441 4323 Paraplir.
3477 4251 3564 4306 In
3589 4274 3725 4330 quo

534 4372 746 4430 genere
777 4371 897 4430 quo
936 4349 1079 4429 quid
1116 4349 1298 4428 magis
1332 4370 1369 4409 a
1400 4349 1757 4409 substantiva
1797 4348 2217 4428 significatione
2243 4348 2496 4407 alienum
2535 4362 2642 4425 est,
2661 4369 2734 4408 eo
2769 4348 2913 4408 mihi
2953 4349 3297 4411 insolentius
3339 4352 3570 4412 accidit
3615 4364 3724 4429 (ut

536 4455 811 4537 ὧμοὸορῆῖ
834 4454 1117 4517 Nicandri
1139 4453 1317 4515 Ther.
1343 4457 1461 4533 ⁴739
1481 4468 1541 4514 et
1564 4456 1935 4537 ἅριστοπονῆις
1955 4454 2326 4514 Manethonis
2345 4459 2445 4527 IV,
2471 4456 2616 4531 512„
2631 4454 2970 4514 insolentius
2997 4468 3130 4514 utru
3139 4475 3312 4534 mque
3332 4476 3514 4535 quam
3539 4462 3722 4524 ὦρτο.

536 4569 661 4638 κῆες
685 4585 757 4623 eo
785 4583 1071 4637 connexu,
1096 4583 1215 4643 quo
1242 4563 1303 4622 in
1338 4564 1465 4624 Hal.
1494 4561 1711 4621 dictum
1738 4560 1860 4639 est).
1909 4567 2102 4623 Unum
2134 4581 2252 4619 non
2287 4560 2673 4639 compositum
2713 4560 2892 4642 (certe
2919 4561 3074 4620 aliud
3101 4582 3256 4620 nunc
3278 4582 3400 4620 non
3417 4571 3716 4650 memini)

536 4674 801 4749 πομπῆας.
836 4670 1024 4731 Porro
1048 4670 1109 4729 in
1129 4692 1203 4728 ων
1232 4666 1393 4750 (μων)
1418 4687 1435 4729 :
1467 4670 1715 4727 recurrit
1735 4667 1893 4747 apud
1923 4672 2192 4728 Nomium
2222 4687 2446 4744 eorum,
2468 4686 2715 4745 quorum
2747 4686 2927 4746 supra
2956 4666 3173 4726 mentio
3201 4666 3447 4745 injecta,
3477 4674 3705 4753 ἡγιμο-

536 4881 743 4941 habeo.
758 4885 1027 4941 Attamen
1055 4891 1448 4960 perruperunt
1472 4879 1581 4938 hos
1601 4880 1897 4953 termium,
1924 4880 2008 4937 uti
2027 4878 2146 4957 jam
2169 4878 2242 4936 ab
2271 4879 2452 4951 initio,
2480 4876 2584 4937 ubi
2608 4878 2683 4938 de
2710 4878 3056 4937 formatione
3077 4879 3137 4939 in
3159 4874 3240 4943 ἑος
3259 4879 3506 4955 «lictum,
3533 4884 3715 4945 indi-

534 4988 791 5046 cavimus
819 5006 838 5048 :
866 5007 1019 5045 nunc
1057 4986 1229 5044 trium
1257 4983 1622 5044 admonebo:
1650 4982 1907 5065 πρεσὸῆες
1938 4984 2176 5044 Hesiodi
2210 4990 2391 5057 scut„
2424 4986 2718 5065 ὀρταλιχῆα
2743 4998 2802 5043 et
2829 4985 3002 5064 ἐχιῆες
3027 4984 3302 5044 Nicandri
3348 4986 3524 5046 Alex.
3557 4994 3708 5062 228,

532 5092 711 5154 'rhen
740 5093 871 5154 133.
888 5095 1039 5153 Nam
1063 5089 1233 5170 ἐχιιύς
1263 5090 1455 5165 fuisse,
1474 5089 1797 5168 significans
1820 5090 2062 5169 ἐχίδνιον,
2089 5092 2210 5151 sinc
2233 5103 2385 5149 certa
2411 5110 2580 5150 causa
2608 5103 2860 5151 sumtum
2891 5090 3140 5151 videtur.
