3767 5825
1110 414 1902 479 MANETRONIANORUM
1946 420 2095 479 Lm.
2140 420 2189 479 1.
2240 419 2393 499 [v.]
2996 421 3005 433 ·
3260 432 3329 486 m

103 539 224 619 ῥέζε
259 539 447 623 Κρόνῴ
474 540 564 602 καὶ
585 540 738 621 Ἄρηι
764 542 854 601 καὶ
883 541 1060 622 Ἑρμῇ
1085 544 1175 603 καὶ
1205 546 1459 627 Κυθερείῃ

103 627 204 685 καὶ
229 628 324 687 Διὶ
346 628 438 685 καὶ
457 628 612 710 Μήνῃ
641 652 698 688 τε
717 631 808 689 καὶ
831 630 1026 711 Ἠελίῳ
1059 634 1272 711 βασιλῆι
1287 656 1302 670 ·

11 733 77 772 105
103 706 262 773 οὗτοι
290 716 390 796 γὰρ
417 718 693 797 κρατέουσι
716 722 865 793 θεῶν,
900 718 1176 798 κρατέουσι
1203 720 1293 779 καὶ
1322 723 1539 803 ἀνδρῶν,

103 802 310 863 πόντου
335 806 425 863 καὶ
451 809 706 883 ποταμῶν
731 806 943 865 πάντων
973 808 1154 886 ῥοθίων
1181 806 1383 885 ἀνέμων
1412 832 1496 881 τε,

103 890 203 949 καὶ
231 896 332 970 γῆς
355 894 708 974 καρποφόροιο
732 894 822 953 καὶ
837 892 997 973 ἠέρος
1022 893 1248 955 ἀενάοιο.

14 1080 82 1131 34
107 1070 439 1151 Πλησιφαὴς
462 1070 784 1151 Κρονίωνι
813 1094 922 1130 συν
939 1070 1276 1143 αντήσασα
1305 1072 1554 1146 Σελήνη

159 1158 444 1237 ἐὖτυχέας
468 1158 603 1240 ῥέζει
630 1158 722 1219 καὶ
745 1159 1239 1239 μακαριστοτάτους·

11 1266 78 1305 uo
103 1245 238 1302 εἰδὲ
261 1244 441 1305 λίποι
469 1246 802 1327 Κρονίωνα
828 1246 948 1327 φάει
969 1247 1242 1319 πλήθουσα
1273 1249 1554 1323 Σελήνη,

187 1332 369 1392 οὐκέτι
389 1332 488 1407 τὴν
509 1332 670 1405 αὐτὴν
698 1334 838 1401 ἐντὸς
861 1335 971 1414 ἔχει
994 1334 1230 1411 δύναμιν·

103 1418 254 1478 ἀλλὰ
278 1423 454 1479 κακῶν
485 1423 720 1503 ῥεκτεῖρα
743 1422 890 1481 πέλει
913 1421 1012 1481 λεί
1021 1446 1229 1483 πουσα
1253 1424 1382 1505 πρὸς
1407 1426 1560 1485 αὐτόν
1579 1450 1594 1463 ·

191 1506 472 1588 ἔκφρονας,
496 1509 799 1590 αἰνομόρους
821 1506 856 1579 ἢ
876 1508 1112 1589 νοσεροὺς
1133 1514 1359 1585 τελέσει,

105 1594 442 1672 ἆμὸλύτερόν
465 1596 513 1654 τ’
536 1596 802 1655 ἐτέλεσσεν
826 1596 949 1673 ἔμεν
976 1596 1084 1676 βίον
1113 1601 1166 1657 ἐν
1189 1598 1517 1676 καμάτοισιν,

326 1711 354 1736 *
535 1711 564 1738 ἡ
746 1712 774 1737 *
957 1713 985 1738 ἡ

26 1876 96 1927 35
187 1866 376 1947 Ἄρης
398 1867 488 1927 καὶ
513 1869 777 1930 Φαέθων
809 1872 1229 1932 κατεναντίον
1255 1872 1553 1944 ἀλλήλοισιν

11 1975 72 2013 uc
105 1954 278 2037 ἄμφω
305 1956 574 2038 κέντρον
603 1957 810 2039 ἔχοντες
833 1960 1135 2037 ἀνωμαλίην
1167 1960 1360 2041 βιότοιο

101 2040 404 2121 ἀνθρώποις
424 2044 675 2123 ἐπάγουσι
689 2090 707 2122 ,
732 2044 823 2104 καὶ
845 2049 904 2105 ἐκ
925 2048 1098 2127 φιλίης
1121 2048 1413 2123 ἔλάσουσιν,

101 2128 200 2187 καὶ
231 2130 838 2211 προκοπῆςστερέουσιν,
862 2134 976 2192 ἐπεὶ
998 2135 1118 2202 Διὸς
1145 2135 1332 2194 ἔπλετο
1359 2138 1578 2205 πλοῦτος

105 2216 204 2273 καὶ
231 2216 378 2284 δόξαι
401 2218 492 2276 καὶ
520 2220 848 2301 σωφροσύναι
872 2221 963 2279 καὶ
987 2221 1185 2289 πίστιες
1209 2224 1388 2282 ἐσθλαί
1403 2269 1420 2297 ,

11 2324 75 2363 no
103 2308 168 2364 ἐκ
200 2306 252 2363 δ’
277 2302 456 2385 Ἄρεος
479 2307 630 2381 πενίη
655 2330 712 2367 τε
739 2310 877 2380 κακὴ
908 2309 1116 2390 θόρυὸοί
1136 2335 1193 2369 τε
1219 2313 1389 2391 μάχαι
1415 2336 1499 2385 τε,

103 2392 392 2469 ἐγκλήσεις
416 2394 674 2474 μεγάλαι,
698 2396 820 2477 περὶ
840 2397 1081 2474 σώματος
1104 2396 1210 2456 ἔσθ’
1233 2395 1308 2457 ὅτ’
1333 2402 1525 2477 ἀγῶνες
1541 2422 1554 2435 ·

97 2472 252 2540 οὗτοι
278 2483 323 2539 δ’
349 2481 558 2563 εὔποροί
581 2485 728 2557 εἰσιν,
752 2484 846 2541 ἀπ’
872 2485 1115 2565 εὖπορίης
1137 2484 1192 2545 δὲ
1215 2485 1475 2547 πένονται·

97 2566 166 2640 ἣν
193 2570 256 2628 δὲ
285 2570 695 2651 μεσουρανέῃ
725 2571 1039 2652 Πυρόεις,
1068 2572 1214 2641 τέλος
1237 2574 1376 2635 αἰνὸν
1401 2574 1628 2655 ἔχουσιν.

186 2655 458 2737 κέντρον
489 2658 621 2737 ἔχων
649 2657 924 2719 Φαέθων
947 2660 1169 2733 Μήνης
1196 2662 1328 2740 μέτα
1351 2663 1442 2721 καὶ
1471 2667 1674 2723 Κυθε-

11 2770 71 2810 ua
97 2748 171 2819 ἤν
203 2769 320 2812 πως
345 2744 719 2827 φωσφορέουσα
745 2748 951 2821 Σελήνη
978 2751 1110 2831 τῷδε
1136 2750 1410 2826 συνάπτοι,
1439 2751 1674 2831 [ρείης,

103 2836 377 2917 ἄρχοντας
402 2836 683 2912 μεγάλους,
713 2836 1052 2916 εὐδαίμονας,
1076 2838 1335 2920 ἔμφρονας
1361 2839 1576 2922 ἄνδρας,

100 2922 376 2994 ἐνδόξους,
403 2921 691 3002 στροφίοισι
714 2923 958 3004 καρήατα
980 2925 1358 3003 κοσμηθέντας,

99 3008 326 3089 πλούτῳ
343 3009 649 3087 τιμήεντας,
675 3010 940 3089 ἀγακλέας
962 3012 1322 3093 ἀνθρώποισιν.

21 3203 96 3254 36
187 3184 497 3266 Ἀμφότεροι
521 3183 815 3253 δύνοντες
836 3190 964 3264 ὁμοῦ
988 3186 1233 3269 Κρόνος
1255 3187 1453 3262 ἠδὲκαὶ
1471 3187 1530 3250 'A
1546 3214 1672 3270 ρης,

11 3301 74 3339 230
99 3273 339 3344 Μήνης
360 3271 616 3333 ’Πελίου
645 3296 702 3331 τε
724 3274 1073 3333 καταντίον
1096 3273 1395 3353 ἑστηώτων,

103 3360 314 3444 ρέζουσ’
339 3361 636 3438 ἔμμανέας,
659 3360 835 3428 πάσας
863 3361 1050 3442 φρένας
1078 3361 1404 3432 ἐξολέσαντες
1421 3389 1433 3401 ·

103 3450 314 3510 οἴονται
337 3451 382 3508 δ’
408 3451 571 3530 δράαν
593 3449 785 3508 νεκύων
816 3451 1074 3509 σκιοειδέα
1105 3451 1327 3532 μορφήν,

102 3541 153 3598 οἱ
181 3537 242 3596 δὲ
265 3535 356 3596 καὶ
380 3535 733 3618 εὖφρονέοντες
762 3536 943 3596 ἀεικέα
965 3537 1170 3615 πήματ’
1193 3539 1397 3618 ἔχοντες

99 3627 388 3687 πίπτουσιν
419 3625 675 3685 συνόδοισι
701 3627 993 3699 Σεληναίης
1014 3627 1116 3686 ὑπὸ
1142 3631 1308 3710 ῥιπῆς.
1531 3629 1672 3706 [τη,

11 3738 76 3780 1³⁶
191 3713 259 3784 ἢν
287 3712 342 3771 δὲ
372 3713 623 3793 Κρόνου
661 3713 867 3790 μέσση
892 3737 950 3772 τε
975 3715 1064 3772 καὶ
1085 3705 1356 3795 Ἄρεοςῇ
1389 3713 1672 3796 Ἀφροδί-

100 3801 202 3860 καὶ
231 3799 455 3872 Μήνην
476 3799 738 3860 λεύσσωσι
761 3801 851 3860 καὶ
877 3800 1182 3882 Ἑρμείαν
1207 3802 1629 3884 τετράγωνον,

100 3891 304 3968 δρῶσιν
327 3887 576 3969 φοιὸητᾶς
602 3886 637 3960 ἢ
665 3888 883 3966 μάντιας
899 3937 915 3963 ,
939 3889 1034 3947 αἵθ’
1065 3892 1276 3971 ἱεροῖσιν

99 3977 346 4052 ἑζόμενοι
369 3975 582 4045 ζώουσιν
608 3977 852 4058 ὀνείρατα
878 3979 1198 4054 μυθίζοντες,

103 4067 157 4123 οἳ
188 4063 246 4122 δὲ
273 4064 364 4122 καὶ
387 4067 440 4122 ἐν
459 4069 718 4143 κατοχῇσι
740 4067 867 4123 θεῶν
889 4067 1241 4142 πεπεδημένοι
1264 4065 1367 4125 αἰεὶ

11 4173 76 4215 uo
103 4153 379 4228 δεσμοῖσιν
405 4149 498 4226 μὲν
524 4150 715 4222 ἔδησαν
743 4149 826 4209 ἐὸν
857 4149 1018 4227 δέμας
1041 4151 1395 4231 ἀρρήκτοισιν,

101 4267 131 4293 ἡ
323 4265 352 4293 *
535 4267 563 4292 ‘k
745 4264 772 4291 ἑ
955 4263 982 4290 'fi
1166 4268 1194 4292 ἡ

107 4328 312 4405 εἵματα
337 4326 431 4405 μὲν
466 4325 770 4408 ῥυπόωντα,
801 4325 974 4407 τρίχες
1002 4325 1046 4384 δ’
1069 4329 1278 4407 οὐρῇσιν
1303 4325 1477 4404 ὅμοιαι

104 4415 296 4474 ἵππων
340 4413 658 4494 κηροπαγεῗς
682 4404 832 4472 οὖλαι
859 4415 1120 4494 πληροῦσι
1149 4413 1374 4493 κάρηνον
1391 4437 1404 4450 ·

107 4506 160 4561 οἱ
191 4501 248 4560 δὲ
271 4501 362 4560 καὶ
383 4501 726 4582 ἀμφιτόμοισι
751 4501 1024 4582 σιδηρείοις
1047 4501 1347 4560 πελέκεσσιν

106 4589 265 4649 ἔνθεα
284 4587 604 4655 λυσσώοντες
627 4589 711 4647 ἐὸν
736 4588 898 4666 δέμας
926 4589 1294 4665 αἱμάσσουσιν.

11 4701 76 4742 m
196 4675 577 4758 πλησιφαὴς
607 4678 654 4734 δ’
678 4674 857 4758 Ἄρηι
881 4676 1248 4748 συναντήσασα
1273 4677 1556 4754 Σελήνη,

105 4765 322 4838 Ζηνὸς
364 4765 487 4846 ἄτερ
523 4763 854 4846 Κύπριδός
874 4789 958 4838 τε,
997 4765 1134 4837 κακὴ
1158 4766 1295 4824 κατὰ
1330 4766 1501 4824 πάντα
1524 4764 1672 4824 τέτυ-

111 4854 344 4936 βλάππει
371 4855 463 4931 μὲν
491 4854 659 4934 βίοτον
685 4855 777 4912 καὶ
803 4855 1050 4914 πλούσιον
1077 4854 1239 4934 ἄνδρα
1267 4855 1465 4927 πένητα
1491 4855 1643 4932 [κται
1661 4879 1674 4892 ·

109 4945 328 5026 ῥηιδίως
355 4943 558 5026 ἔρρεξε,
583 4943 910 5018 μινυνθάδιόν
939 4967 994 5001 τε
1019 4943 1281 5022 χρόνοισιν

111 5031 364 5105 ἐξαπίνης
389 5033 650 5092 ἀπόλεσσε
676 5033 765 5112 βίῃ
790 5033 1064 5110 κακοεργέῗ
1099 5033 1318 5110 Μοίρης.

11 5146 85 5188 ιω
197 5115 338 5200 Ἄρε
355 5143 414 5186 ος
439 5117 532 5192 ἠδὲ
563 5119 848 5201 Κρόνοιο
873 5119 1077 5196 μέσην
1106 5118 1337 5196 δείμαινε
1363 5121 1676 5200 Σελήνην,

116 5207 329 5268 οὕνεκεν
357 5205 586 5289 ἀργαλέη
609 5205 824 5267 πέλεται
848 5211 1097 5286 μογερῇσι
1123 5206 1416 5274 τεκούσαις·

1772 556 1997 607 Sacrifica
2014 561 2220 609 Saturno
2241 561 2292 609 et
2308 559 2447 609 Marti
2464 560 2516 609 et
2534 560 2772 610 Mercurio
2790 563 2841 611 et
2857 562 3033 611 Veneri

1773 648 1824 694 et
1844 646 1956 695 Jovi
1980 648 2029 695 et
2056 650 2204 696 Lunoe
2229 648 2280 697 et
2301 648 2401 697 soii
2426 650 2553 712 regi3

1772 732 1822 781 hi
1840 734 1969 783 enim
1988 734 2299 784 dominantur
2315 736 2405 786 diis
2418 774 2432 797 ,
2452 736 2761 787 dominantur
2777 738 2921 787 etiam
2942 738 3215 787 bominibus
3230 773 3245 797 ,

1771 822 1896 870 mari
1914 824 1963 871 et
1980 820 2137 872 fluviis
2160 824 2384 874 omnibus
2401 824 2607 875 turbidis
2624 827 2675 875 et
2691 825 2849 875 ventis
2860 862 2876 886 ‚

1771 911 1823 958 et
1842 913 1986 959 terrae
2014 911 2253 973 frugiferai
2274 916 2324 963 et
2350 913 2448 962 aeri
2469 914 2685 975 perenni.

1769 1085 2111 1136 Pleni-lumine
2128 1090 2357 1137 Saturno
2374 1100 2645 1139 occurrens
2671 1090 2818 1145 huna

1831 1173 1991 1223 feiicae
2012 1174 2167 1224 reddit
2190 1177 2241 1224 et
2265 1176 2593 1237 beatissimam

1768 1262 1840 1310 sin
1858 1262 2135 1325 reliquerit
2155 1266 2445 1314 Saturnum
2464 1263 2644 1313 lumine
2662 1264 2913 1313 abundans
2934 1267 3101 1326 Luna,

1828 1362 1927 1397 non
1944 1350 2149 1413 amplius
2170 1351 2370 1401 eandem
2394 1352 2523 1401 intus
2542 1354 2675 1401 tenet
2694 1352 2821 1413 vinu

1767 1436 1850 1486 scd
1868 1439 2107 1488 maiorum
2126 1439 2343 1489 effectrix
2368 1442 2443 1489 eet
2464 1438 2698 1501 deficiens
2716 1440 2777 1489 ad
2802 1440 2939 1489 iilum
2966 1460 2979 1489 :

1831 1530 1878 1577 st
1896 1528 2029 1573 »lidos
2046 1564 2061 1589 ,
2089 1529 2497 1579 finde-morientes
2516 1530 2601 1579 aut
2623 1528 2865 1579 morbidos
2888 1529 3053 1589 faciet,

1769 1609 1818 1657 et
1840 1608 2137 1658 hebetiorem
2160 1608 2321 1658 effecit
2344 1622 2446 1658 esse
2470 1610 2619 1658 vitam
2644 1609 2695 1658 in
2716 1608 2986 1670 laboribuS,

1829 1878 1978 1927 Mars
2001 1877 2052 1926 et
2068 1878 2281 1939 Jupiter
2302 1874 2618 1926 ear-adverso
2634 1874 2949 1925 sibi-invicem

1766 1966 1911 2015 ambo
1929 1969 2171 2016 centrum
2193 1965 2423 2014 habentes
2441 1964 2811 2015 inconstantiam
2836 1962 2949 2012 vitae

1767 2053 2042 2103 hominibus
2064 2054 2362 2115 immittunt,
2384 2054 2532 2115 atque
2554 2065 2612 2100 ex
2640 2050 2851 2100 amicitia
2868 2051 3111 2113 expellent
3126 2085 3142 2111 ,

1767 2143 1817 2191 et
1835 2154 2087 2205 progressu
2108 2140 2398 2203 privabunt,
2420 2152 2573 2202 quum
2596 2138 2732 2188 Jovia
2752 2138 2849 2187 sint
2871 2138 3055 2187 divitiae

1767 2232 1818 2280 et
1835 2230 2041 2279 honores
2062 2231 2113 2278 et
2130 2227 2365 2277 modestia
2383 2228 2433 2277 et
2450 2224 2567 2277 fides
2585 2226 2713 2275 bona
2726 2262 2741 2287 ,

1767 2332 1829 2369 ex
1851 2320 2007 2368 Marte
2022 2318 2185 2366 autem
2203 2317 2459 2378 paupertas
2474 2314 2602 2363 maia
2624 2312 2879 2376 turbaeque
2898 2313 3160 2377 proeiiaque
3177 2352 3192 2375 ,

1766 2406 2097 2456 accusationes
2118 2416 2303 2467 maguae
2316 2440 2332 2466 ,
2352 2403 2413 2453 de
2430 2415 2629 2465 corpore
2648 2402 2890 2451 interdum
2909 2402 3203 2464 certamina3

1767 2494 1816 2543 hi
1833 2494 2004 2543 divites
2018 2494 2132 2542 sunt
2143 2529 2158 2555 ,
2178 2494 2288 2555 post
2302 2490 2495 2540 divitiae
2510 2491 2673 2539 autem
2693 2490 2832 2550 egent
2845 2506 2861 2551 ς

1764 2583 1837 2633 sin
1849 2581 2477 2632 medium-exlumdeneat
2490 2580 2647 2640 Mara,
2675 2577 2819 2627 finem
2840 2576 3104 2627 terribilem
3130 2578 3325 2631 babmt.

1833 2670 2080 2718 Generum
2102 2670 2270 2716 tenens
2287 2668 2502 2729 Jupiter
2520 2678 2632 2714 cum
2652 2668 2803 2714 Luna
2823 2670 2873 2713 et
2904 2668 3091 2714 Venere
3104 2698 3121 2722 ,

1763 2756 1804 2805 si
1825 2756 2017 2819 quando
2036 2755 2374 2804 iucem-serens
2438 2766 2535 2802 une
2562 2752 2678 2802 huic
2693 2752 3049 2813 congrediatur,

1767 2844 2001 2907 principes
2020 2854 2217 2904 magnos
2228 2878 2243 2901 ,
2264 2841 2425 2891 felices
2436 2876 2453 2901 ,
2481 2840 2719 2902 sapientes
2734 2840 2865 2889 viros
2876 2876 2892 2902 ,

1771 2933 2003 2995 gloriosos
2017 2966 2032 2991 ,
2054 2930 2209 2980 fasciis
2228 2929 2385 2992 capita
2403 2930 2601 2978 ornatoc
2612 2965 2627 2988 ,

1765 3019 1945 3070 divitiis
1964 3020 2249 3074 honoratos,
2275 3016 2707 3067 vaide-celebratos
2724 3015 3011 3067 bominibus·

1741 3193 1749 3200 '
1827 3196 1985 3245 Ambo
2002 3194 2283 3244 occidentes
2316 3193 2459 3242 simui
2479 3195 2744 3242 Saturnus
2772 3193 2921 3255 atque
2938 3194 3087 3242 Mars
3102 3223 3121 3248 ‚

1767 3287 1917 3335 Luna
1934 3285 1983 3332 et
2001 3284 2113 3333 Sole
2140 3280 2450 3332 ‹ex-adverso
2467 3279 2705 3330 stantibus
2716 3316 2732 3342 ,

1768 3373 1949 3421 faciunt
1968 3371 2196 3432 furiosos,
2216 3381 2411 3418 omnem
2435 3370 2646 3418 mentem
2668 3367 3007 3430 deperdentesg

1767 3461 1937 3521 putant
1950 3461 2111 3508 antem
2120 3457 2355 3507 tie-videre
2368 3459 2669 3505 mortuorum
2684 3455 3091 3504 umbris-similem
3102 3455 3323 3518 sormam,

1763 3547 1844 3596 ani
1861 3546 2009 3596 etiam
2028 3543 2545 3608 bona-menteproediti
2578 3536 2743 3606 turpes
2768 3520 3069 3592 cai'amitatoe
3097 3543 3325 3594 habenta

1768 3635 1950 3685 cadunt
1972 3634 2365 3684 in·conventibus
2388 3635 2541 3684 Lunoe
2566 3632 2629 3681 ab
2654 3633 2856 3694 impetu.

1825 3724 1910 3774 Sin
1939 3724 2383 3773 inter-saturnum
2406 3727 2554 3785 atque
2576 3723 2799 3772 Martem
2818 3719 2995 3770 media
3017 3721 3079 3770 cit
3112 3723 3304 3781 Venus,

1765 3814 1816 3862 et
1845 3817 2044 3862 Lunam
2061 3811 2255 3860 videant
2272 3813 2321 3860 et
2341 3811 2659 3859 Mercurium
2685 3807 3015 3871 quadratum
3027 3839 3045 3863 ‚

1765 3903 1947 3951 faciunt
1964 3901 2195 3950 fanaticos
2214 3901 2297 3948 aut
2318 3901 2452 3946 vates
2467 3935 2481 3958 ,
2501 3899 2587 3959 qui
2605 3895 2875 3958 in·tempiia

1763 3989 1982 4039 sedentoe
2001 3989 2176 4037 vivunt
2192 3986 2377 4034 somnia
2401 3985 2706 4044 enarrantes,

1765 4077 1850 4126 alii
1867 4089 1983 4125 vero
2010 4076 2153 4125 etiam
2175 4073 2417 4124 afflatibus
2438 4072 2639 4121 deorum
2661 4071 2810 4120 vincti
2833 4083 3023 4134 semper

1765 4165 1969 4213 vinculis
1989 4163 2183 4226 quidem
2208 4161 2437 4224 colligant
2463 4171 2607 4210 auum
2632 4172 2809 4222 corpus
2830 4159 3081 4221 infractis,

1766 4271 1791 4295 k
2186 4268 2209 4292 t
2605 4267 2630 4290 ἡ

1766 4341 1923 4388 vestes
1940 4336 2136 4399 quidem
2155 4335 2412 4398 squalidae,
2432 4333 2589 4396 capilii
2608 4334 2771 4382 autem
2790 4331 2958 4381 candia
2974 4331 3157 4382 similes

1765 4439 2002 4490 equorum
2050 4424 2423 4486 cera-compacti
2444 4423 2581 4485 spissi
2600 4421 2843 4484 complent
2861 4423 3033 4483 caput3

1765 4515 1844 4564 alii
1868 4527 1981 4564 vero
2000 4514 2145 4563 etiam
2167 4511 2455 4575 ancipitibus
2476 4511 2639 4560 ferreis
2656 4509 2905 4558 securibus

1765 4603 1995 4652 divinitus
2014 4603 2223 4651 furentes
2240 4613 2385 4650 suum
2402 4611 2577 4662 corpus
2598 4599 2873 4648 cruentant.

1830 4691 1999 4742 Plena
2022 4701 2137 4738 vero
2162 4691 2325 4740 Marti
2350 4699 2607 4736 occurrens
2628 4689 2780 4735 Luna
2794 4719 2809 4741 .

1767 4777 1948 4838 absque
1964 4781 2086 4827 Jove
2104 4781 2152 4826 et
2181 4778 2395 4831 Venere,
2419 4773 2545 4824 maia
2564 4773 2761 4823 omnino
2783 4774 2855 4822 est
2876 4787 2891 4823 ι

1766 4865 1935 4926 affligit
1952 4863 2147 4927 quidem
2166 4863 2315 4912 vitam
2335 4865 2382 4912 et
2400 4861 2597 4911 divitem
2619 4861 2863 4911 hominem
2882 4873 3140 4924 pauperem

1769 4953 1905 5002 facile
1930 4950 2160 5012 reddidit,
2184 4953 2234 5000 et
2251 4949 2561 4998 immaturum
2580 4949 2877 5011 temporibus

1770 5041 1967 5101 repente
1985 5037 2223 5088 exstinxit
2243 5037 2291 5086 vi
2312 5036 2528 5086 malefica
2554 5041 2733 5085 Parcae.

1832 5129 2020 5177 Martis
2039 5128 2089 5175 et
2109 5128 2323 5175 Saturni
2340 5124 2565 5174 mediam
2582 5125 2697 5173 time
2717 5127 2948 5183 [amm.

1767 5215 2000 5278 quoniam
2021 5212 2165 5262 noxia
2188 5215 2265 5262 est
2287 5213 2473 5262 miseris
2496 5212 2731 5262 matribus
2754 5231 2766 5261 ε
