3767 5825
1193 400 1273 459 IN
1317 400 1770 462 MANETHON.
1817 402 2116 465 LIBRUM
2163 405 2271 463 ΙΙΙ.

157 540 274 577 nece
294 519 498 579 bellica
521 534 900 589 memoratur;
946 534 1003 579 et
1046 521 1204 597 quod
1231 541 1442 599 pugnae
1470 535 1688 580 mentio

155 606 448 684 interjectis
483 607 808 667 latronibus
833 608 1214 686 dispescitur3
1243 630 1431 686 neque
1458 613 1686 688 ποταμῷ

153 694 361 773 κρυόεντι
385 716 736 775 magnopere
758 697 992 758 arridet.
1017 697 1166 756 Hinc
1194 699 1356 757 locus
1379 700 1574 777 potius
1609 700 1690 758 ita

152 784 564 843 constituendus
581 798 708 843 erat
729 806 744 843 z

255 928 354 983 ἢτοι
383 924 631 989 ναυφθορίῃ
657 925 766 989 γὰρ,
788 927 820 984 ἢ
839 926 886 973 ἐν
909 925 1192 988 πελάγεσσιν
1211 926 1377 985 ἐόντες,

253 997 280 1052 ἢ
297 1000 497 1058 ποταμῷ
521 1000 744 1059 στυγερῷ,
764 1001 884 1057 tufi<
911 997 1044 1061 χάριν
1067 998 1176 1047 αἰνὰ
1191 1003 1433 1061 uorem

255 1065 452 1128 κύμασιν
471 1066 796 1129 ἐρραίσθησαν,
813 1069 844 1127 ἡ
862 1068 910 1117 ἐν
929 1069 1122 1131 πολέμῳ
1143 1071 1350 1132 κρυόεντι

479 1193 512 1226 ν·
713 1194 746 1225 a
947 1192 980 1225 ν·
1177 1190 1210 1223 ν·
1460 1193 1490 1224 a

147 1279 280 1348 Ζωῆς
296 1279 452 1362 χάριν
475 1278 597 1339 αἰνὰ
621 1285 894 1357 μογεῢντες
917 1281 1124 1339 melius
1149 1282 1420 1339 convenit
1441 1282 1534 1353 iis,
1558 1282 1684 1358 qui,

145 1379 203 1424 ut
236 1368 542 1427 imitatoris
567 1369 771 1429 verbis
809 1382 940 1427 utar
966 1368 1066 1441 IV,
1114 1370 1228 1445 399
1263 1389 1416 1447 sqq„
1461 1369 1686 1427 πολλάκι

144 1457 490 1535 ναυφθορίῃσιν
519 1457 786 1533 Χείματος
827 1458 1107 1537 ὀρνυμένου
1151 1459 1324 1536 βίοτον
1356 1459 1593 1540 λείψουσι
1619 1457 1682 1515 δι’

145 1540 324 1619 ἅλμης,
356 1545 656 1625 Νηχόμενοι
703 1545 927 1624 Μοίραις
960 1546 1106 1625 βαιὸν
1138 1546 1323 1626 χρόνον
1350 1549 1403 1605 ἐν
1429 1547 1687 1624 πελάγεσ-

143 1652 231 1701 σιν,
253 1652 424 1708 quam
452 1632 528 1691 iis
556 1633 659 1711 qui
691 1634 918 1692 fortiter
946 1647 1268 1713 pugnantes
1305 1632 1678 1694 occumbunt.

141 1716 200 1775 Et
227 1740 394 1796 quam
423 1722 642 1779 multus
668 1735 754 1780 est
785 1722 1038 1792 Quintus
1061 1724 1126 1779 in
1145 1720 1530 1781 describendo
1548 1743 1683 1801 ope-

141 1826 264 1865 roso
311 1812 502 1882 Ajacis
553 1812 799 1869 minoris
847 1810 1046 1869 obitu!
1097 1811 1373 1870 Interitus
1405 1826 1591 1870 autem
1622 1811 1684 1870 in

141 1894 298 1955 bellis
317 1918 438 1956 non
469 1898 673 1957 dubito
698 1902 842 1977 quin
883 1898 1156 1977 pluribus
1189 1899 1362 1958 fuerit
1389 1902 1686 1978 expositus

137 1982 192 2039 in
215 1996 370 2042 tanta
393 1988 571 2045 totius
597 1986 712 2045 loci
737 1988 1096 2063 garrulitate.

209 2074 338 2130 261.
371 2072 406 2143 ἢ
431 2072 505 2131 ὅτ’
531 2074 701 2146 edd.‚
735 2074 770 2145 ἢ
808 2074 922 2132 πότ’
975 2095 1104 2149 nos,
1134 2078 1199 2149 ἠέ
1233 2076 1278 2134 τ’
1316 2076 1472 2155 conj.
1507 2078 1576 2135 Α.
1604 2111 1685 2123 -

133 2161 408 2239 ἠπείροισιν
453 2163 615 2236 edd.‚
658 2162 909 2242 ἠερίοισιν
945 2185 1084 2238 nos,
1133 2186 1482 2244 quamquam
1511 2168 1683 2226 etiam

133 2248 238 2305 alia
263 2249 448 2309 scribi
466 2266 783 2330 potuerunt
807 2266 873 2311 ut
897 2252 1245 2323 ἠλιὸάτοισιν.

204 2341 338 2405 264.
369 2338 463 2411 ἠδὲ
497 2338 587 2397 καὶ
613 2340 808 2420 ἡμερίη
851 2340 980 2413 GH,
1012 2341 1106 2413 ἠδὲ
1147 2342 1238 2401 καὶ
1287 2343 1480 2423 ἡμερίῂ
1521 2344 1612 2405 ed.
1651 2366 1684 2405 e

133 2426 277 2502 conj.
305 2430 360 2484 D
392 2430 510 2505 649
539 2449 554 2486 2
579 2436 748 2486 etiam
786 2432 914 2487 hoec
942 2437 1002 2487 in
1027 2434 1123 2487 die
1147 2434 1332 2507 fiunt,
1372 2434 1528 2509 quod
1565 2455 1683 2493 non

129 2514 311 2573 minus
331 2515 535 2573 falsum
561 2536 732 2593 quam
759 2517 915 2594 quod
936 2517 1002 2575 in
1021 2538 1203 2594 marg.
1224 2519 1274 2575 Η
1288 2520 1640 2599 adscriptum
1664 2542 1678 2579 ε

127 2604 321 2659 diurna
339 2612 620 2675 natiuitas,
655 2606 766 2664 hoc
791 2606 946 2663 enim
975 2609 1177 2684 ἠματίῃ
1197 2607 1504 2665 dicendum
1536 2622 1678 2681 erat,

128 2690 305 2763 utu,
352 2693 489 2762 425.
535 2693 648 2751 Sed
687 2692 786 2751 hic
831 2696 1072 2753 omnino
1098 2695 1171 2753 de
1202 2694 1312 2753 hoc
1339 2697 1680 2757 discrimine

127 2795 234 2833 non
247 2780 461 2854 agitur.
483 2779 867 2840 Scribendum
882 2782 991 2839 fuit
1006 2780 1074 2847 ὣς
1087 2781 1141 2839 δὲ
1163 2781 1252 2839 καὶ
1273 2783 1505 2860 ἡμερίοις
1527 2806 1540 2841 :
1558 2786 1677 2843 vid.

125 2864 190 2922 de
217 2867 319 2926 illo
347 2867 459 2941 111,
487 2870 624 2932 226.
649 2869 750 2943 vl,
781 2872 920 2943 480,
952 2870 1089 2943 556,
1119 2871 1256 2944 572,
1284 2871 1356 2930 de
1376 2872 1486 2931 hoc
1510 2873 1590 2946 11,
1621 2896 1676 2948 7,

121 2953 238 3026 etl,
271 2959 405 3030 167.
651 2989 660 2996 -

197 3047 410 3120 269-27
425 3067 474 3118 1,
499 3047 580 3104 ita
601 3048 665 3105 in
687 3046 741 3105 G
763 3046 1068 3123 leguntur:

235 3188 292 3245 ἢν
313 3187 356 3237 δ’
373 3187 546 3247 ἀγαθὸς
565 3188 774 3252 κέντροιο
791 3193 958 3252 κρατῇ,
979 3188 1112 3245 ὀλοὸς
1129 3188 1171 3237 δ’
1195 3189 1492 3252 ἀπόκεντρος,

235 3259 496 3320 πρηῡτέρας
522 3259 571 3306 δὲ
593 3261 810 3320 τρίγωνοι
833 3260 904 3307 ἀεὶ
926 3261 1159 3308 τελέουσιν
1187 3261 1318 3317 ἀνίας

232 3332 446 3392 σχήματι
463 3331 718 3393 συμφώνῳ,
742 3330 967 3394 καμάτων
989 3329 1032 3380 τ’
1051 3331 1287 3382 ἀπέλυσαν
1309 3331 1392 3382 ἀπ’
1414 3336 1571 3382 αἰνῶν.

115 3450 223 3508 Sed
251 3454 325 3510 ad
359 3474 421 3513 v.
451 3474 564 3526 270
605 3479 630 3506 α
662 3455 726 3512 in
743 3473 848 3512 ora
873 3454 992 3512 MS.
1017 3468 1250 3514 notatur
1269 3455 1424 3515 hunc
1453 3471 1678 3535 postpo-

112 3540 366 3599 nendum
388 3543 654 3618 sequenti
681 3543 899 3601 versui.
931 3569 958 3596 n
992 3542 1219 3601 GRON.
1250 3543 1324 3606 Et
1348 3545 1410 3602 in
1437 3545 1486 3600 H
1513 3560 1674 3623 post—

111 3629 334 3702 positus
359 3641 448 3687 est
465 3631 664 3690 versui
691 3652 800 3702 271
829 3644 887 3689 et
909 3632 972 3689 in
1003 3650 1182 3707 marg.
1214 3632 1337 3690 haec
1365 3647 1636 3692 annotata
1660 3658 1672 3692 :

115 3740 138 3764 «ι
172 3716 244 3774 Hi
265 3717 390 3775 duo
414 3737 618 3778 versus
648 3720 988 3797 transpositi
1009 3721 1070 3777 in
1087 3721 1438 3798 apographa
1471 3747 1494 3774 u
1533 3723 1678 3782 Hinc

112 3804 344 3862 mireris
360 3848 378 3876 ,
402 3805 654 3864 editores
681 3829 739 3882 γε
762 3820 892 3865 ante
913 3807 1152 3886 τρίγωνοι
1166 3829 1276 3886 pro
1296 3807 1350 3865 δὲ
1381 3810 1678 3870 intrudere

107 3911 278 3967 quam
311 3892 538 3952 codicis
559 3908 751 3953 notam
777 3895 840 3953 in
870 3915 934 3954 re
969 3909 1166 3974 aperta
1188 3897 1349 3973 sequi
1384 3898 1672 3958 maluisse.

107 3979 398 4040 Praeterea
419 3982 464 4038 τ’
489 3983 888 4061 importunum
919 3996 1052 4062 post
1075 3984 1329 4060 καμάτων
1353 3985 1672 4045 tollendum

101 4083 244 4131 erat.

183 4179 324 4231 272.
353 4157 752 4238 ὕποδερκόμενοι
774 4159 931 4232 edd.‚
969 4158 1365 4240 ἐπιδερκόμενος
1393 4179 1532 4237 nos,
1559 4161 1670 4221 du-

101 4246 245 4322 plici
277 4247 498 4306 mendo
525 4248 803 4326 expulso:
835 4247 962 4307 vid.
999 4245 1114 4323 vl,
1143 4249 1244 4320 66,
1283 4249 1425 4321 103,
1465 4250 1594 4323 137,
1619 4262 1676 4308 et

99 4333 197 4407 lv,
225 4337 370 4408 373.

179 4425 323 4496 276.
356 4424 549 4502 ψυγμῷ
569 4422 732 4496 edd.‚
759 4425 960 4504 ψυχμῷ
983 4443 1090 4483 nos
1107 4443 1182 4483 ex
1202 4421 1283 4495 ll,
1315 4425 1451 4494 443.

179 4528 328 4583 277.
361 4507 398 4579 ἢ
423 4511 575 4582 edd.‚
593 4511 677 4581 ἠδ’
702 4529 830 4571 ῐιοε.

177 4601 294 4656 281
309 4643 322 4656 .
346 4590 502 4670 ἧττον
521 4599 681 4671 edd.‚
707 4597 878 4668 ἥττον’
907 4599 980 4672 Η,
1003 4597 1186 4671 ἥσσον’
1207 4617 1336 4660 nos·

174 4689 322 4746 283.
357 4687 432 4744 ἐνὶ
449 4687 606 4758 edd.‚
634 4687 687 4743 ἐν
703 4705 837 4746 nos,
1329 4709 1340 4718 ·

175 4776 326 4836 312.
361 4775 462 4852 γὰρ
507 4774 666 4846 edd.‚
713 4774 888 4847 fals03
919 4795 1110 4852 neque
1145 4775 1302 4832 enim
1332 4795 1534 4846 causa,
1571 4776 1670 4832 sed

89 4865 299 4940 potius
333 4883 694 4940 consequens
727 4864 1116 4922 antecedentis
1139 4862 1386 4921 membri
1417 4863 1673 4922 adnecti-

87 4965 207 5009 tur.
233 4955 396 5011 }linc
423 4953 631 5031 scripsi
651 4953 697 5008 δ’
729 4951 857 5030 ἄρα.
879 4987 958 4996 -
974 4943 1130 5010 αὗται
1153 4950 1288 5013 edd.
1306 4994 1324 5024 ,
1348 4950 1501 5008 αὐταὶ
1531 4971 1666 5026 nos;

87 5042 206 5100 nisi
239 5039 397 5098 forte
417 5041 607 5115 ἄνδρας
635 5039 892 5117 scripsit.

3131 414 3345 469 uim

1793 588 1804 597 ¹
1860 525 1995 592 334.
2030 524 2115 583 καὶ
2132 525 2178 583 τ’
2200 524 2272 597 G,
2297 522 2386 583 καί
2410 526 2457 581 τ’
2480 524 2595 596 ed.,
2628 520 2716 581 καὶ
2742 524 2788 581 δ’
2802 543 2933 583 nos.

1861 612 1993 671 338.
2034 611 2173 683 κακὴ
2210 612 2361 671 πόλιν
2400 610 2623 691 ἔδραμεν
2659 608 2780 681 αἰνὴ
2814 610 2945 683 GH,
2986 608 3124 669 κατὰ
3161 610 3346 671 πτόλιν

1779 698 2003 779 ἔδραμεν
2026 700 2145 770 αἰνή
2172 701 2288 778 ed.,
2308 698 2447 771 κακὴ
2487 699 2859 781 περιδέδρομεν
2886 697 2989 757 αἰεί
3016 718 3125 759 noa
3150 718 3228 761 ex
3253 699 3345 774 ll,

1781 791 1898 864 298
1926 790 2075 867 φήμη
2108 788 2163 847 δὲ
2194 788 2334 859 κακὴ
2363 786 2730 869 περιδέδρομεν
2774 786 2981 854 αὐτούς.
3018 787 3208 847 Etiam
3233 789 3349 848 alia

1782 878 1987 935 tentari
2007 891 2299 956 poterant,
2323 877 2505 937 veluti
2525 875 2866 957 περιδέδρομε
2882 875 3059 955 πάντῃ
3074 878 3169 936 vel
3192 875 3345 936 πόλιν

1779 962 2002 1045 ἔδραμεν
2037 969 2227 1042 αὐτῶν,
2255 985 2606 1046 quamquam
2635 964 2786 1025 πόλιν
2824 986 2944 1025 non
2977 976 3122 1044 puto
3140 984 3345 1026 sanum

1779 1071 1925 1115 esse·

1861 1144 1977 1220 339
2003 1164 2089 1222 sq.
2128 1142 2163 1215 ἢ
2201 1143 2340 1202 κατὰ
2381 1142 2597 1225 χώρης,
2631 1140 2726 1214 τὴν
2764 1140 2810 1201 δ’
2839 1142 3004 1213 αὐτὴν
3032 1140 3109 1215 G,
3150 1132 3347 1223 ᾖκατὰ

1745 1282 1752 1291 .
1777 1230 1971 1311 χώρης,
1986 1231 2079 1303 τὴν
2098 1233 2141 1291 δ’
2158 1232 2317 1301 αὐτὴν
2338 1232 2453 1303 ed.,
2475 1232 2763 1311 disjectis,
2790 1252 2921 1310 quae
2941 1230 3349 1309 conjungenda

1777 1334 1961 1379 erant.
1993 1320 2145 1380 Hinc
2168 1321 2380 1400 scripsi
2400 1318 2436 1392 ἢ
2456 1320 2591 1378 κατὰ
2616 1318 2797 1400 χώρην
2814 1318 2908 1391 τὴν
2936 1319 3099 1390 αὗτήν
3126 1339 3141 1378 :
3166 1319 3239 1377 cf.
3268 1318 3347 1401 ll,

1781 1410 1889 1475 431
1920 1412 2039 1467 κατ’
2077 1408 2331 1488 ἀταρπόν,
2364 1410 2475 1485 394
2522 1428 2609 1487 sq.
2639 1408 2777 1467 κατὰ
2816 1404 3027 1480 κύκλον,
3057 1420 3115 1466 et
3132 1408 3350 1468 similia

1778 1497 1909 1555 alia.
1941 1532 2009 1542 -—
2041 1498 2220 1557 lnitio
2247 1496 2426 1579 Ἑρμῇ
2472 1491 2557 1557 ex'
2571 1496 2681 1555 GH
2725 1496 3030 1570 revocavi,
3078 1515 3192 1575 pro
3225 1514 3349 1577 quo

1777 1582 1981 1664 Ἑρμῆς
2002 1586 2094 1645 ed.
2113 1631 2127 1657 ,
2150 1588 2278 1645 sine
2303 1606 2495 1645 causa.

1859 1674 1995 1731 351.
2031 1674 2267 1751 μολπαῖς
2282 1676 2329 1730 τ’
2358 1673 2436 1746 G,
2464 1674 2727 1751 μολπῇσιν
2747 1672 2869 1743 ed.,
2905 1670 3142 1751 μολπῇσί
3165 1670 3213 1729 τ’
3234 1690 3347 1733 nos

1776 1779 1851 1819 ex
1865 1762 2092 1821 emend.
2112 1762 2163 1819 D
2187 1762 2217 1819 3
2230 1784 2253 1819 1
2268 1770 2325 1833 4,
2340 1762 2442 1841 qui
2462 1774 2657 1819 tamen
2679 1760 2991 1837 μολπαῖσίτ’
3006 1760 3343 1841 scripserat.

1775 1851 1971 1920 Quare
1998 1864 2056 1908 et
2078 1850 2269 1928 qualis
2299 1851 2509 1909 lacuna
2537 1862 2669 1927 post
2686 1849 2845 1908 hunc
2862 1868 3095 1908 versum
3120 1850 3221 1921 sit,
3249 1866 3347 1910 tu·

1775 1958 1882 2017 pra
1917 1939 2159 2001 dictum.
2190 1938 2420 1997 Poteris
2462 1939 2660 1996 animo
2686 1936 2786 1997 hic
2806 1950 3071 2017 repetere
3092 1957 3154 1998 v.
3184 1938 3301 2007 334
3326 1956 3345 1996 ε

1901 2087 2057 2136 εἷκελα
2091 2090 2169 2137 καὶ
2188 2088 2229 2137 δ’
2248 2088 2407 2145 ἄλλαις
2430 2086 2779 2151 ἑπιμαρτυρίαις
2796 2086 3051 2135 τελέουσιν.

1857 2211 1971 2268 356
1982 2255 1993 2268 .
2010 2208 2501 2290 παλαισμοσῦνῃσιν
2519 2210 2651 2269 edd.
2662 2254 2680 2283 ,
2694 2207 3161 2291 παλαισμοσῦνῃσί
3170 2206 3220 2270 τ’
3231 2226 3345 2275 no}

1773 2318 1806 2356 e
1833 2298 1988 2375 conj.
2008 2298 2130 2359 AR.

1855 2387 1988 2461 357.
2033 2386 2367 2468 πυγμαχίῃσι
2410 2385 2750 2464 μεγασθενέες
2784 2386 2947 2458 edd.‚
2994 2385 3338 2467 πυγμαχίῃσί

1771 2474 1816 2532 τ’
1843 2476 2147 2552 ἀγασθενέες
2168 2497 2276 2536 nos
2292 2522 2309 2542 ,
2324 2478 2483 2555 quod
2500 2476 2865 2556 proetulimus
2880 2476 3071 2549 alteri,
3096 2474 3163 2535 in
3180 2474 3343 2557 quod

1773 2563 1908 2639 quis
1934 2562 2175 2637 incidat,
2202 2563 2483 2645 πυγμαχίῃ
2498 2588 2555 2623 τε
2580 2561 2937 2642 μεγασθενέος.

1855 2652 1991 2708 360.
2024 2651 2337 2710 Post-hunc
2358 2671 2593 2711 versum
2629 2654 2894 2711 lacunam
2920 2670 3077 2725 esse,
3108 2650 3233 2729 jam
3249 2671 3344 2714 tu·

1772 2758 1878 2816 pra
1895 2740 2042 2799 dixi.
2060 2740 2203 2798 Nam
2226 2752 2285 2799 et
2306 2743 2493 2819 effluet
2522 2740 2677 2798 deest
2695 2759 2814 2817 quo
2839 2738 3077 2804 συνόντες
3100 2751 3259 2813 sunt,
3279 2748 3340 2800 et

1771 2827 1915 2903 quid
1936 2828 2126 2887 tribus
2145 2828 2239 2887 his
2262 2827 2467 2903 figuris
2498 2827 2868 2906 portendant,
2896 2845 3139 2905 prorsus
3160 2827 3338 2888 omit·

1772 2935 1932 2989 sum,
1957 2917 2031 2976 ad
2066 2917 2225 2995 quod
2248 2917 2533 2977 referatur
2556 2937 2617 2978 v.
2651 2918 2761 2976 361
2790 2915 2947 2996 ἔξοχα
2971 2915 3019 2974 δ’
3045 2905 3172 2975 αῧτε
3194 2915 3296 2997 τρί
3318 2951 3343 2963 -

1771 3027 1983 3082 γωνομ

1854 3095 1989 3152 363.
2032 3095 2077 3152 εἰ
2105 3093 2158 3152 δὲ
2191 3096 2352 3158 κενῶς
2374 3092 2459 3167 G,
2492 3094 2537 3151 εἰ
2578 3092 2625 3152 δ’
2652 3114 2765 3151 εκεν
2788 3091 2860 3158 ὦς
2886 3090 2945 3164 J,
2977 3093 3025 3151 εἰ
3053 3091 3113 3152 δέ
3142 3114 3235 3154 κεν
3264 3095 3337 3161 ὣς

1775 3181 1824 3240 H
1847 3183 1941 3242 ed.
1950 3229 1967 3258 ‚
1988 3183 2187 3262 paullo
2209 3183 2433 3242 melius.
2460 3181 2573 3242 Sed
2596 3195 2757 3262 patet
2770 3181 3146 3242 scribendum
3162 3179 3345 3245 fnisse

1770 3274 1815 3328 εἷ
1837 3270 1996 3330 δὲκαὶ
2024 3264 2115 3338 οἷς.
2131 3271 2445 3352 -φανείειν
2461 3270 2538 3343 G,
2552 3269 2756 3352 φανείεν
2777 3269 2856 3344 Μ,
2881 3278 3089 3353 φανεῖεν
3102 3268 3192 3332 HJ
3214 3271 3335 3349 ed.,

1771 3359 1954 3440 φανείη
1979 3379 2116 3420 nos:
2145 3361 2268 3418 vid.
2304 3360 2439 3418 383.

1852 3449 1986 3516 364.
2006 3446 2250 3530 φέρτερόν
2288 3448 2441 3520 edd.‚
2471 3445 2723 3529 φέρτατόν
2748 3465 2875 3506 nos.

1851 3539 1991 3610 374.
2034 3535 2290 3605 ἐξανύοντ’
2337 3537 2499 3612 edd.‚
2532 3533 2834 3604 ἐξανύονται
2856 3553 2987 3596 nos.
3015 3567 3097 3580 —
3123 3533 3339 3614 μενοινῦ

1767 3626 1898 3698 GH,
1930 3625 2137 3702 μενοινή
2159 3627 2283 3700 ed.,
2308 3624 2556 3702 μενοίνων
2580 3644 2715 3702 nos»,
2732 3625 2895 3683 etita
2912 3623 3335 3687 etiamlfflm-

1767 3721 1891 3771 nius
1911 3715 2177 3793 conjecit.

1851 3803 1987 3876 377.
2007 3804 2164 3862 δειλοὶ
2191 3817 2249 3861 et
2262 3803 2668 3873 ὑποπεπτηῶτες
2686 3802 2779 3859 ed.
2808 3814 3051 3880 propter
3077 3819 3331 3880 nequen-

1768 3893 1866 3950 tia.
1900 3892 2014 3950 Sed
2044 3912 2119 3951 ne
2145 3894 2231 3950 sic
2254 3891 2490 3970 quidem
2514 3891 2639 3948 haec
2658 3888 2810 3949 bene
2833 3889 3145 3948 cohaerent.
3170 3887 3337 3950 PM

1767 3999 2001 4037 versum
2018 3980 2322 4052 excidisse,
2344 3990 2403 4036 et
2415 3978 2771 4036 accusativos
2784 3975 3176 4036 restituendos
3190 3995 3332 4040 mee.

1850 4068 1984 4141 378.
2011 4067 2087 4126 ἐνὶ
2104 4067 2237 4125 edd.
2246 4112 2265 4141 ,
2280 4065 2355 4124 ἔνι
2374 4086 2481 4125 nos
2499 4085 2532 4124 e
2551 4085 2706 4124 corr.
2726 4065 2827 4123 AR
2845 4067 2909 4124 in
2928 4065 3098 4143 praef.
3114 4082 3333 4144 pam.

1846 4155 1982 4216 383.
2014 4155 2089 4213 ἐνὶ
2112 4157 2273 4228 edd.‚
2305 4155 2392 4212 ἐπὶ
2420 4175 2541 4212 nos.
2569 4153 2911 4231 scripsisset
2927 4153 3083 4212 enim
3114 4153 3189 4213 ὃν.

1848 4233 1987 4314 384.
2020 4242 2104 4315 ἠδ’
2126 4243 2203 4316 G,
2224 4242 2310 4316 ἥδ’
2336 4243 2389 4301 Η
2407 4242 2528 4314 ed.,
2558 4245 2593 4313 ἡ
2618 4239 2671 4300 δ’
2688 4262 2811 4300 nos.

1847 4334 1982 4390 386.
2024 4330 2218 4390 ὁππότε
2259 4329 2392 4408 GH,
2436 4328 2623 4388 ὁππότ’
2666 4327 2728 4387 ἂν
2757 4330 2853 4391 ed.
2880 4349 2915 4389 e
2941 4349 3097 4392 corr.
3124 4327 3328 4392 Herm.

1763 4419 1946 4498 Orph.
1979 4420 2121 4493 750,
2144 4419 2341 4477 ὁππότε
2374 4419 2418 4476 δ’
2445 4438 2570 4478 nos-

1846 4510 1985 4585 39²·
2012 4507 2307 4588 Θηλυτέροις
2326 4507 2373 4565 δ’
2387 4504 2532 4565 ὅποτ’
2556 4506 2633 4584 G,
2655 4507 2756 4566 sed
2780 4507 2887 4566 δοτ’
2914 4509 2973 4566 Μ
2998 4519 3055 4566 et
3078 4503 3123 4565 δ’
3143 4503 3223 4566 &⁹
3249 4504 3327 4581 Η,

1764 4599 1810 4654 δ’
1851 4597 1928 4656 ὅτ’
1985 4596 2041 4655 J.
2086 4598 2237 4656 Hinc
2280 4595 2604 4675 θηλυτέροισι
2636 4597 2681 4654 δ’
2727 4594 2832 4674 ὅτ’,
2884 4616 3005 4655 non
3031 4593 3333 4676 Θηλιηίροις

1765 4687 1811 4744 δ’
1841 4685 1988 4744 ὁπότ’
2008 4685 2387 4745 scribendum
2413 4698 2555 4744 erat.

1846 4784 1983 4842 400.
2033 4773 2218 4844 δήσατ’
2249 4774 2381 4833 edd.
2392 4817 2409 4846 ,
2440 4775 2670 4852 inepte3
2710 4777 3015 4831 adstrinxit
3048 4773 3224 4832 vertit
3249 4769 3323 4832 G.

1757 4863 1984 4941 Scripsi
2015 4861 2233 4940 μήσατ’.

1843 4961 1983 5022 410.
2015 4949 2160 5016 ἐκτὸς
2188 4949 2415 5011 Φαέθων
2450 4950 2735 5029 ἀποκλινθῇ
2773 4949 2933 5021 edd.‚
2958 4947 3134 5016 δεκτὸς
3152 4949 3326 5029 φαέων

1763 5041 1816 5100 ἀ.
1846 5041 1921 5113 Η,
1943 5040 2081 5098 etin
2100 5059 2281 5115 marg.
2311 5064 2337 5092 α
2351 5040 2393 5098 i.
2414 5059 2469 5099 e.
2486 5042 2589 5098 τῶν
2612 5037 2783 5118 φαέων
2807 5037 2869 5096 τὸ
2884 5041 2980 5108 τῆς
2994 5034 3261 5118 αἱρέσεως.
3294 5063 3317 5088 2»

171 5131 325 5189 328.
367 5126 588 5208 πρήξεσι
627 5127 672 5185 δ’
705 5127 866 5202 edd.‚
897 5127 1144 5208 πρήξεσιν
1187 5147 1295 5186 nos
1331 5147 1406 5186 ex
1444 5128 1667 5190 emend.
1757 5128 2057 5204 vulgatam
2098 5128 2295 5188 falsam
2330 5148 2458 5187 esse
2487 5128 2657 5218 facile
2682 5128 2961 5206 patuisset
3007 5125 3121 5186 loci
3152 5143 3323 5202 argu-

85 5219 190 5278 AR
223 5221 297 5278 in
321 5218 485 5296 praef.
513 5239 570 5296 p.
589 5238 732 5276 nn.

305 5325 511 5367 Aturus-

1762 5230 2019 5276 mentum
2044 5217 2370 5277 accuratius
2396 5217 2747 5275 examinanti
2774 5237 2789 5274 ε
2815 5214 3128 5276 dicendum
3163 5211 3325 5274 mi-

3002 5333 3053 5372 οι
