3767 5825
1138 367 1220 428 lN
1263 367 1724 429 MANETfloN.
1771 366 2070 428 LIBRUM
2112 369 2214 428 IV.

3092 387 3269 431 xnvu

45 509 162 566 etsi
197 503 558 574 dubitanter,
588 501 756 560 uncis
791 520 826 558 a
852 500 1059 558 ceteris
1081 499 1312 560 seclusi.
1353 533 1430 544 —-
1460 499 1626 560 Cete-
1717 518 1847 557 rum
1878 498 2300 577 spectatoribus
2324 499 2640 560 convenire
2680 500 2877 578 quivis
2912 500 3092 560 videt.
3126 503 3277 563 Hinc

45 615 188 652 rum
217 614 340 652 uno
372 593 438 651 in
471 592 603 650 loco
629 587 830 664 aban
867 588 1117 647 recessi:
1153 589 1291 661 507.
1328 587 1629 668 ἀλλοτρίως

46 682 332 754 θαλάμους
372 679 478 739 GH
501 721 518 750 ,
559 676 845 757 ἀλλοτρίοις
879 677 1134 753 θαλάμοις
1153 676 1252 734 AR
1272 719 1289 748 ,
1331 677 1491 754 quod
1522 696 1624 734 an·

47 769 458 828 tecedentibus
481 767 815 836 adnectunt,
845 763 1118 845 ἀλλοτρίου
1141 762 1378 839 θαλάμου
1397 783 1522 835 nos,
1553 782 1628 821 ex

43 857 289 916 emend.
315 859 388 915 D.
419 856 554 913 555.

133 937 214 998 P.
241 936 492 1012 508-559
517 933 816 994 continent
836 931 908 991 de
933 933 1082 988 Solis
1106 943 1166 989 et
1193 935 1372 990 Luna·
1396 931 1619 990 effecti·

41 1024 174 1084 bus
189 1025 476 1103 quaedam,
494 1042 645 1101 quaa,
663 1022 714 1080 si
727 1020 800 1079 ad
819 1019 1083 1096 signiferi
1102 1021 1429 1099 exemplum
1453 1020 1626 1077 etiam

45 1115 333 1172 ordinem
382 1111 728 1189 dispositum
771 1127 895 1167 esse
936 1121 1207 1187 putamus
1222 1151 1239 1178 ,
1293 1108 1359 1165 in
1399 1107 1628 1183 integro

43 1202 324 1260 carmine
345 1200 526 1258 multo
561 1197 726 1276 prius
754 1194 1114 1272 legebantur.
1152 1195 1442 1253 Habemus
1469 1195 1625 1252 enim

45 1291 324 1368 primum
354 1291 372 1365 (
396 1285 674 1356 508-514,
701 1284 995 1355 515-518,
1024 1283 1313 1358 519-526,
1341 1281 1624 1359 527-536)

47 1391 323 1452 quattuor
343 1377 559 1451 figuras
579 1371 1050 1431 celebratissimae
1077 1371 1240 1428 illius
1261 1370 1542 1428 doctrinae
1559 1369 1630 1427 de

47 1465 201 1524 Sole
227 1478 286 1523 et
307 1463 472 1523 Luna
495 1462 560 1521 in
581 1460 854 1520 masculis
877 1463 1004 1518 sive
1031 1459 1298 1519 femineis
1319 1458 1503 1534 signis
1529 1478 1629 1536 ap-

46 1553 420 1632 parentibus,
444 1571 616 1630 quam
663 1561 961 1609 tractatam
1000 1548 1261 1607 vidimus
1287 1559 1345 1605 et
1371 1545 1445 1604 ab
1469 1547 1631 1605 anti-

47 1643 275 1720 quiore
318 1640 440 1711 111,
483 1639 791 1715 365-396‚
823 1651 880 1696 et
926 1635 1001 1694 ab
1043 1636 1177 1694 aliis
1214 1639 1278 1710 1,
1307 1635 1528 1706 26·33;
1555 1633 1626 1707 V,

51 1731 346 1806 209-216.
376 1725 664 1786 Habemus
685 1727 894 1784 deinde
920 1725 1036 1783 duo
1052 1721 1307 1804 σχήματα
1339 1723 1626 1795 537-544,

51 1817 333 1888 545-551
357 1861 375 1890 ,
400 1837 528 1894 quae
549 1816 624 1874 ad
649 1816 876 1872 duorum
898 1817 1170 1870 lume‘num
1192 1815 1628 1884 conjuncte’onem

51 1918 327 1984 spectant
365 1919 423 1964 et
462 1902 850 1983 comparanda
888 1921 1020 1960 cum
1057 1901 1134 1958 iis
1173 1899 1468 1974 videntur,
1503 1919 1632 1976 quae

51 1995 156 2067 11,
209 1997 318 2065 481
361 2013 492 2072 sqq.
539 1993 832 2068 leguntur.
877 1989 947 2048 Et
1005 1987 1496 2067 quemadmodum
1540 1989 1626 2048 ibi

53 2085 186 2160 496
219 2103 350 2161 sqq.
381 2081 581 2139 Martis
605 2079 969 2158 perniciosus
997 2096 1129 2136 cum
1166 2075 1333 2134 Luna
1355 2095 1631 2151 congres-

53 2192 170 2230 sus
196 2182 568 2241 memoratur,
600 2168 682 2226 ita
707 2167 861 2246 apud
896 2169 1168 2224 Nostrum
1196 2163 1450 2240 552-559
1475 2163 1630 2223 idem

53 2264 257 2338 σχῆμα
283 2258 536 2318 additur.
567 2256 832 2316 Ceterum
861 2254 933 2313 ad
964 2253 1300 2313 exornanda
1321 2273 1426 2312 sua
1457 2253 1628 2311 etiam

57 2349 204 2407 aliis
236 2347 382 2406 locis
417 2365 586 2405 usum
611 2363 737 2402 esse
765 2342 950 2402 verbo
975 2341 1270 2400 monuisse
1297 2341 1542 2412 sufficit,
1569 2353 1633 2400 ut

59 2436 264 2493 εἴδωλα
296 2435 432 2508 547,
485 2433 599 2490 558
633 2431 812 2490 obvia
846 2450 921 2489 ex
942 2429 1044 2500 Vl,
1078 2430 1217 2502 570,
1260 2430 1371 2486 603
1403 2429 1626 2506 petivit.

147 2524 262 2582 Sed
284 2523 404 2600 jam
431 2522 504 2580 ad
529 2521 759 2596 singula
785 2519 1050 2598 quaedam
1075 2516 1285 2576 accedo
1314 2537 1328 2573 z
1359 2515 1494 2582 514.
1537 2515 1631 2587 ἠδὲ

59 2613 234 2692 βίαιοι
269 2610 428 2681 edd.,
453 2607 546 2681 ἡδὶ
569 2607 770 2688 βίίαιοι
789 2605 943 2683 conj.
969 2608 1022 2664 D
1042 2606 1155 2663 315
1179 2616 1238 2663 et
1263 2607 1404 2682 649,
1429 2603 1523 2674 ἠδὲ
1556 2603 1631 2662 δί-

57 2722 212 2760 καιοι
225 2700 298 2771 Α,
313 2697 484 2769 bene,
506 2697 607 2757 sed
622 2697 878 2755 nondum
897 2697 1033 2754 satis
1050 2717 1069 2768 ;
1091 2693 1341 2752 offendit
1357 2693 1514 2751 enim
1533 2714 1630 2752 co·

59 2789 232 2867 pula,
253 2808 364 2866 pro
377 2807 494 2866 qua
511 2784 788 2844 ἰθυδίκαιοι
810 2783 1139 2854 emendavi,
1159 2780 1338 2840 verbo
1363 2780 1537 2860 plane
1557 2781 1628 2839 ad

61 2877 274 2937 Nostri
315 2873 794 2936 consuetudinem
838 2892 913 2932 ex
939 2873 1045 2931 illo
1087 2869 1374 2931 Hesiodeo
1412 2868 1633 2939 ἰθύδικος

63 2966 292 3025 efficto.
319 3000 388 3011 —
413 2965 551 3025 516.
573 2966 656 3022 ἐπ’
677 2960 884 3037 ἄστροις
899 2961 1060 3033 edd.,
1088 2963 1142 3019 iv
1169 2958 1377 3037 ἄστροις
1400 2978 1527 3017 nos.
1545 2992 1626 3004 —

63 3056 210 3129 519.
241 3050 653 3121 κατοικήσουσιν
691 3050 847 3123 edd.,
882 3049 983 3108 sed
1009 3044 1409 3116 καταντήσωσιν
1443 3045 1594 3104 MHJ
1607 3090 1626 3119 ,

59 3156 122 3200 et
151 3141 464 3199 voluerunt
497 3141 669 3198 etiam
704 3138 807 3197 AR
830 3138 894 3197 in
918 3138 1081 3217 praef.
1110 3157 1175 3216 p.
1205 3156 1364 3195 mv.
1386 3168 1464 3179 —-
1490 3136 1627 3202 524.

59 3231 312 3289 Comma
337 3241 470 3309 post
498 3226 628 3299 ἤθεα
661 3227 868 3305 posui,
895 3239 953 3285 et
982 3239 1100 3285 tum
1134 3227 1265 3301 τιμῇ
1295 3224 1503 3299 scripsi
1524 3244 1633 3302 pro

59 3317 252 3397 τιμήν,
281 3318 436 3397 quod
462 3316 677 3377 habent
697 3321 754 3375 H
778 3316 911 3374 edd.
934 3314 1022 3375 Cf.
1059 3334 1176 3389 ²79
1205 3311 1368 3390 αἰθέρι
1388 3311 1479 3370 καὶ
1505 3310 1630 3393 γαί·ςΙ

63 3404 444 3486 μεμετρημένα
470 3407 600 3486 ἔργα
624 3405 908 3471 τελοῦντες.
932 3403 1080 3461 Sunt
1092 3401 1383 3471 homines,
1410 3401 1512 3479 qui
1528 3401 1632 3459 ho-

63 3518 218 3557 nore
245 3496 442 3554 omnia
473 3513 603 3573 quae
624 3506 803 3569 agunt
827 3492 1167 3550 metiuntur.
1201 3521 1280 3535 —
1310 3489 1446 3557 534.
1484 3489 1635 3560 Quia

65 3605 229 3645 nova
254 3603 436 3661 eaque
464 3582 809 3659 gravissima
835 3600 930 3640 res
952 3580 1209 3650 additur,
1236 3577 1512 3636 nimirum
1540 3601 1632 3635 τε-

63 3675 319 3745 λωνητῶν
334 3668 481 3746 vita,
498 3672 556 3729 ix
573 3672 619 3729 δ’
634 3670 844 3745 scripsi
859 3688 972 3747 pro
987 3664 1046 3725 ἔκ
1060 3666 1130 3738 τ’,
1148 3664 1305 3743 quod
1322 3664 1483 3723 estin
1499 3666 1630 3727 edd.

61 3797 150 3809 —
186 3760 324 3818 535.
349 3757 584 3818 τελέουσι
607 3758 768 3830 edd.,
795 3757 897 3816 sed
922 3754 1232 3814 dicendum
1258 3765 1382 3811 erat
1403 3772 1503 3811 eos
1527 3754 1630 3811 do·

67 3870 232 3908 mum
263 3866 426 3906 suam
455 3845 863 3905 administrare
889 3864 962 3902 ex
989 3842 1139 3914 illis,
1169 3860 1300 3919 quae
1331 3856 1630 3913 exercent,

63 3933 470 4011 vectigalibus.
483 3934 634 3992 Hinc
646 3929 904 3997 τελέοντες
916 3929 1145 4009 scripsi.
1157 3962 1234 3974 —-
1250 3929 1450 3987 536.·τε
1464 3928 1632 4007 λόγων

65 4024 178 4082 GH
191 4071 206 4097 ,
221 4045 283 4100 γε
296 4022 465 4098 λόγων
485 4021 580 4082 ed.
600 4044 617 4093 3
641 4032 906 4081 neutrum
930 4018 1068 4077 ferri
1088 4030 1298 4096 potest.
1318 4018 1537 4096 Scripsi
1557 4042 1636 4076 τε·

65 4110 238 4181 λέων,
271 4109 343 4168 de
378 4108 723 4187 repetitione
751 4106 1074 4164 necessaria
1100 4123 1352 4163 securus.
1384 4137 1463 4150 --
1495 4105 1629 4164 538.

65 4198 222 4256 ἔσται
247 4196 348 4254 AR
369 4216 485 4254 non
509 4195 731 4253 monito
757 4195 994 4268 lectore,
1029 4194 1227 4251 nescio
1245 4212 1363 4269 quo
1387 4192 1501 4250 fato
1526 4193 1632 4251 ob-

67 4286 288 4343 caecati.
318 4316 398 4328 -
415 4282 553 4350 541.
575 4280 720 4363 ψυχὴ
745 4280 848 4359 γάρ
871 4280 950 4353 G,
976 4299 1148 4357 quem
1169 4280 1434 4339 ordinem
1466 4300 1632 4339 revo—

67 4374 231 4443 cavi;
270 4368 370 4450 γὰρ
403 4368 550 4451 ψυχή
591 4368 682 4429 ed.
710 4368 1014 4428 inutiliter.
1043 4400 1124 4413 -
1153 4368 1286 4436 546.
1317 4366 1634 4444 συνδέσμους

69 4463 300 4539 ρυσμοῖο
317 4458 476 4528 edd.,
497 4470 696 4536 aperte
716 4470 1078 4533 corruptum.
1099 4456 1321 4534 Scripsi
1345 4456 1633 4532 συνδέσμου

67 4550 379 4623 Κρονικοῖο.
406 4546 594 4603 Aliam
619 4545 794 4603 etiam
813 4544 1035 4602 stellam
1061 4557 1435 4603 memoratam
1458 4544 1635 4603 fuisse

65 4655 144 4695 ex
171 4634 309 4693 τοῖσι
343 4634 458 4692 552
491 4646 751 4711 apparet.
787 4665 866 4679 —-
889 4631 1024 4700 548.
1060 4631 1366 4713 ἀκρατόεντι
1394 4631 1443 4688 Η
1470 4632 1630 4704 edd.,

68 4720 382 4801 ἀκρατέοντι
421 4740 526 4779 nos
565 4739 639 4779 ex
676 4718 901 4779 emend.
944 4719 1046 4778 AR
1086 4740 1144 4798 p.
1181 4740 1340 4778 κων.
1377 4751 1457 4763 -
1492 4720 1627 4796 549.

69 4808 322 4880 nomi-⁹,
357 4806 415 4867 ἄ.
442 4808 572 4880 GH,
601 4806 774 4865 πολλὰ
799 4808 844 4865 δ’
871 4807 984 4880 ed.,
1015 4806 1188 4865 πάντα
1214 4807 1259 4864 δ’
1289 4827 1416 4868 nos.
1441 4838 1520 4853 -
1543 4806 1632 4863 καὶ

70 4894 364 4977 ἀνθρώποις
403 4896 566 4973 edd.,
599 4894 712 4972 μέτ’
741 4898 798 4953 ἀ.
855 4896 1004 4973 (sicl
1031 4892 1049 4975 )
1081 4896 1150 4967 A,
1186 4898 1304 4954 κατ’
1335 4895 1635 4974 ἀνθρώπους

1714 587 1928 666 scripsi
1950 586 2171 664 ὀξύγοοι.

1793 673 1860 744 Q.
1894 673 2175 750 560-596.
2200 671 2311 732 llic
2328 673 2607 734 habemus
2626 689 2757 735 octo
2778 678 3269 751 constellationes,

1715 779 1845 838 quae
1864 761 1935 820 ad
1960 782 2090 822 eum
2117 763 2308 821 locum
2338 764 2633 842 pertinere
2655 763 2951 838 videntur,
2975 785 3093 843 quo
3114 785 3282 825 enar·

1715 848 1995 908 rabantur
2014 849 2142 908 bini
2174 851 2419 928 planem
2446 870 2479 908 e
2506 851 2758 911 diversis
2787 853 3003 912 centris
3032 851 3151 912 sibi
3176 874 3281 933 op-

1715 938 1893 1014 positi
1907 980 1925 1010 ,
1948 957 2119 1013 quem
2138 937 2330 997 locum
2354 939 2623 997 tractavit
2643 939 2941 1018 antiquior
2965 954 3143 1019 poeta
3158 940 3244 999 111
3261 985 3279 1014 ,

1725 1047 1748 1084 1
1760 1027 2008 1099 33-226,
2026 1027 2197 1106 plura
2210 1048 2243 1086 a
2257 1048 2318 1087 se
2328 1028 2718 1106 praetermissa
2730 1048 2855 1088 esse
2876 1050 2945 1087 21
2959 1052 2990 1103 7
3008 1030 3279 1089 innuens.

1718 1113 2011 1174 Habemus
2032 1117 2189 1174 enim
2209 1113 2307 1173 hic
2334 1115 2432 1189 57,
2466 1117 2581 1174 560
2616 1136 2745 1194 sqq.
2774 1115 3013 1175 Martem
3045 1117 3283 1190 δύνοντα,

1717 1201 2027 1262 Saturnum
2048 1201 2461 1283 μεσουρανέοντα
2480 1226 2497 1277 ;
2518 1205 2593 1264 58
2607 1247 2626 1276 ,
2653 1204 2766 1277 567
2784 1225 2912 1283 sqq.
2930 1205 3283 1265 Mercurium

1718 1287 1956 1362 δύνοντα,
1996 1291 2307 1350 Saturnum
2344 1294 2729 1371 ὣνορομοῧντα,
2759 1291 2985 1351 Lunam
3016 1315 3280 1373 μεσουρα·

1717 1376 1963 1451 νέουσαν;
1985 1379 2091 1457 59,
2121 1379 2229 1452 571
2253 1399 2386 1458 sqq.
2407 1379 2614 1439 Jovem
2628 1379 3068 1460 μεσουρανέοντα,
3090 1381 3281 1440 Solem

1717 1468 2079 1544 ὡρονομοῦντα
2093 1490 2110 1538 3
2126 1469 2227 1543 60,
2246 1467 2357 1540 577
2378 1483 2507 1546 sqq.
2523 1468 2879 1527 Mercurium
2893 1469 3281 1548 ὡρονομοῦντα,

1718 1553 1940 1612 Lunam
1965 1555 2216 1613 δύνουσαν
2232 1556 2384 1632 ;·61,
2419 1554 2533 1613 582
2562 1575 2692 1634 sqq.
2724 1554 3004 1614 Venerem
3026 1555 3283 1632 ὑπόγεων,

1717 1640 2028 1701 Saturnum
2069 1641 2507 1720 μεσουρανέοντα,
2548 1642 2765 1720 quibus
2801 1641 2971 1702 Jovis
3002 1655 3061 1701 et
3086 1641 3286 1702 Martis

1717 1731 2067 1790 testimoniis
2094 1731 2286 1790 allatis
2310 1731 2439 1789 duae
2461 1731 2592 1790 aliae
2607 1730 2931 1811 positiones
2959 1730 3283 1808 adjungun-

1719 1819 1818 1876 tur‘
1836 1818 1951 1876 586
1972 1839 2123 1897 sqq.;
2146 1820 2248 1890 64,
2267 1818 2537 1896 593-596
2566 1818 2876 1879 Saturnum
2895 1821 3283 1899 ὡρονομοῦντα,

1718 1907 1908 1964 Solem
1938 1904 2175 1966 δύνοντα.
2204 1905 2379 1965 Vides
2406 1905 2681 1987 inprimis
2706 1905 2808 1965 hic
2832 1927 2929 1966 eas
2954 1920 3286 1966 centrorum

1719 1992 2083 2054 diversitates
2124 1996 2434 2054 memorari
2448 2038 2465 2067 ,
2516 1997 2581 2054 in
2622 1993 2840 2073 quibus
2880 2000 3049 2054 etiam
3094 1995 3192 2054 Sol
3229 2009 3289 2055 et

1719 2079 1887 2139 Luna
1905 2082 2096 2142 locum
2117 2082 2355 2156 habent,
2384 2083 2539 2160 quod
2565 2103 2747 2161 quum
2773 2103 2891 2142 non
2912 2083 3126 2142 factum
3148 2083 3225 2142 sit
3251 2103 3287 2142 a

1724 2169 1872 2228 duce
1888 2213 1904 2244 ,
1937 2191 2011 2230 ex
2048 2191 2119 2230 eo
2158 2192 2310 2230 unus
2343 2183 2564 2230 tantum
2604 2183 2760 2229 arcte
2781 2173 3053 2250 componi
3072 2173 3289 2252 poterit

1719 2258 1882 2318 locus
1914 2278 1929 2319 ι
1958 2259 2079 2332 111,
2134 2260 2388 2333 147-157
2432 2257 2532 2318 hic
2574 2259 2649 2318 ad
2680 2259 2794 2318 582
2835 2279 2963 2338 sqq.
2994 2261 3188 2319 Restat
3220 2274 3290 2320 ut

1719 2344 1792 2404 de
1818 2348 2069 2424 singulis
2094 2347 2245 2407 locis
2268 2349 2496 2407 dicatur
2526 2369 2541 2406 ε
3295 2397 3305 2409 .

1801 2435 1939 2493 560.
1989 2437 2123 2517 ὀφθῇ
2170 2436 2326 2510 edd.,
2372 2435 2495 2516 ἔλθῃ
2530 2455 2657 2495 nos.
2691 2469 2773 2480 —
2814 2435 2953 2494 565.
3000 2433 3089 2494 διὰ
3124 2435 3286 2517 θυμὸν

1719 2522 1872 2592 edd.,
1912 2524 2068 2602 quod
2110 2537 2305 2603 aperte
2342 2525 2571 2583 falsum.
2608 2521 2721 2582 llic
2751 2543 2986 2603 quoque
3029 2524 3290 2584 clausula

1720 2623 2013 2689 corrupta.
2055 2611 2302 2690 Scripsit
2329 2609 2417 2670 διὰ
2456 2609 2679 2687 παντός,
2705 2630 2822 2689 qua
2847 2610 3143 2670 locutione
3169 2631 3289 2671 εω-

1717 2699 1854 2776 pius
1879 2719 2021 2759 usus
2061 2713 2187 2758 est:
2220 2709 2358 2773 424,
2390 2700 2525 2772 434,
2563 2699 2705 2772 558,
2738 2701 2877 2772 607.
2900 2698 3121 2758 Dehoc
3146 2699 3281 2758 loco

1721 2784 1792 2842 ad
1832 2785 2197 2845 Christianos
2238 2785 2542 2845 referendo
2591 2805 2771 2865 supra
2805 2784 3151 2864 explicatius
3190 2785 3286 2844 di-

1718 2885 1899 2937 ctum.
1938 2907 2017 2921 —-
2060 2875 2177 2934 566
2229 2887 2288 2934 et
2341 2875 2474 2949 567.
2520 2873 2641 2933 Hos
2698 2892 2903 2933 versus
2953 2873 3285 2954 transposui

1721 2962 2060 3022 auctoribus
2106 2959 2207 3021 AR
2252 2964 2317 3021 in
2362 2964 2525 3042 praef.
2568 2984 2629 3043 p.
2666 2982 2828 3021 mv.
2856 2994 2938 3009 —
2968 2963 3107 3035 570.
3148 2962 3287 3021 Post

1719 3046 1876 3108 hu'nc
1899 3071 1956 3111 v.
1986 3049 2184 3109 hiante
2206 3051 2489 3109 sententia
2512 3050 2769 3109 defectus
2792 3048 2961 3127 signa
2981 3050 3177 3128 posui.
3206 3084 3285 3094 —

1723 3136 1860 3209 575.
1901 3135 2015 3215 μετ’
2052 3138 2205 3205 edd.,
2255 3136 2373 3217 μέγ’
2416 3157 2543 3197 nos.
2593 3169 2674 3182 —
2722 3137 2859 3210 576.
2904 3134 3287 3215 καρπώσασθαι

1720 3225 1886 3298 edd.,
1925 3227 2300 3306 καρπώσεσθαι
2345 3244 2451 3283 nos
2491 3244 2565 3283 ex
2607 3225 2878 3283 sollemni
2927 3238 3109 3304 poetae
3150 3246 3285 3285 con·

1721 3314 2048 3374 suetudine.
2091 3347 2171 3359 -
2221 3314 2357 3371 585.
2410 3312 2635 3393 ἀσπορίῃ
2672 3312 2899 3373 τέκνοισι
2943 3313 3019 3386 G,
3060 3314 3285 3395 ἀσπορίῃ

1719 3400 1935 3460 κείνοισι
1968 3396 2085 3474 ed.,
2122 3400 2348 3482 ἅσπορίῃ
2389 3400 2580 3459 τέκνων
2612 3422 2669 3458 τε
2710 3399 2866 3479 conj.
2907 3401 2977 3459 D.
3007 3402 3147 3473 661,
3185 3400 3286 3460 sed

1721 3490 1957 3569 scripsit
1983 3488 2211 3569 ἀσπορίῃ
2240 3511 2301 3547 τε
2340 3486 2535 3549 τόκοιο.
2568 3520 2647 3533 -
2678 3488 2815 3562 587.
2853 3486 3071 3568 δειχθεὶς
3116 3488 3281 3562 edd.,

1722 3576 1911 3655 εἶχθεὶς
1937 3577 1987 3634 Η
2009 3623 2025 3656 ,
2054 3576 2283 3658 δερχθεὶς
2305 3598 2432 3636 nos.
2464 3611 2542 3622 -
2566 3577 2701 3635 588.
2720 3576 2958 3657 θυραίους
2975 3576 3105 3649 GH,
3128 3578 3286 3655 quod

1721 3666 1944 3723 restitui
1966 3660 2333 3725 'referendum
2357 3666 2427 3723 ad
2449 3664 2663 3740 παῖδας,
2691 3664 2849 3743 quod
2870 3665 2934 3722 in
2953 3684 3151 3737 versu,
3181 3664 3285 3743 qui

1721 3752 2039 3826 intercidit,
2081 3754 2333 3832 positum
2366 3754 2507 3827 fuit3
2550 3751 2781 3831 θυραίοις
2810 3750 2933 3824 ed.,
2964 3750 3120 3828 quod
3148 3751 3285 3810 ferri

1723 3842 1941 3919 nequit.
1959 3876 2038 3886 -—-
2062 3842 2196 3918 590.
2226 3840 2571 3917 διδυματόκαι
2593 3840 2669 3913 G,
2694 3838 3037 3916 διδυματόται
3058 3839 3130 3911 H,
3154 3840 3289 3899 διδυ-

1723 3928 1966 4005 μαπόται
1994 3930 2146 4006 conj.
2180 3930 2253 4001 A,
2286 3929 2445 4007 quod
2470 3948 2561 3985 me
2587 3948 2704 3986 non
2729 3926 3055 4003 intelligere
3082 3926 3281 3986 fateor.

1721 4015 1971 4094 Scripsit
1998 4016 2426 4098 διδυμάστροφοι,
2448 4014 2507 4075 h.
2531 4034 2583 4073 e.
2606 4015 2710 4092 qui
2730 4018 2945 4073 molunt
2957 4035 3065 4092 per
3084 4028 3287 4072 utram·

1721 4126 1828 4180 que
1871 4122 2185 4161 cavernam.
2227 4102 2481 4161 Verbum
2527 4102 2767 4185 στρέφειν
2805 4102 2867 4162 in
2918 4121 2981 4160 re
3012 4100 3287 4160 obscoena

1722 4192 2026 4251 vindicant
2049 4192 2287 4251 Anthol.
2314 4190 2418 4252 Gr.
2443 4190 2514 4263 V,
2540 4190 2639 4267 54,
2662 4193 2723 4265 6,
2751 4188 2890 4249 ἀλλὰ
2909 4188 3031 4270 πρὶν
3058 4188 3287 4271 στρέψας

1725 4280 1969 4360 ροδοειδέῖ
1983 4279 2169 4359 τέρπεο
2188 4284 2331 4359 πυγῇ
2346 4302 2360 4317 ·
2381 4292 2439 4338 et
2455 4279 2543 4340 ib.
2571 4302 2594 4338 1
2613 4280 2705 4351 16,
2729 4282 2764 4338 6
2788 4298 2903 4355 sq„
2919 4274 3149 4358 στρέψας
3164 4280 3281 4337 Mm-

1723 4366 1937 4449 νοφίλην
1968 4362 2197 4447 εὖΐσχιον
2224 4368 2276 4425 ἐν
2306 4368 2487 4449 φρεσὶν
2530 4367 2691 4427 ἔλπου
2720 4366 2891 4428 Αὐτὸν
2916 4365 3056 4447 ἔχειν
3074 4365 3287 4434 κόλποις
3394 4432 3411 4449 ·

1723 4454 1919 4535 ἄρσενα
1970 4454 2303 4537 Μηνόφιλον.
2364 4454 2517 4514 Hinc
2566 4456 2739 4515 etiam
2797 4456 2908 4514 312
2965 4454 3285 4536 ἀναστροφίῃ

1723 4543 1768 4600 τ’
1797 4541 2137 4623 ἕφυὸρίστους
2161 4545 2347 4602 lucem
2367 4543 2606 4622 accipit,
2638 4556 2696 4603 et
2725 4555 2882 4624 patet
2902 4542 3025 4621 jam
3053 4542 3167 4601 358
3197 4548 3285 4600 ἂν·

1729 4629 2025 4710 δρόστροφα
2084 4628 2243 4709 ἔργα,
2300 4632 2458 4707 quod
2505 4650 2609 4689 nec
2669 4631 3035 4690 Hermannus
3083 4649 3284 4691 sanum

1722 4717 1963 4797 putabat
1988 4732 2045 4777 et
2072 4718 2462 4779 Schneiderus
2500 4722 2561 4777 iu
2594 4719 2921 4799 ἅνδρότροπα
2960 4730 3287 4777 mutaturus

1721 4820 1866 4879 erat,
1900 4807 2268 4865 sanissimum
2290 4827 2435 4866 esse.
2460 4807 2822 4884 Intelligitur
2844 4807 3023 4878 enim,
3050 4818 3118 4865 ut
3134 4804 3287 4864 Mar·

1727 4896 1886 4953 tialis
1906 4894 2103 4953 verbis
2126 4909 2259 4954 utar
2282 4894 2299 4976 (
2325 4894 2464 4967 Vll,
2491 4896 2563 4970 67
2594 4895 2641 4976 ),
2682 4896 2863 4954 altera
2883 4914 3012 4972 quae
3036 4896 3294 4971 poede'cae

69 5005 205 5045 nos.
251 5016 332 5029 —
355 4984 386 5021 V
396 4983 494 5045 56.
542 4982 840 5061 μηνίσμασι
881 4984 1042 5055 edd.,
1089 4981 1364 5059 μηνύμασι
1396 4983 1550 5060 conj.
1583 4984 1635 5041 D
1715 5006 1919 5061 pueros
1946 4988 2118 5042 tribas
2140 4986 2437 5042 Philaenis.

73 5073 212 5129 303.
241 5105 324 5115 —
358 5070 492 5143 557.
525 5068 762 5149 ὀξύχολοι
796 5070 960 5142 edd.,
1002 5070 1102 5129 sed
1135 5070 1329 5148 potius
1365 5072 1632 5129 timorem

1803 5074 1873 5132 R.
1905 5074 1979 5150 59
1988 5076 2084 5147 7-6
2098 5094 2118 5130 ι
2130 5094 2163 5131 α
2175 5116 2187 5130 .
2202 5074 2536 5152 Sequuntur
2554 5074 2667 5133 tria
2678 5073 2933 5153 σχήματα
2948 5106 3027 5118 -
3044 5086 3101 5131 et
3116 5092 3285 5151 quar·

73 5172 251 5236 atque
291 5159 566 5235 gemitum
591 5178 762 5237 quam
791 5160 940 5218 iram
963 5159 1190 5218 miseris
1217 5158 1340 5217 illis
1379 5174 1634 5239 spectro·
1725 5176 1843 5220 tum
1869 5162 1989 5219 fere
2011 5162 2285 5240 periit—
2312 5162 2439 5220 sine
2466 5160 2648 5221 dubio
2668 5162 2741 5221 ad
2769 5160 3004 5221 δουλείαν
3024 5174 3289 5241 spectan-
