3767 5825
1123 382 1204 439 IN
1247 383 1700 441 MANETHON.
1747 384 2049 443 LIBRUM
2093 382 2170 441 11.
3110 375 3271 445 xxix

109 521 216 597 pius
233 515 515 574 accederet
525 515 600 572 ad
614 514 928 588 vulgatam,
945 512 1046 569 sed
1065 532 1182 569 non
1198 526 1367 583 esset,
1384 514 1616 591 opinor,

111 607 235 685 epici
246 604 522 663 sermonis
543 624 556 659 :
572 602 696 659 τάδε
716 606 764 676 γ’
781 604 952 675 ἡγητῆ
961 601 1136 678 ρεςνεΙ
1151 602 1261 657 τάδ’
1275 604 1617 680 ὖφηγητῆρες.

173 696 288 751 303.
319 690 470 749 ὅσσον
504 688 660 767 βιότῳ
681 688 841 760 edd.;
869 700 1031 746 notat
1047 708 1184 745 sane
1210 686 1366 767 βιότῳ
1387 696 1444 743 in
1473 699 1609 755 vita,

107 782 264 853 utVl,
300 800 414 855 229
449 777 588 836 :sed
631 791 818 835 tamen
854 774 953 834 hic
993 788 1234 854 propter
1276 779 1476 855 κρυερῷ
1526 790 1623 835 aut

106 875 226 947 θυμῷ
249 880 342 927 aut
365 867 553 925 simile
587 864 730 941 quid
770 864 1110 940 requiritur.
1143 864 1337 933 Qua're
1384 866 1621 942 scripsi,

105 957 234 1035 quod
255 956 514 1035 proxime
540 951 868 1024 accedebat,
893 950 1048 1009 ὅσσον
1067 974 1118 1008 τι
1141 949 1262 1031 νόῳ.

171 1046 285 1101 308.
310 1042 476 1119 λάθρη
503 1040 664 1111 edd.,
693 1039 859 1117 λάθρῃ
883 1058 1009 1099 nos.

171 1135 290 1207 309.
312 1126 483 1188 πολλὰ
498 1128 656 1199 edd.,
689 1130 868 1205 παῦρα
890 1146 1001 1202 ego
1023 1126 1267 1201 scripsi,
1294 1126 1512 1184 lacunae
1540 1127 1623 1183 si-

104 1221 212 1295 gnis
239 1232 363 1277 ante
391 1234 620 1274 versum
645 1214 874 1292 positis.
897 1212 1112 1273 Sensus
1137 1226 1253 1285 est,
1285 1214 1496 1290 saepius
1528 1234 1625 1271 eos

1795 517 1930 571 331.
1968 512 2055 585 ἠδ’
2079 513 2162 595 ἄρ’
2186 514 2336 585 edd.,
2364 513 2399 584 ἢ
2426 506 2528 592 γὰρ
2568 534 2672 571 1105
2702 536 2713 569 :
2756 516 3029 573 universo
3064 536 3275 591 genere

1715 603 1970 661 indicato
1994 602 2113 678 jam
2146 602 2390 677 singulae
2427 603 2648 679 species
2692 602 2992 659 hominum
3026 606 3276 663 musico-

1713 710 1838 749 rum
1892 691 2237 748 indicantur.
2286 691 2465 759 Etiam
2524 690 2569 747 τ’
2615 704 2746 769 post
2794 690 2990 765 μούσης
3031 692 3274 751 addidi-

1713 798 1860 835 mus.

1797 867 1930 923 333.
1966 868 2170 941 μολπῆς
2198 865 2453 944 εὐρύθμου
2488 864 2665 942 εὕρετο
2692 866 2829 935 GH,
2870 867 3092 942 μολπαῖς
3121 865 3277 946 εὐρύ-

1713 956 1858 1027 θμοις
1883 950 2129 1031 εὔφρονας
2148 954 2263 1025 ed.;
2283 957 2487 1029 μολπῆς
2501 951 2756 1031 εὐρύθμου
2776 952 2982 1031 εὑρετὰς
3000 955 3091 1012 vel
3106 953 3274 1031 ἴδριας

1714 1041 1766 1098 D
1795 1042 1937 1113 647,
1967 1060 2216 1118 quorum
2246 1043 2411 1119 prius
2433 1042 2561 1118 ipse
2592 1039 2863 1118 reprobat
2890 1042 3039 1112 6803
3072 1043 3275 1116 μολπῆς

1715 1126 1970 1205 εὐρύθμου
2012 1128 2211 1193 εἰδότας
2241 1128 2396 1206 conj.
2424 1133 2493 1185 A.
2529 1126 2599 1185 Et
2624 1140 2867 1205 possunt
2892 1129 3057 1185 varia
3092 1149 3277 1187 exco-

1715 1215 1889 1289 gitari
1904 1258 1922 1287 ,
1954 1229 2017 1275 ut
2043 1215 2273 1294 ἰστορας,
2298 1214 2612 1293 πρήκτορας.
2634 1216 2747 1272 Sed
2771 1218 3036 1291 proxime
3059 1217 3280 1275 accedit

103 1306 437 1377 hominibuS,
481 1303 584 1381 qui
616 1304 704 1360 rei
744 1304 1030 1379 angustiis
1076 1315 1432 1380 premantur,
1483 1321 1626 1379 pau·
1714 1300 2021 1381 τεύκτορας,
2060 1305 2217 1381 quod
2249 1303 2424 1360 habet
2453 1302 2711 1360 imitator
2736 1300 2834 1374 IV,
2881 1310 3015 1369 422.
3052 1305 3275 1361 Intelli-

102 1414 178 1453 cas
203 1393 466 1471 pecunias
504 1389 742 1448 daturos
773 1408 937 1461 esse,
964 1408 1074 1467 pro
1112 1387 1328 1466 quibus
1354 1408 1624 1463 magnum
1715 1403 1931 1465 guntur
1960 1404 2151 1451 autem
2190 1392 2293 1468 qui
2326 1391 2531 1449 modos
2576 1390 2827 1449 musicos
2868 1392 3173 1450 inveniunt
3217 1405 3274 1449 et
3344 1376 3355 1386 ¹

101 1481 288 1538 abillis
315 1480 503 1537 foenus
525 1477 778 1551 exigant.
799 1474 946 1533 Sunt
969 1474 1250 1545 homines,
1277 1494 1423 1551 quos
1445 1475 1628 1533 imita-
1721 1478 2135 1555 praescribunt,
2161 1474 2309 1556 qiios
2336 1478 2514 1537 hodie
2541 1485 2934 1553 compositeurs
2955 1479 3270 1556 appellant.

100 1582 176 1625 tor
190 1567 279 1639 Ν,
315 1566 448 1637 135,
470 1566 584 1622 330
611 1562 952 1641 χρεάρπαγας
991 1563 1335 1621 nominavit.
1370 1562 1454 1619 lta
1481 1576 1628 1621 cete·
1799 1568 1933 1633 334.
1966 1568 2012 1623 οἱ
2036 1566 2091 1623 δὲ
2120 1566 2223 1623 GH
2242 1610 2258 1637 ‚
2284 1564 2369 1632 οὓς
2392 1564 2447 1623 δὲ
2470 1565 2589 1641 ed.,
2618 1564 2681 1635 ἠὲ
2709 1585 2835 1625 nos·

99 1658 168 1713 ris
187 1674 295 1713 non
319 1672 557 1729 egemus
579 1651 846 1709 virorum
876 1651 1180 1708 doctorum
1209 1650 1568 1707 commentis.

1801 1654 1931 1720 344.
1950 1652 2083 1731 μέγα
2101 1654 2229 1712 edd.
2252 1654 2483 1711 Poterat
2497 1652 2731 1729 quidem
2752 1652 2981 1712 defendi
3004 1651 3155 1720 ὄλὸος
3178 1652 3282 1731 βιό-

164 1744 224 1799 31
239 1764 284 1802 1.
311 1739 556 1819 ἀνδράσιν
579 1738 718 1805 Gn,
747 1736 936 1795 εἰδόσιν
956 1738 1072 1810 ed.,
1103 1736 1174 1795 ad
1201 1756 1426 1805 sensum
1449 1750 1622 1807 recte,
1717 1762 1827 1815 του,
1849 1740 1950 1797 sed
1973 1740 2117 1797 mire
2132 1740 2348 1798 dictum
2369 1753 2493 1798 erat
2512 1739 2657 1819 ὄλὸῳ
2679 1740 2830 1805 κῦδος
2854 1740 3058 1808 ὀπάζει.
3084 1741 3274 1811 Quare

97 1832 182 1889 sed
201 1830 334 1907 poni
371 1827 615 1886 debebat
654 1826 864 1906 ἰ’δρισιν,
897 1824 1246 1884 vocabulum
1273 1824 1484 1883 Nostro
1509 1826 1628 1883 usi-

99 1932 272 1975 tatum.
303 1918 356 1975 D
383 1918 495 1987 647
529 1902 872 1993 ἀνδράσινῖφι
900 1911 1166 1991 μαχαίρης
1194 1911 1566 1989 conjiciebat.

165 2008 290 2063 312.
318 2004 536 2082 λάθραις
573 2001 623 2058 Η
657 2001 818 2073 edd.;
848 2002 1086 2080 λαιδραῖς
1109 2001 1202 2059 vel
1229 1998 1444 2077 λάὸροις
1469 1999 1624 2078 conj.

1718 1848 1828 1906 pro
1852 1826 1988 1904 μέγα
2012 1829 2220 1905 scripsi
2251 1828 2363 1903 ἅμα
2386 1848 2401 1889 :
2426 1828 2499 1886 cf.
2524 1826 2635 1901 111,
2668 1829 2781 1885 213
2806 1826 2944 1898 θωήν
2972 1826 3016 1885 θ’
3042 1826 3153 1902 ἅμα
3175 1826 3281 1885 νεί-

1721 1938 1836 1975 κεσι
1867 1917 2093 1982 πολλοῖς.
2128 1917 2359 1974 Poterat
2385 1918 2557 1975 etiam
2586 1914 2815 1973 ὄλίίοισιν
2846 1918 2976 1991 ὁμοῦ
3006 1916 3094 1973 vel
3124 1914 3280 1974 ὅλῧον

1723 2002 1812 2061 καὶ
1841 2007 1971 2080 ὁμοῦ
2000 2002 2132 2081 μέγα
2164 2004 2375 2075 scribi,
2400 2003 2500 2061 sed
2523 2003 2672 2061 illud
2693 2014 2760 2059 ut
2780 2002 3104 2080 simplicius
3134 2023 3281 2082 prae—

95 2093 356 2165 editores,
404 2090 505 2149 sed
562 2101 719 2167 patet
761 2086 1186 2147 substantivum
1237 2087 1461 2158 deesse,
1512 2108 1629 2145 non
1725 2090 1852 2149 tuli.

93 2182 420 2258 adjectivum
440 2198 455 2236 ι
473 2178 630 2253 quod
644 2177 826 2235 sensit
835 2174 1207 2248 Letronnius‚
1225 2174 1296 2231 ad
1313 2174 1628 2249 marginem

1806 2180 1939 2238 360.
1986 2168 2053 2235 αὖ
2096 2178 2225 2235 edd.
2249 2221 2266 2250 ,
2297 2167 2411 2235 αὔτ’
2444 2197 2571 2235 1105.
2612 2176 2849 2235 Notavit
2873 2178 3045 2235 etiam
3080 2178 3281 2241 Lehrs.

95 2268 377 2346 κερτομίῃσι
404 2264 760 2325 adscribens.
801 2263 912 2321 Sed
947 2264 1055 2322 vix
1075 2260 1278 2321 dubito
1308 2263 1454 2338 quin
1477 2266 1632 2328 θωαίς
1720 2266 1954 2336 Quaestt.
1988 2266 2131 2344 Epp.
2166 2287 2220 2343 p.
2246 2266 2381 2325 280,

93 2357 404 2435 scripserit,
453 2374 572 2432 qua
606 2371 754 2410 voce
778 2351 1004 2410 rariore
1032 2363 1090 2408 et
1132 2348 1275 2407 alibi
1317 2368 1458 2407 usus
1491 2363 1579 2408 est
1611 2371 1625 2407 :

93 2443 198 2516 lll,
233 2446 363 2516 162,
389 2439 674 2513 2133V1,
710 2441 849 2510 674.
879 2496 888 2503 ,

159 2534 287 2601 314.
331 2530 563 2607 μεγάλου
594 2527 756 2598 edd.,
798 2523 1040 2602 μεγάλων
1081 2542 1205 2583 nos,
1241 2523 1370 2582 Non
1391 2544 1628 2599 magnas

1805 2356 1940 2422 364.
1970 2354 2145 2425 ἠελίου
2164 2376 2220 2410 τε
2248 2354 2370 2427 GH,
2389 2351 2601 2413 Ἠελίου
2621 2375 2685 2430 γε
2703 2354 2824 2429 ed.,
2847 2351 3075 2413 Ἠελίοιο
3103 2375 3207 2412 1105
3252 2374 3283 2411 e

1725 2442 2031 2589 cordjtilffzn
2057 2529 2325 2603 δάμασσεν
2349 2528 2511 2601 edd.,
2536 2527 2831 2604 εδάμασσεν
2870 2527 2936 2600 J,
2965 2528 3281 2608 t'ss8dpao-

91 2620 382 2678 mulierum
437 2636 613 2695 opes,
658 2614 760 2673 sed
801 2632 1132 2689 magnarum
1161 2612 1467 2669 mulierum
1495 2630 1634 2687 opes
1725 2642 1811 2676 σεν
1837 2639 1945 2677 1105
1982 2639 2015 2677 e
2038 2618 2193 2695 conj.
2228 2618 2533 2676 Holstenii.

87 2705 468 2765 administrari
508 2703 584 2763 ab
625 2702 719 2761 his
759 2699 1100 2759 hominibus
1131 2699 1440 2757 dicendum
1486 2712 1627 2756 erat.

87 2794 216 2852 Vide
241 2793 416 2853 modo
445 2791 762 2870 sequentia.

157 2886 284 2942 316.
311 2882 400 2941 ἐπὶ
418 2881 580 2954 edd.,
603 2876 690 2938 ἔπι
709 2897 838 2936 nos.

158 2974 290 3031 318.
317 2978 557 3047 τιμαῖσιν
596 2967 674 3040 G,
703 2967 806 3026 sed
836 2967 886 3022 τ’
921 2966 1124 3040 ἰμᾶϊσιν
1145 2963 1226 3037 Μ,
1249 2965 1296 3018 τ’
1321 2963 1519 3037 ἰμαῖσιν
1549 2965 1631 3036 Η;

85 3063 284 3141 τιμῇσιν
306 3061 430 3132 ed.,
453 3079 564 3136 pro
587 3072 728 3134 quo,
761 3054 920 3131 quod
943 3065 1139 3130 aperte
1157 3051 1454 3122 vitiosum,
1487 3051 1532 3108 R
1559 3075 1634 3108 τι·

1807 2708 1943 2779 371.
1972 2706 2214 2781 μεγάλων
2244 2705 2417 2783 φιλίην
2445 2704 2609 2776 edd.,
2637 2703 2811 2781 φιλίην
2842 2702 3081 2780 μεγάλων
3112 2704 3197 2761 HJ
3226 2718 3281 2761 et

1727 2816 1943 2944 11οε,3.81.
1979 2881 2223 2953 ἀλλήλοις
2254 2878 2345 2941 καί
2366 2878 2411 2939 τ’
2436 2880 2597 2956 edd.,
2625 2880 2847 2946 ἀλλοίοις
2884 2878 3024 2938 κακά
3052 2883 3099 2938 τ’
3138 2902 3278 2954 1105;

1722 2973 1845 3050 jam
1871 2975 1920 3029 A
1938 2969 2189 3047 conjecit
2214 2969 2487 3039 ἀλλήλοισι
2505 2968 2645 3040 κάκ’,
2668 2969 2769 3026 sed
2794 2988 3115 3044 pronomen
3135 2971 3283 3026 reci—

1729 3080 1969 3138 procum
2001 3059 2235 3132 majoris
2263 3058 2433 3116 etiam
2472 3068 2597 3115 erat
2631 3055 2994 3116 offensioni&
3022 3055 3281 3131 Ἀλλοῑος,

86 3153 284 3220 μῆντες,
325 3150 422 3205 ἀπ’
465 3146 622 3204 αὗτῦῧ
667 3143 762 3201 vel
803 3144 990 3218 τῑμῇσῑ
1042 3137 1132 3196 καὶ
1181 3137 1326 3195 αὖτ’θὶ
1364 3138 1630 3214 conjecit·
1731 3161 1794 3205 ut
1825 3148 1943 3205 fere
1967 3147 2119 3206 idem
2150 3147 2226 3204 sit
2252 3157 2421 3222 atque
2446 3142 2628 3214 ἄλλος,
2654 3144 2827 3202 etiam
2858 3142 2975 3216 ΙΙΙ,
3005 3152 3147 3217 174,
3177 3143 3282 3217 Vl,

87 3235 416 3294 Proximum
461 3246 547 3291 est
591 3227 748 3307 τιμὰς
781 3229 846 3286 ἰδ’
881 3229 976 3284 ἀπ’
1004 3227 1191 3298 αὗτοῧ,
1223 3245 1334 3303 ΡΥΟ
1361 3245 1478 3301 qua
1501 3245 1637 3302 prae·
1731 3237 2006 3311 31o‚,322
2037 3234 2350 3293 invenitur.

83 3326 360 3401 positione
392 3339 634 3402 prorsus
663 3337 738 3375 ex
787 3328 970 3395 poetae
1011 3334 1172 3372 more
1221 3313 1412 3390 posita
1455 3314 1637 3371 miror

83 3409 158 3467 ὕπ’
179 3413 268 3469 vel
295 3411 381 3469 ἔπ’
405 3413 458 3469 A
485 3407 862 3466 desiderasse.

155 3501 264 3556 323
291 3519 384 3575 sq.
408 3496 528 3553 Hos
552 3493 698 3552 duos
715 3485 919 3550 versus
939 3489 1285 3567 transposui.
1313 3491 1492 3545 Causa
1515 3508 1639 3565 per-

81 3587 302 3662 spicua,
333 3597 404 3642 ut
431 3593 705 3642 encausto
739 3577 1022 3659 pingendi
1063 3595 1158 3634 ars
1203 3595 1236 3632 a
1263 3573 1638 3651 sequentibus

81 3675 276 3733 melius
301 3685 629 3752 separetur.
653 3667 806 3729 Tum
829 3668 1000 3726 etiam
1025 3686 1086 3724 v.
1121 3665 1232 3721 323
1257 3663 1434 3722 verba
1452 3676 1634 3720 trans-

79 3764 269 3838 posui3
337 3759 638 3836 legebatur
680 3757 743 3814 in
779 3753 909 3814 edd.
965 3750 1165 3832 μορφὰς
1220 3753 1388 3828 θηρῶν
1427 3749 1636 3806 πάντων

83 3847 336 3924 (παντότε
363 3847 453 3905 καὶ
484 3847 578 3924 J).
604 3877 677 3890 -—·
711 3845 823 3911 324
851 3847 1073 3919 γραφαῖς
1106 3838 1208 3895 GH
1227 3881 1242 3909 ,
1271 3843 1517 3914 γραπτοῖς
1541 3837 1632 3892 ed.

77 3955 106 3992 e
130 3937 284 4013 conj.
311 3937 366 3993 D
395 3937 546 4005 6473
577 3930 678 3990 sed
716 3928 1088 3988 scribendum
1129 3925 1238 3984 fuit
1275 3923 1509 4003 γραφίοις
1543 3925 1635 3980 vel

76 4024 342 4104 γραφίσιν,
386 4042 504 4098 quo
542 4018 950 4092 intelliguntur
996 4028 1177 4070 cestra
1218 4014 1343 4070 sive
1383 4015 1638 4068 vericula

75 4113 190 4184 (uti
209 4133 374 4170 nunc
393 4107 602 4168 scribit
617 4106 806 4181 Sinig.
839 4106 902 4162 in
923 4103 1243 4160 novissima
1262 4100 1402 4158 libri
1439 4097 1638 4156 XXXV

75 4199 250 4258 Plinii
283 4200 575 4267 editione,
620 4213 750 4272 quae
775 4192 996 4271 prodiit
1022 4189 1256 4247 Dresdae
1281 4185 1456 4262 1848)
1487 4187 1638 4264 apud

73 4285 312 4350 Plin.N.
345 4286 417 4343 H.
445 4280 668 4352 XXXV,
712 4302 762 4341 c.
797 4301 889 4340 11.
917 4291 1052 4337 sect.
1081 4286 1174 4345 41.
1202 4279 1236 4352 S
1264 4283 1395 4349 149,
1425 4273 1640 4350 quibus

73 4395 212 4432 cerae
233 4371 676 4446 tabulisligneis
702 4367 1106 4427 inurebantur.
1137 4361 1338 4423 Ἀνθεσι
1365 4367 1526 4440 κηροῦ
1541 4362 1639 4419 de-

73 4465 384 4538 signantur
429 4461 549 4538 ipsi
572 4459 798 4516 colores
826 4457 1003 4514 cerei.
1029 4452 1119 4510 cf.
1145 4452 1334 4508 locum
1364 4450 1638 4507 consimi-

73 4552 178 4609 lem
204 4551 314 4629 vl,
349 4549 464 4616 524
495 4567 586 4625 sq.

189 4691 428 4749 εὐτήιιτου
447 4687 488 4736 τ’
507 4686 602 4735 ἀπὸ
624 4688 769 4748 κηροῦ
788 4683 1018 4739 mancat<
1037 4677 1303 4728 σανίδεσσιν

191 4763 378 4824 μορφὰς
396 4758 624 4822 maulim
642 4754 1024 4819 χειρωσομένους
1041 4749 1355 4813 τραφίδεσσῑν,

69 4875 168 4934 ubi
205 4893 355 4934 cave
385 4869 631 4940 εὗτήκτου
658 4867 764 4925 ἀπὸ
791 4871 954 4944 κηροῦ
978 4863 1192 4941 jungas
1220 4861 1300 4918 ita
1333 4877 1460 4916 cum
1493 4855 1638 4914 σανί-

67 4964 266 5034 δεσσιν,
297 4973 370 5019 ut
389 4976 582 5016 cereas
609 4954 834 5014 tabulas
871 4952 1176 5024 intelligas.
1215 4979 1297 4991 —
1331 4944 1421 5001 Ad
1467 4964 1522 5002 v.
1553 4963 1640 5000 se-

67 5066 346 5128 quentem
363 5043 770 5105 illustrandum
791 5042 1009 5120 optime
1031 5039 1165 5095 facit
1183 5037 1390 5094 Manil.
1407 5031 1474 5104 V,
1493 5033 1604 5087 262
1624 5052 1636 5086 ε

179 5189 314 5240 Aut
337 5187 529 5238 varios
555 5190 732 5235 nectet
747 5177 919 5248 flores
944 5177 1204 5246 sertisque
1230 5169 1444 5224 locabit.

1809 3325 1945 3391 384.
1974 3322 2159 3382 ἄλλοτέ
2180 3323 2229 3379 τ’
2254 3321 2391 3398 ἄλλῃ
2414 3319 2567 3390 edd.,
2588 3317 2763 3376 ἄλλοτ’
2791 3317 2864 3376 ἔτ’
2889 3319 3052 3391 ἄλλης
3076 3321 3125 3376 Η
3140 3362 3157 3391 ,
3186 3321 3285 3378 sed

1727 3412 1788 3468 in
1815 3430 1997 3485 marg.
2030 3407 2219 3468 ἄλλοτέ
2249 3407 2293 3463 τ’
2320 3407 2505 3479 ἄλλης.
2528 3405 2716 3464 ἄλλοι-ε’
2741 3410 2791 3464 τ’
2813 3406 2971 3478 ἄλληι
2992 3405 3028 3464 J
3042 3430 3063 3480 ;
3095 3408 3286 3466 ἄλλοτε

1727 3498 1769 3556 δ’
1792 3497 1929 3576 ἄλλῃ
1952 3517 2083 3569 1105,
2108 3495 2495 3574 oppositionis
2514 3495 2723 3569 gratia,
2748 3494 2887 3570 quia
2906 3493 3029 3572 jam
3049 3495 3283 3552 noxiam

1727 3586 1852 3662 ejus
1875 3584 2332 3644 constellationis
2360 3584 2483 3640 vim
2516 3594 2603 3638 est
2630 3579 3045 3658 explicaturus.

1809 3675 1939 3747 390.
1968 3673 2033 3744 ἤν
2058 3675 2104 3729 τ’
2127 3672 2199 3743 G,
2217 3670 2280 3742 ἤν
2309 3669 2357 3747 γ’
2384 3672 2509 3742 ed.;
2530 3668 2873 3747 particulam
2901 3669 3242 3727 delevimus.

1809 3761 1944 3835 391.
1974 3758 2219 3824 ὡσαύτως
2242 3758 2398 3829 edd.,
2420 3755 2491 3822 ὣς
2529 3756 2572 3813 δ’
2593 3753 2759 3820 αὕτως
2779 3775 2853 3813 ex
2885 3755 2971 3832 ll,
3000 3757 3148 3829 2133
3176 3755 3286 3829 ΠΙ,

1736 3869 1876 3924 190;
1908 3847 2007 3920 vl,
2036 3849 2135 3918 25,
2164 3848 2302 3918 237,
2333 3865 2470 3918 272,
2505 3845 2619 3901 318
2646 3844 3003 3920 scripsimus.

1813 3939 1947 4010 394.
1997 3939 2055 3994 οὐ
2099 3934 2199 4012 γὰρ
2244 3934 2400 4004 edd.,
2434 3931 2535 3990 sed
2580 3930 2934 3990 contrarium
2978 3929 3289 3990 dicendum

1727 4036 1852 4081 erat
1882 4044 1896 4079 :
1922 4022 2061 4080 hinc
2083 4021 2133 4079 οἳ
2158 4021 2201 4078 δ’
2232 4020 2311 4100 ἄρ’
2338 4020 2570 4097 scripsi.

1812 4119 1945 4176 401.
1990 4108 2178 4186 χώροις
2223 4110 2268 4164 θ’
2307 4106 2442 4177 GH,
2482 4104 2639 4181 quod
2678 4104 3095 4162 restituendum
3134 4117 3289 4176 erat3

1731 4199 1850 4256 vid.
1883 4217 2091 4274 supra,
2122 4195 2227 4254 ubi
2254 4193 2328 4252 de
2352 4204 2695 4268 argumento
2724 4192 2997 4249 diximus.
3026 4191 3175 4248 Male
3201 4193 3290 4249 ed.

1727 4284 1892 4364 χῶροί
1919 4284 1985 4343 θ’.
2016 4285 2035 4360 (
2050 4282 2290 4362 χώνοισθ’
2314 4281 2411 4357 J.)

1811 4381 1945 4440 404.
1979 4369 2040 4427 ἂν
2064 4369 2221 4440 edd.,
2250 4368 2408 4444 quod
2433 4378 2629 4445 aperte
2655 4365 2893 4439 falsum;
2920 4367 2971 4423 ἐν
2987 4385 3122 4437 1105;
3144 4365 3293 4423 alius

1730 4457 1810 4537 ἄρ’
1841 4459 2081 4517 sortasse
2108 4454 2489 4533 praemlisset,
2512 4453 2613 4512 sed
2635 4455 2705 4518 ὡς
2728 4451 2811 4531 ἄρ’
2841 4453 2996 4531 apud
3020 4451 3292 4510 Nostrum

1728 4559 2011 4624 praeterea
2030 4564 2151 4604 uon
2174 4543 2494 4602 invenitur.

1811 4633 1941 4700 405.
1973 4633 2053 4688 ἐπ’
2085 4628 2325 4700 ἀντολίης
2365 4627 2459 4704 μὲν
2486 4625 2651 4691 ἐόντες
2678 4627 2749 4692 εἰς
2783 4629 3005 4696 νεότητα
3052 4624 3181 4700 GH,
3210 4622 3291 4680 ἐπ’

1729 4720 1987 4786 ἀντολίαις
2015 4715 2109 4796 μὲν
2134 4717 2330 4789 ἐόντες,
2364 4720 2423 4796 ἑῇ
2452 4715 2657 4786 νεότητι
2686 4715 2779 4773 ed.
2800 4757 2819 4788 ,
2851 4726 2907 4773 et
2934 4713 2985 4770 Α
3014 4724 3293 4790 praeterea

1731 4807 1884 4885 conj.
1914 4808 1996 4864 ἐπ’
2020 4804 2261 4874 ἀντολίην
2292 4802 2386 4880 μὲν
2412 4803 2602 4874 ἰόντες,
2623 4800 2713 4872 ἑὴν
2734 4799 2955 4872 νεότητα
2973 4810 3074 4857 aut
3094 4797 3174 4856 ἐπ’
3200 4799 3296 4854 ἅν-

1728 4897 1923 4962 τολίαις
1949 4894 2041 4970 μὲν
2062 4894 2253 4964 ἐόντες,
2276 4895 2335 4970 ἑῇ
2359 4891 2589 4962 νεότητι;
2628 4909 2735 4948 1105
2759 4887 3123 4967 praetulimus
3152 4909 3164 4943 ι
3190 4887 3295 4944 ἰόν-

1731 5010 1811 5052 τες
1829 5032 1843 5060 ,
1870 4983 1955 5040 ἅτ’
1977 4985 2026 5049 ἐς
2055 4982 2271 5052 νεότητα
2297 4992 2536 5058 propter
2562 4980 2895 5055 oppositum
2916 4998 2969 5034 v.
2997 4984 3107 5047 407
3135 4977 3293 5034 ἑσπε-

1735 5075 1884 5150 ρίοισι
1904 5105 1985 5124 --
2002 5078 2239 5150 προϊοῦσι
2266 5067 2550 5147 χρόνοισιν.
2578 5067 2645 5122 Et
2672 5063 2756 5121 ἅτ’
2774 5066 2893 5142 jam
2918 5066 3216 5121 invenerat
3241 5065 3292 5120 D

1738 5163 1870 5228 334.
1904 5159 2028 5218 Ἐπὶ
2052 5177 2180 5215 cum
2213 5156 2473 5232 genitivo
2496 5153 2766 5211 similiter
2794 5154 3045 5230 positum
3066 5151 3187 5210 vid.
3220 5160 3289 5223 74
