3767 5825
366 404 402 445 V
412 404 485 446 111

366 520 591 597 452-59
636 530 1017 590 memoratur,
1062 515 1221 575 haud
1246 516 1493 585 inflecte,
1539 514 1815 592 quoniam
1862 531 1932 567 ea

364 630 607 690 prorsus
650 608 919 686 opposita
950 606 1118 664 Jovis
1170 619 1227 663 et
1268 603 1511 663 Veneris
1547 617 1603 660 et
1652 600 1930 661 Mercurii

354 697 765 777 junctionibus
788 714 951 772 aeque
982 696 1311 773 perniciosa
1328 707 1417 751 est
1432 736 1449 763 ,
1481 712 1547 749 ac
1574 692 1623 749 si
1648 690 1812 748 Luna
1835 689 1933 745 de-

364 808 628 847 crescens
649 806 684 845 a
701 786 977 857 Saturno,
1000 802 1189 841 vacuo
1204 802 1381 840 cursu
1403 794 1609 859 pergat
1640 780 1771 845 452.
1801 777 1932 836 Jam

362 877 563 935 eodem
590 874 788 945 modo,
812 886 878 932 ut
904 872 1217 932 crescentis
1242 876 1424 929 Lunae
1449 891 1578 928 cum
1610 868 1790 939 Jove,
1822 874 1934 925 Ve-

363 984 503 1024 nere
512 978 569 1023 et
578 964 869 1023 Mercurio
876 962 1090 1040 junctae
1103 962 1223 1019 vim
1236 959 1410 1018 simul
1423 958 1749 1036 descripsit,
1763 958 1934 1015 etiam

362 1059 724 1111 decrescentis
746 1051 819 1110 ab
848 1051 1057 1110 iisdem
1080 1050 1261 1107 stellis
1284 1063 1342 1107 et
1366 1048 1615 1106 Saturno
1644 1060 1743 1104 aut
1764 1046 1934 1103 Marti

363 1161 427 1201 se
458 1140 806 1220 applicantis
844 1140 1029 1197 malos
1065 1137 1306 1196 effectus
1338 1134 1557 1204 460-65
1588 1132 1934 1211 conjunxit,

364 1231 561 1307 quain
588 1249 654 1287 re
676 1231 727 1287 si
749 1249 803 1289 v.
830 1230 945 1298 460
966 1225 1205 1305 Κυθέρης
1224 1220 1259 1293 ἢ
1283 1228 1373 1281 καὶ
1394 1222 1559 1293 Ζηνὸς
1584 1222 1938 1301 πολυφεγγοῧς

362 1319 620 1395 scripsit,
645 1338 822 1395 quum
840 1315 1156 1375 secundum
1174 1332 1343 1372 suum
1360 1312 1626 1370 ordinem
1654 1310 1820 1368 facile
1844 1308 1940 1368 hic

365 1427 598 1485 quoque
619 1406 758 1463 dare
783 1417 977 1483 posset
997 1400 1161 1472 Ζηνὸς
1190 1396 1597 1479 πολυφεγγοῦςῆ
1632 1400 1936 1477 Κυθερείης,

364 1494 425 1552 id
446 1494 669 1553 nemini
696 1492 949 1552 offensui
985 1492 1099 1549 erit
1124 1491 1240 1548 nisi
1282 1489 1669 1567 putidissimae
1689 1489 1941 1563 diligen-

366 1584 463 1641 tiae
490 1582 821 1645 scrutatori.
841 1580 971 1639 Jam
1000 1577 1271 1658 pluribus
1293 1577 1365 1634 de
1391 1576 1726 1655 perniciosa
1762 1575 1939 1633 Lunae

366 1692 501 1731 cum
524 1675 716 1728 Marte
746 1668 1159 1746 conjunctione
1184 1665 1469 1743 expositis
1516 1663 1783 1743 (465-72)
1823 1683 1941 1720 uno

369 1781 539 1819 versu
578 1758 819 1817 eandem
850 1777 974 1815 esse
1002 1755 1394 1814 decrescentis
1420 1752 1495 1811 ab
1528 1772 1593 1810 ea
1626 1751 1792 1809 stella
1822 1754 1940 1808 vim

368 1848 561 1919 addit,
599 1846 759 1924 quod
788 1859 981 1903 tamen
1025 1844 1275 1913 limitat;
1328 1850 1550 1917 [ἦῆ-79
1590 1840 1709 1897 fere
1744 1838 1940 1896 eadem

367 1934 524 1994 bona
564 1934 819 2013 proferri
871 1945 1067 2004 notat,
1104 1932 1157 1990 si
1203 1945 1325 1989 tum
1363 1934 1489 1987 Jove·
1508 1973 1527 1997 ‚
1586 1933 1791 1985 Veneri
1848 1940 1944 1983 aut

370 2028 652 2081 Mercurio
680 2023 1009 2093 misceatur,
1038 2039 1211 2099 quam
1264 2040 1395 2097 quae
1424 2038 1600 2095 supra
1630 2030 1944 2074 memorata

371 2126 510 2171 sunt
542 2112 615 2171 de
632 2117 799 2173 Luna
826 2110 1066 2169 eandem
1099 2108 1569 2186 conjunctionem
1594 2118 1727 2184 post
1745 2104 1943 2161 decre-

372 2194 648 2261 scentium
670 2222 705 2260 a
730 2201 978 2261 Saturno
1001 2211 1297 2277 sequente.
1338 2196 1469 2279 Uno
1494 2216 1661 2253 versu
1693 2196 1804 2264 480
1818 2214 1948 2251 ean-

374 2294 504 2349 dem
536 2310 663 2349 esse
697 2290 817 2347 vim
848 2288 1059 2359 Lunae,
1090 2291 1139 2345 si
1162 2289 1425 2362 quinque
1465 2284 1715 2364 planetis
1746 2302 1818 2339 ex
1846 2284 1945 2338 ad-

374 2398 547 2437 verso
570 2390 867 2457 appareat,
891 2378 1131 2435 indicat.

452 2467 581 2526 Jam
610 2468 684 2526 de
709 2471 870 2525 Luna
898 2486 1031 2524 cum
1060 2468 1191 2521 Sole
1219 2461 1535 2538 conjuncta
1557 2461 1663 2527 481
1700 2477 1791 2535 sq.
1831 2470 1890 2515 et
1917 2478 1950 2513 a

374 2556 508 2613 Sole
533 2556 894 2614 decrescente
915 2552 1017 2612 sed
1050 2556 1209 2609 bonis
1233 2550 1413 2607 stellis
1444 2550 1525 2627 (i.
1555 2568 1607 2605 e.
1632 2546 1771 2604 Jovi
1790 2591 1806 2621 ,
1832 2552 1944 2603 Ve-

375 2646 525 2715 neri,
566 2644 859 2703 Mercurio
892 2644 909 2719 )
956 2640 1466 2720 appropinquante
1499 2636 1721 2705 483-85
1764 2655 1948 2713 pauca

376 2733 557 2791 addit.
942 2746 948 2753 ’

454 2821 817 2896 Quamquam
847 2817 1043 2895 quivis
1069 2814 1373 2873 nobiscum
1397 2810 1659 2871 laudabit
1682 2823 1912 2891 poetam
1932 2855 1947 2881 ,

377 2910 533 2989 quod
549 2909 747 2969 ordini
758 2905 1077 2966 commodae
1088 2902 1513 2984 perspicuitatis
1526 2922 1699 2961 causa
1709 2902 1951 2960 invento

379 3020 497 3058 non
526 2999 609 3058 ita
633 3017 865 3056 servum
896 3015 957 3054 se
1000 2993 1255 3064 addixit,
1278 3006 1342 3052 ut
1368 2991 1497 3069 ejus
1516 2991 1739 3048 ordinis
1769 2991 1952 3064 gratia

381 3087 439 3143 in
476 3084 773 3166 repetendi
802 3084 1001 3142 eadem
1030 3082 1354 3162 periculum
1388 3084 1733 3148 incurreret,
1764 3093 1950 3134 tamen

380 3175 551 3232 aliam
571 3175 742 3232 etiam
759 3173 1059 3252 aperuisse
1077 3189 1306 3229 causam
1330 3170 1537 3248 placet,
1558 3165 1635 3224 ob
1661 3187 1829 3242 <piam
1857 3164 1953 3222 liic

382 3262 621 3340 quidem
647 3261 850 3338 paullo
876 3260 1119 3319 liberius
1145 3279 1266 3319 rem
1284 3257 1570 3316 tractavit.
1594 3253 1816 3312 Etenim
1842 3275 1948 3310 no-

380 3353 493 3410 xiae
518 3352 635 3409 illae
661 3351 840 3408 Lunae
861 3369 991 3407 cum
1014 3346 1245 3407 duobus
1264 3346 1453 3404 noxiis
1464 3349 1693 3402 Saturni
1711 3355 1766 3400 et
1785 3346 1953 3399 Mar-

381 3447 451 3497 tis
479 3437 773 3498 sideribus
806 3437 1249 3514 conjunctiones
1282 3433 1556 3511 inprimis
1582 3430 1950 3489 credulorum

1776 374 2207 439 PRAEPATIO.

2025 505 2182 576 Quid
2197 516 2370 563 restet
2380 502 2726 576 canendum,
2739 500 2893 560 idem
2912 499 3262 559 brevissime
3277 499 3578 559 indicavit:

2147 662 2282 712 νῦνδ’
2307 662 2738 725 ἐπιμαρτυρίας
2755 640 2912 709 «sitdiu
2929 661 3010 708 καὶ
3035 662 3316 721 σχήματα
3333 660 3502 719 πάντα,

2149 744 2358 801 ἀλλήλων
2379 742 2418 790 θ’
2437 743 2530 791 ὅσα
2547 742 2717 803 δρῶσιν
2743 740 2843 789 ὑπ’
2867 740 3214 789 ἀκτίνεσσιν
3235 741 3406 801 ἐόντες,

2154 824 2234 873 καὶ
2255 824 2521 883 κέντροις
2547 820 2840 882 πισύρεσσ
2855 836 2904 867 ιν
2929 818 3310 879 ἑπεμὸεὔαῶτες,
3335 819 3498 867 ἀείσω.

2029 960 2260 1018 Priores
2289 960 2406 1047 duo
2431 978 2635 1017 versus
2671 959 2824 1017 idem
2850 959 3124 1029 innuunt,
3155 958 3252 1015 sed
3281 961 3482 1037 paullo
3505 983 3590 1018 ex·

2027 1050 2322 1126 plicatius,
2345 1047 2502 1123 quod
2517 1046 2636 1123 jam
2665 1045 2819 1104 libro
2849 1046 3052 1123 priore
3069 1066 3128 1102 v.
3161 1048 3418 1122 399-401
3455 1049 3592 1107 indi-

2031 1140 2214 1211 cavit,
2247 1138 2350 1214 qui
2385 1136 2620 1213 quidem
2652 1136 2809 1191 locus
2837 1153 2872 1191 a
2897 1154 2958 1191 v.
2986 1156 3098 1206 227
3114 1134 3294 1210 hujus
3325 1136 3466 1193 libri
3495 1139 3592 1195 ini-

2031 1229 2176 1285 tium
2205 1227 2382 1304 capit.
2425 1225 2731 1281 l’raemittit
2763 1224 3086 1281 doctrinam
3119 1224 3192 1279 de
3233 1224 3586 1301 planetarum

2029 1316 2292 1373 efficacia
2320 1326 2594 1391 quattuor
2624 1326 2814 1367 centra
2848 1332 2978 1389 quae
3007 1310 3284 1368 dicuntur
3315 1333 3592 1391 occupan-

2033 1404 2209 1474 tium,
2255 1421 2429 1480 quam
2471 1401 2794 1458 doctrinam
2843 1400 3051 1457 ultimo
3111 1400 3274 1457 illius
3329 1404 3590 1477 prooemii

2030 1512 2198 1551 versu
2239 1489 2534 1570 promisit.
2571 1490 2718 1545 Sunt
2756 1508 2824 1545 ea
2856 1500 3052 1546 centra
3080 1488 3208 1545 sive
3235 1490 3517 1547 stationes
3545 1496 3592 1547 in

2033 1581 2258 1639 oriente
2295 1599 2470 1655 super
2505 1578 2894 1635 horonomum
2916 1621 2932 1648 ,
2973 1578 3032 1633 in
3060 1596 3302 1647 occasu,
3331 1580 3394 1634 in
3421 1582 3596 1636 medio

2033 1670 2216 1739 coelo,
2248 1668 2360 1725 sub
2400 1681 2566 1724 terra.
2607 1664 2868 1741 Explicat
2899 1666 3157 1739 primum
3203 1664 3352 1741 quid
3397 1670 3596 1742 singuli

2035 1758 2308 1834 planetae,
2339 1754 2444 1813 ubi
2471 1758 2529 1811 in
2555 1774 2674 1811 uno
2697 1754 2908 1812 horum
2945 1766 3276 1810 centrorum
3314 1759 3420 1809 soli
3446 1777 3598 1833 appa-

2037 1856 2218 1913 reant,
2245 1841 2582 1902 hominibus
2597 1840 2741 1899 boni
2759 1842 2973 1898 malive
2989 1841 3365 1918 portendant,
3385 1858 3598 1900 secutus

2035 1952 2168 1990 eum
2193 1932 2265 1991 de
2299 1951 2416 2007 quo
2440 1932 2562 2008 jam
2592 1930 2804 2005 saepius
2845 1931 3180 1986 monuimus
3207 1930 3502 2003 ordinem,
3534 1936 3599 1990 ita

2037 2035 2099 2077 ut
2127 2040 2220 2079 res
2245 2024 2478 2077 Saturni
2503 2020 2638 2075 8-31
2665 2062 2680 2088 ,
2711 2024 2866 2075 lovis
2893 2018 3068 2083 32-48
3087 2061 3104 2089 ,
3142 2022 3360 2074 blattis
3397 2028 3560 2097 49-71
3584 2065 3597 2087 ,

2043 2114 2272 2165 Veneris
2303 2109 2518 2185 ’γα-89,
2555 2111 2826 2161 Mercurii
2855 2106 3070 2183 90-105
3091 2150 3106 2176 ,
3142 2109 3292 2162 Solis
3331 2112 3598 2183 106-119,

2040 2202 2216 2253 Lunoe
2237 2217 2397 2255 iao-1
2413 2198 2484 2253 30
2499 2207 2900 2273 persequatur.
2919 2194 2983 2250 ln
3001 2195 3420 2252 enumerandis
3431 2212 3600 2254 autem

2041 2286 2185 2363 ipsis
2209 2290 2426 2343 centris
2468 2303 2536 2341 eo
2567 2296 2788 2340 tantum
2828 2282 2944 2340 sibi
2971 2284 3250 2353 constitit,
3279 2287 3442 2360 quod
3467 2308 3602 2344 sem-

2041 2394 2144 2452 per
2189 2373 2264 2432 ab
2312 2372 2623 2431 horonomi
2671 2384 2871 2428 centro
2919 2372 3155 2429 initium
3203 2372 3371 2445 fecit,
3417 2378 3604 2432 ceteris

2039 2463 2208 2521 vario
2237 2462 2412 2519 modo
2441 2458 2793 2537 subjunctis.

2121 2550 2250 2609 Non
2275 2550 2402 2609 sine
2425 2549 2640 2607 diserta
2657 2548 3230 2619 commemoratione,
3248 2569 3383 2627 quat
3409 2564 3602 2609 tamen.

2041 2653 2107 2698 ut
2129 2640 2280 2698 infra
2309 2636 2665 2707 videbimus,
2700 2654 2820 2692 uno
2841 2649 2994 2693 certe
3022 2655 3198 2693 versu
3223 2639 3490 2697 mutilata
3511 2654 3602 2711 est,

2042 2750 2095 2787 v.
2129 2730 2230 2785 131
2259 2725 2332 2785 ad
2353 2732 2594 2783 alteram
2617 2725 2950 2799 dogmatum
2974 2726 3364 2786 centricorum
3403 2743 3603 2805 partun:

2044 2818 2279 2889 transit,
2305 2815 2449 2892 quid
2478 2815 2810 2890 significent
2836 2814 3083 2891 planetae
3103 2813 3232 2871 bini
3263 2816 3328 2872 in
3360 2818 3608 2875 adversis

2044 2909 2255 2964 centris
2283 2903 2398 2963 sibi
2441 2904 2692 2962 invicem
2723 2902 3004 2981 oppositi.
3045 2902 3156 2960 Sed
3195 2902 3332 2960 fecit
3361 2903 3476 2963 hoc
3503 2921 3607 2964 tan-

2047 3008 2166 3053 tum
2205 2995 2269 3054 in
2319 2992 2550 3050 duobus
2581 2993 2827 3062 centriS,
2877 2991 3260 3050 horonomico
3300 3008 3358 3051 et
3407 2996 3605 3056 ἀνύω,

2045 3085 2245 3142 eodem
2279 3082 2488 3140 ordine
2531 3081 2674 3156 quid
2706 3083 2977 3136 Saturnus
3017 3080 3080 3138 in
3123 3080 3310 3138 altero
3339 3060 3606 3161 app-arens

2046 3193 2175 3229 cum
2197 3176 2332 3229 Jove
2359 3171 2640 3240 133-140,
2661 3172 2852 3225 Marte
2869 3202 2944 3214 --
2972 3171 3106 3238 146,
3139 3173 3362 3226 Venere
3383 3206 3460 3215 —
3493 3175 3605 3240 155.

2047 3265 2414 3317 Meaeruraeo—
2443 3260 2585 3330 1623
2612 3256 2756 3334 quid
2775 3261 3001 3331 Jupiter
3015 3275 3146 3312 cum
3172 3259 3460 3314 Marte—
3490 3264 3603 3332 153.

2047 3370 2176 3406 cum
2204 3353 2416 3404 Venere
2439 3380 2514 3390 —
2552 3347 2680 3416 185,
2702 3365 2832 3402 cum
2857 3349 3140 3401 Mercurio
3171 3378 3248 3388 --
3297 3351 3445 3422 1933
3484 3351 3604 3424 quid

2047 3442 2210 3494 Mars
2232 3457 2361 3494 cum
2403 3439 2616 3490 Venere
2635 3467 2710 3478 ——-
2743 3436 2854 3490 206
2873 3478 2888 3504 ‚
2922 3453 3052 3489 cum
3087 3437 3380 3490 iver-curio
3401 3471 3479 3478 —
3513 3451 3604 3492 210

381 3527 811 3606 discipalol'um
877 3525 1181 3584 attentioni
1237 3519 1709 3580 commendassdae
1767 3533 1949 3575 Oram-
1995 3534 2002 3605 Ι
2047 3531 2288 3582 alterum
2347 3534 2663 3599 occupante
2707 3520 3047 3578 hominibus
3105 3521 3322 3579 afferre
3381 3526 3608 3585 soleant,

383 3619 537 3676 Hinc
564 3615 731 3674 vides
772 3615 876 3672 has
930 3612 1404 3689 conjunctiones,
1450 3627 1829 3686 magnopere,
1895 3622 1954 3662 ut
1997 3616 2001 3627 '

382 3704 711 3764 videbimus
728 3745 745 3774 ,
790 3700 864 3759 ab
898 3701 993 3758 his
1017 3699 1337 3783 ‘astrologis
1382 3697 1736 3764 decantatas,
1782 3695 1951 3751 etiam

384 3794 606 3871 majore
656 3810 933 3850 versuum
974 3807 1221 3846 numero
1268 3785 1481 3844 efferri.
1526 3784 1775 3859 Propter
1826 3803 1949 3840 eam

384 3880 565 3939 Lunae
589 3879 907 3938 efficaciam
937 3876 1081 3935 duas
1112 3876 1255 3933 alias
1276 3873 1453 3931 tradit
1474 3875 1535 3930 in
1564 3873 1679 3928 fine
1703 3870 1950 3945 regnlae,

386 3971 668 4048 primum,
698 3987 821 4024 eam
848 3985 1033 4023 vacue
1060 3976 1387 4022 currentem
1413 3962 1475 4020 in
1494 3960 1794 4019 nativitate
1818 3961 1954 4016 mali

386 4059 599 4118 ominis
626 4076 752 4115 esse
782 4055 1031 4126 4860883
1074 4052 1307 4122 deinde,
1332 4053 1503 4108 etiam
1526 4062 1657 4107 ante
1684 4049 1954 4106 nativita-

386 4160 496 4204 tem
522 4158 581 4204 et
613 4163 765 4203 nova
787 4155 846 4200 et
871 4145 1043 4220 plena
1069 4140 1233 4199 Luna
1252 4155 1442 4198 utrum
1484 4158 1621 4196 cum
1664 4138 1859 4194 noxiis
1882 4158 1952 4193 an

386 4254 515 4291 cum
558 4232 824 4290 felicibus
886 4229 1069 4287 stellis
1120 4228 1530 4304 congrediatur
1582 4227 1775 4300 magni
1830 4246 1928 4281 mo

390 4322 567 4379 menti
596 4339 723 4378 esse
752 4352 827 4362 —
862 4317 1010 4395 495,
1063 4337 1307 4395 quarum
1347 4334 1419 4372 ex
1468 4314 1589 4372 illis
1636 4313 1952 4390 pessimum

386 4409 717 4487 exemplum
746 4406 901 4464 Mars
929 4407 1204 4463 omnibus
1233 4406 1295 4461 in
1328 4403 1527 4462 formis
1549 4445 1565 4473 ,
1596 4421 1667 4459 ex
1692 4401 1783 4460 his
1809 4403 1954 4478 opti·

386 4518 544 4556 mum
586 4495 684 4555 Sol
724 4515 793 4554 ex
833 4493 1076 4552 adverso
1120 4493 1347 4572 positus
1386 4496 1565 4548 Lunae
1605 4503 1958 4546 memoratur

388 4618 466 4628 —
495 4583 628 4644 502.
674 4589 685 4596 “

466 4672 609 4742 Quae
631 4671 931 4745 hucusque
949 4668 1233 4746 explicata
1248 4680 1385 4726 sunt
1412 4687 1583 4724 nemo
1599 4666 1807 4724 melius
1825 4665 1957 4722 bre-

391 4761 636 4836 viusque
650 4756 1104 4836 comprehendat
1122 4757 1254 4831 ipso
1278 4768 1535 4826 auctore,
1554 4755 1657 4832 qui
1685 4765 1960 4828 sequentis

391 4848 531 4906 libri
565 4847 737 4907 initio
762 4847 1069 4925 potissima
1091 4845 1186 4903 his
1214 4843 1412 4902 verbis
1436 4844 1644 4922 repetit
1677 4865 1690 4899 :

515 4985 641 5034 ὅσσα
663 4984 1023 5047 μὶνὰλλήλων
1046 4983 1235 5040 οῐκοις
1258 4983 1465 5032 τελέουσι
1482 4985 1714 5044 βροτοῖσιν

517 5065 721 5127 ἀστέρες,
742 5063 953 5127 Ἠελίῳ
974 5079 1028 5112 τε
1051 5065 1379 5126 minimam
1399 5063 1636 5120 συνόντες,

516 5141 711 5192 ὁππόσα
728 5142 809 5190 καὶ
827 5146 994 5205 κεροιῆς
1015 5149 1237 5203 συναφαῖς
1250 5141 1475 5204 τεύχουσι
1506 5141 1539 5187 Σ
1552 5141 1646 5196 akr,
1657 5159 1679 5186 ν
1692 5157 1721 5196 η
1735 5159 1753 5194 ς
1770 5177 1785 5196 ,

518 5221 567 5270 lv
593 5219 907 5284 προτέραις
930 5219 1163 5268 σελίδεσσι
1183 5217 1287 5280 μάλ’
1308 5218 1537 5281 ἀτρεκέως
1561 5219 1795 5271 κατέλεξα.

2047 3632 2415 3670 enumerans».
2461 3611 2830 3687 Quicumque
2873 3611 2989 3682 jam
3043 3623 3379 3667 accuratam
3445 3627 3607 3690 poem·

2047 3702 2410 3758 sedulitatem
2425 3699 2727 3774 hucusque
2743 3711 3079 3775 persecutus
3095 3697 3297 3771 suerit,
3317 3699 3604 3756 nobiscnm

2047 3792 2236 3846 statim
2269 3787 2690 3845 animadvertet
2709 3784 2805 3842 hic
2833 3785 3067 3862 quidem
3095 3798 3230 3862 post
3249 3807 3312 3842 v.
3349 3791 3462 3844 216
3493 3790 3582 3845 ulti

2050 3897 2196 3934 mam
2229 3875 2404 3953 hujus
2433 3875 2545 3931 loci
2567 3874 2908 3949 particulam
2933 3917 2948 3945 ,
2977 3893 3092 3950 qua
3125 3873 3199 3930 de
3237 3877 3474 3932 Veneris·
3497 3898 3604 3932 cum

2049 3970 2329 4021 Met-curio
2359 3961 2686 4020 rationibus
2729 3961 3029 4036 agebatur,
3081 3965 3371 4038 temporis
3412 3965 3605 4042 injuria

2048 4053 2433 4109 intercidisse.
2459 4051 2662 4127 ltaque
2683 4068 2798 4106 non
2822 4069 2969 4126 opus
2990 4062 3074 4105 est
3095 4049 3375 4126 pluribus
3397 4055 3606 4110 deumn-

2048 4142 2247 4211 strari,
2287 4140 2572 4214 longioris
2601 4140 2816 4195 lacunae
2837 4140 3002 4212 signa
3027 4141 3364 4197 necessario
3401 4141 3492 4198 hic
3521 4163 3586 4218 pv

2047 4231 2238 4287 nenda
2260 4229 2448 4286 fuisse.

2128 4319 2440 4395 Postquam
2473 4314 2704 4373 duobus
2733 4313 3002 4372 versibus
3040 4335 3153 4385 217
3189 4335 3280 4391 sq.
3315 4316 3604 4374 indiraxit.

2051 4427 2288 4486 prorsus
2304 4403 2544 4462 eandem
2559 4423 2684 4461 esse
2701 4404 3017 4460 eorundem
3036 4403 3302 4458 siderum
3323 4406 3603 4464 rationem,

2050 4498 2096 4553 si
2123 4497 2182 4552 in
2201 4493 2431 4550 duobus
2453 4492 2650 4548 alteris
2680 4491 2916 4561 centris,
2945 4489 3121 4546 medii
3145 4487 3283 4547 coeli
3317 4503 3375 4547 et
3403 4493 3604 4548 subter-

2051 4580 2620 4658 raneo‚occupandis
2649 4582 2800 4637 inter
2829 4597 2890 4636 se
2913 4579 3223 4646 alternent,
3239 4578 3475 4636 duobus
3495 4582 3606 4636 aliis

2053 4671 2319 4732 versibus
2357 4671 2426 4726 ad
2467 4689 2656 4742 rege-s,
2689 4668 2880 4724 Solem
2921 4679 2978 4723 et
3008 4665 3228 4722 Lunam
3249 4710 3265 4734 ‚
3316 4667 3436 4725 sibi
3469 4682 3604 4744 parat

1999 4817 2006 4846 1
2053 4762 2358 4819 transitum
2376 4801 2393 4830 ‚
2445 4775 2794 4834 quamquam
2839 4774 2962 4813 eam
2993 4773 3112 4811 rem
3159 4758 3432 4812 ani-225
3477 4757 3604 4812 haud

2001 4857 2007 4898 Ι
2053 4849 2250 4906 multis
2269 4843 2537 4904 versibus
2561 4842 2816 4901 absolvit
2832 4887 2848 4916 ‚
2868 4839 2964 4900 hic
2985 4841 3252 4920 quidem,
3279 4845 3606 4901 variationis

2053 4936 2240 5012 gratia
2273 4935 2504 5012 opinor,
2538 4933 2611 4989 de
2641 4950 2871 4989 summo
2903 4943 2960 4988 et
2997 4929 3186 4987 insero
3211 4945 3419 4989 centro
3441 4933 3602 5008 expli-

2055 5028 2232 5081 catius
2253 5023 2523 5093 ‹licend0,
2549 5042 2666 5079 uno
2689 5018 2977 5078 versiculo
2997 5019 3110 5074 226
3128 5017 3284 5074 idem
3311 5019 3374 5076 in
3400 5020 3604 5076 duobus

2055 5113 2248 5168 alteris
2279 5111 2487 5166 centris
2511 5109 2703 5164 valere
2731 5107 3026 5164 monuisse
3050 5119 3383 5166 contentus.

2133 5199 2258 5255 Jam
2297 5219 2356 5257 v.
2394 5199 2612 5268 227-33
2644 5197 2800 5252 viam
2825 5193 2940 5252 sibi
2969 5195 3162 5252 munit
3188 5194 3259 5251 ad
3287 5197 3520 5252 alteram
3547 5195 3603 5247 ‹lt-
