3767 5825
1040 370 1349 430 οΡΡιΑΝι
1390 371 1488 430 nn
1528 370 1975 433 νΕΝΑΤιοΝΕ
2015 370 2161 430 Lm.
2207 372 2311 431 111.
2991 332 3004 346 ’
3203 368 3278 424 29

185 501 455 583 ἔμμινέως
479 501 697 584 Ξτόρησε
724 500 815 560 καὶ
842 499 1139 580 αἷχμήεντα
1172 497 1401 581 σίδηρον.

188 591 303 654 Καὶ
328 589 465 652 κύνα
492 589 682 672 σείριον
712 579 847 664 οἶδεῗ,
872 587 967 648 καὶ
1000 585 1315 646 ἀντέλλοντα
1341 586 1599 669 φοὸεῖται·

184 681 378 740 αὐτίκα
403 679 471 752 δὴ
499 677 714 762 ρωχμὸν
742 675 1060 738 καταδύεται
1089 675 1261 757 εὐρέος
1288 675 1436 755 αἴης,

184 771 253 842 ἠὲ
282 767 421 828 κατὰ
450 766 751 847 σπήλυγγος
779 761 1051 848 ἀφεγγέοά,
1077 763 1275 824 εἰσόκεν
1302 764 1432 835 ἄζης

97 880 169 920 225
194 855 373 929 ἠέλιος
398 853 663 916 παύσαιτο
689 853 782 914 καὶ
810 853 1092 932 οὐλομένου
1116 852 1267 921 κυνὸς
1295 853 1488 936 ἀστήρ.

268 941 524 1024 Ἄκμονες
548 934 617 1003 αἶ
645 941 804 1016 δοιοὶ,
831 941 1007 1025 φόνιον
1032 940 1205 1022 γένος,
1234 941 1432 1023 αὐχένα
1470 941 1610 1024 βαιοὶ
1626 987 1643 1020 ,

190 1033 470 1117 εὗρύτατοι
494 1032 754 1106 νώτοισιν,
778 1031 914 1115 ἀτὰρ
940 1029 1247 1113 λασιότριχε
1267 1029 1466 1113 μηροὺς

186 1125 285 1183 καὶ
310 1120 479 1189 πόδας
504 1119 598 1194 ἠδὲ
626 1119 907 1200 πρόσωπον
936 1119 1184 1192 ὀλίζονες,
1213 1117 1421 1197 ὄμμασι
1446 1117 1605 1200 βαιοί.

188 1215 321 1274 Τῶν
348 1214 379 1269 ὃ
406 1207 505 1290 μὲν
529 1207 803 1292 ἀργυφέοις
830 1206 1010 1275 νώτοις
1034 1206 1127 1268 καὶ
1154 1205 1370 1288 γαστέρι
1396 1208 1559 1287 λευκῇ

104 1323 171 1364 m
194 1297 519 1382 παμφαίνει,
538 1296 779 1380 δνοφερὸς
788 1298 843 1356 δὲ
867 1295 1041 1376 μόνων
1070 1295 1209 1378 ἄκρα
1232 1295 1647 1376 νείαταταρσῶν·

201 1389 261 1448 ὅν
285 1411 427 1456 τινες
450 1389 646 1446 ἰκτῖνον
675 1383 989 1466 πολιότριχα
1017 1387 1183 1467 φῶτες
1209 1382 1408 1452 ἔλεξαν.

188 1474 384 1558 Αὐτὰρ
406 1473 497 1556 ἆγε
534 1478 747 1556 χροιῇσι
785 1473 1193 1552 μελαινομένῃσι
1216 1468 1511 1552 πέφανται,

190 1563 362 1644 μείων
393 1561 824 1646 μὲνπροτέροιο,
851 1561 912 1621 τὸ
938 1559 993 1621 δὲ
1020 1560 1195 1628 σθένος
1222 1563 1317 1620 οὐκ
1346 1558 1603 1632 ἐπιδευής.

188 1651 429 1734 Θηρεύει
450 1651 497 1711 δ’
526 1650 789 1733 ἔκπαγλον
815 1650 903 1710 ἐπὶ
928 1648 1225 1710 πτώκεσσιν
1252 1647 1466 1732 ὀρούων·

112 1765 179 1804 a>
197 1741 381 1804 πᾶσαί
406 1743 455 1801 τ’
482 1743 545 1802 ἐκ
568 1739 771 1821 μελέων
796 1740 947 1823 ὀρθαὶ
969 1738 1273 1823 φρίσσωσιν
1300 1737 1511 1822 ἔθειραι.

248 1829 465 1906 Δηθάκι
486 1830 533 1890 δ’
562 1821 687 1890 αὖτε
709 1829 860 1890 λύκοι
886 1829 979 1890 καὶ
1000 1827 1340 1914 πορδαλίεσσι
1365 1829 1653 1908 διαφοιναῒς

197 1925 269 1989 εἷς
292 1920 449 1993 εὐνὴν
472 1919 799 1998 ἐπέλασσαν,
824 1916 939 1979 ὅθεν
966 1915 1352 2001 κρατερόφρονα
1381 1918 1519 1994 φῦλα
1540 1963 1557 1994 ,

206 2014 355 2080 θῶες·
374 2013 512 2090 ὁμοῦ
528 2009 583 2068 δὲ
597 2007 811 2092 φέρουσι
825 2009 1040 2066 διπλοῦν
1063 2003 1458 2089 μεμορυγμένον
1476 2004 1626 2072 ἄνθος
1638 2049 1653 2076 ,

202 2095 415 2182 μητέρα
441 2096 537 2176 μὲν
570 2097 781 2180 ῥινοῖσι,
806 2092 1107 2176 προσώποις
1133 2094 1177 2154 δ’
1202 2084 1269 2152 αὗ
1292 2098 1546 2176 γενετῆρα

278 2189 315 2220 4
396 2188 433 2219 4
512 2187 545 2218 ὅ
626 2186 657 2217 ὅ
734 2185 767 2217 4
845 2185 879 2216 4
959 2184 990 2215 ὅ
1078 2185 1109 2214 4
1192 2184 1223 2214 *
1312 2185 1343 2214 4
1431 2183 1462 2214 ὅ
1552 2185 1581 2214 4

1720 507 1908 560 fortiter
1925 508 2150 572 perfregit
2172 509 2222 559 et
2244 512 2441 559 acutum
2466 508 2663 559 ferrum.

1720 600 1784 648 Et
1804 611 1973 648 canem
1999 597 2176 648 Sirium
2195 598 2330 647 novit
2344 633 2359 658 ,
2379 598 2430 648 et
2450 598 2742 648 exorientem
2765 597 2967 668 metuit3

1724 700 1835 737 mox
1856 688 1985 738 enim
2009 699 2207 750 specum
2231 685 2362 736 subit
2385 686 2497 737 latre
2519 692 2688 749 terrae,

1723 781 1809 825 aut
1830 775 2108 840 speluncam
2130 775 2434 838 caliginosam
2448 812 2463 837 ,
2487 775 2640 826 donec
2662 775 2870 826 ab—aestu

1726 864 1797 913 sol
1818 863 2023 914 desistat
2043 865 2093 913 et
2113 862 2392 926 peruiciosae
2413 863 2646 913 caniculae
2668 864 2825 913 stella.

1789 957 2022 1004 Acmones
2033 964 2175 1014 porro
2187 951 2403 1015 duplices
2415 953 2560 1007 sunt,
2581 951 2902 1000 truculentum
2917 964 3088 1014 genus,
3103 951 3297 1003 cervici·

1726 1041 1819 1090 bus
1838 1040 2008 1091 breves
2024 1039 2058 1105 ,]
2081 1039 2304 1090 latissimi
2325 1039 2498 1102 tergis,
2522 1038 2607 1089 sed
2630 1038 2807 1103 hispidi
2827 1040 3090 1090 semoribus

1726 1133 1777 1180 et
1798 1129 2003 1193 pedibus
2025 1142 2082 1178 ac
2103 1129 2222 1179 facie
2241 1129 2478 1192 minores,
2500 1128 2655 1179 oculis
2671 1129 2823 1192 parvi.

1729 1221 1912 1270 Horum
1938 1218 2058 1268 aiter
2077 1217 2274 1281 quidem
2297 1216 2534 1281 argenteis
2553 1218 2727 1279 tergis,
2751 1219 2803 1268 et
2822 1219 2992 1268 ventre
3015 1218 3124 1268 albo

1730 1307 2047 1369 illustris-ast,
2060 1307 2300 1357 obscurus
2313 1309 2476 1358 autem
2491 1305 2704 1357 solarum
2716 1305 3102 1358 extremitatibus
3119 1305 3302 1358 ultimis
3349 1347 3358 1355 .

1731 1397 2004 1461 plantarum
2016 1395 2053 1462 ‚]
2077 1411 2223 1462 quem
2241 1397 2440 1462 quidam
2455 1395 2658 1447 ictinum
2674 1409 2849 1448 canum
2870 1397 3089 1448 homines
3111 1401 3300 1448 vocant.

1733 1485 1824 1537 sed
1847 1487 1967 1536 alter
1988 1486 2148 1536 colore
2170 1485 2432 1549 nigricante
2454 1484 2685 1548 cernitur,

1733 1575 1891 1624 minor
1912 1573 2104 1638 quidem
2127 1574 2288 1638 priore
2305 1612 2320 1638 ,
2341 1575 2393 1625 at
2413 1573 2586 1626 robore
2606 1587 2704 1625 non
2727 1572 3009 1627 destitutus.

1732 1664 1949 1714 venatur
1971 1677 2086 1714 vero
2104 1663 2394 1714 horribiliter
2416 1664 2466 1714 in
2487 1663 2676 1729 lepores
2697 1664 2912 1726 irruens3

1736 1764 2000 1816 omnesque
2021 1766 2049 1802 e
2067 1751 2296 1804 membris
2314 1753 2486 1804 arrecti
2509 1753 2707 1804 horrent
2729 1753 2832 1818 pili.

1796 1844 2138 1905 saepenumero
2155 1845 2318 1892 autem
2340 1841 2442 1906 lupi
2469 1842 2617 1892 etiam
2639 1841 3025 1908 cum-pantheris
3048 1841 3264 1893 cruentis

1737 1929 1789 1978 in
1811 1929 1996 1979 coitum
2019 1929 2339 1990 conveniunt,
2361 1929 2492 1981 unde
2515 1931 2715 1988 robusta
2731 1943 2931 1994 genera,

1737 2018 2054 2083 lupi-cervarii
2067 2036 2082 2081 ;
2104 2019 2248 2069 simul
2263 2021 2425 2070 autem
2440 2020 2600 2070 serunt
2618 2019 2879 2084 duplicem,
2894 2013 3102 2070 minum
3121 2019 3285 2070 florem
3299 2053 3314 2081 ‚-

1740 2109 1944 2159 matrem
1961 2108 2160 2172 quidem
2182 2107 2390 2172 pellibus
2411 2107 2725 2170 referente-5,
2755 2108 2875 2158 facie
2890 2111 3058 2160 contra
3079 2113 3264 2172 patrem
3317 2165 3320 2170 ,

1801 2198 3334 2241 ****************3

1802 2285 2010 2349 Tigridis
2025 2300 2168 2350 porro
2191 2285 2416 2350 deinceps
2439 2299 2727 2350 generosum
2754 2299 2930 2351 corpus
2950 2299 3209 2346 canamus,

1746 2389 1845 2440 qua
1862 2389 1961 2426 non
1975 2374 2240 2438 iucundius
2261 2378 2549 2441 quicquam
2571 2377 2742 2426 natura
2764 2375 2975 2440 praebuit
2999 2375 3258 2426 artificiosa

1744 2463 1898 2516 oculis
1913 2464 2264 2515 ael-videndum
2289 2463 2497 2514 ferarum
2521 2465 2648 2514 inter
2669 2464 2912 2528 ingentem
2933 2464 3145 2515 turbam.

1749 2555 1958 2605 Tantum
1980 2555 2144 2604 autem
2161 2553 2284 2603 inter
2307 2553 2432 2604 seras
2452 2553 2696 2603 excellens
2719 2555 2795 2603 est
2815 2552 2952 2616 tigris
2965 2588 2982 2615 ,

1747 2648 1986 2708 quantum
2007 2643 2134 2693 inter
2155 2641 2310 2694 aerias
2326 2653 2450 2706 pavo
2472 2641 2673 2705 pulcher
2695 2655 2830 2693 aves.

1748 2732 2024 2784 Per-omnia
2039 2732 2194 2796 ipsam
2212 2732 2376 2783 videas
2397 2733 2677 2782 montanam
2695 2731 2849 2782 veluti
2869 2729 3075 2784 leoeuam
3092 2766 3107 2793 ,

1750 2826 1928 2888 praeter
1954 2821 2108 2872 solam
2130 2821 2330 2885 pellem,
2354 2811 2747 2885 qua'versicolori
2768 2819 3026 2872 cincta-est
3040 2856 3057 2882 ,

1752 2909 2007 2975 insigniter
2026 2911 2392 2974 purpurascenti
2404 2945 2422 2974 ,
2446 2914 2496 2961 et
2513 2908 2726 2961 flosculis
2744 2908 2958 2960 micanti.

1753 3001 1925 3052 Talem
1947 2999 2146 3063 quidem
2163 2998 2357 3061 igneum
2381 2998 2474 3049 sub
2496 2998 2766 3063 superciliis
2787 2997 2918 3049 oculi

1754 3088 2062 3155 splendorem
2072 3086 2322 3153 ,tundnau
2345 3086 2430 3137 sed
2448 3099 2625 3157 corpus
2643 3089 2720 3137 cst
2739 3086 2860 3143 tale,

1754 3180 2026 3243 robustum,
2046 3192 2302 3229 carnosum
2315 3197 2331 3242 ;
2357 3181 2468 3231 talis
2480 3184 2558 3231 est
2577 3181 3214 3245 longam-umbram·l'aciens
3225 3195 3330 3235 cau·

1755 3268 1819 3319 da
1831 3268 1867 3333 ;]
1898 3268 2016 3318 tales
2033 3268 2216 3318 circum
2241 3282 2326 3319 ora
2345 3270 2536 3331 vultus3
2555 3270 2652 3320 tale
2673 3283 2880 3335 superne

1756 3359 1898 3407 nutat
1915 3338 2255 3421 supercilium,
2271 3357 2393 3408 tales
2415 3356 2596 3409 micant
2618 3358 2805 3409 dentes.

1760 3446 1974 3498 celerior
1991 3448 2156 3498 autem
2177 3450 2254 3497 est
2275 3445 2526 3497 velocibus
2549 3447 2726 3497 eximie
2747 3446 2890 3509 ieris5

1759 3535 1848 3600 ipsi
1868 3536 1998 3586 enlm
2019 3548 2166 3587 cursu
2188 3536 2360 3586 similis
2383 3540 2462 3587 est
2484 3537 2704 3600 Zephyro
2726 3536 2960 3599 genitori,

1760 3637 1849 3674 nec
1870 3626 2032 3675 tamen
2051 3622 2282 3687 genitori;
2305 3624 2417 3689 quis
2433 3628 2580 3675 enim
2600 3626 2706 3675 haec
2725 3625 3080 3675 confirmaverit
3092 3661 3107 3687 ,

1762 3711 1895 3775 quod
1918 3712 2033 3763 ἴοι-ω
2050 3713 2336 3776 subigantur
2357 3712 2419 3763 ab
2437 3726 2548 3765 aere
2571 3727 2753 3777 sponso
2765 3718 2788 3764 Ρ

1763 3802 1850 3850 Est
1866 3800 1996 3851 enim
2019 3800 2101 3851 illa
2123 3801 2279 3851 inanis
2303 3801 2429 3851 iama
2442 3838 2457 3861 ,
2477 3802 2610 3865 quod
2633 3802 2726 3853 boc
2746 3816 2898 3867 genus

1764 3888 2027 3939 femineum
2049 3890 2330 3940 universum
2347 3891 2528 3941 existat
2549 3895 2600 3942 et
2615 3904 2790 3955 expers
2819 3892 2968 3941 maris
2989 3890 3081 3955 sit;

1766 3991 2100 4041 saepenumero
2109 3978 2240 4029 enim
2260 3978 2527 4043 conspicias
2540 3978 2781 4041 floridum,
2808 3979 3061 4043 pulchrum
3080 3980 3309 4031 maritum
3321 4018 3336 4045 ‚

1766 4080 1862 4117 non
1884 4080 2004 4118 vero
2027 4068 2092 4117 ita
2115 4067 2254 4118 facile
2271 4068 2462 4131 capias;
2481 4080 2596 4117 nam
2618 4066 2796 4118 relictis
2816 4068 2920 4119 suis
2941 4068 3114 4119 catulis

1763 4156 1939 4220 jugiter
1960 4156 2106 4220 rugit,
2131 4160 2380 4207 venatores
2399 4156 2482 4206 ubi
2504 4156 2782 4220 conspexit3

1772 4246 1948 4297 semina
1968 4250 2084 4295 vero
2106 4246 2366 4295 comitatur
2383 4244 2568 4295 catulos
2580 4280 2596 4306 ,
2619 4243 2883 4311 dolensque
2900 4246 3060 4297 animo

1772 4334 2017 4397 (gaudium
2041 4334 2206 4397 ingens
2227 4334 2554 4398 venatoribus)
2579 4334 2642 4385 ad
2661 4337 2782 4386 retia
2805 4337 2932 4386 recta
2957 4336 3152 4387 accedit.

1832 4428 1960 4486 Aper
1977 4428 2140 4474 autem
2161 4424 2364 4474 martius
2383 4424 2525 4474 valde
2546 4424 2788 4476 excellens
2809 4428 2888 4475 est
2904 4425 3028 4476 inter
3051 4426 3200 4486 ieras,

1774 4511 2060 4563 concubitus
2081 4512 2278 4577 quidem
2299 4513 2482 4577 appetit
2501 4513 2731 4563 extremis
2753 4513 2802 4563 in
2825 4513 3034 4564 vallibus
3059 4513 3342 4578 praecipitio·

1774 4615 1884 4652 rum
1898 4600 1933 4665 ,]
1957 4602 2098 4653 valde
2115 4608 2280 4653 autem
2302 4602 2404 4653 odit
2422 4602 2676 4666 strepitum
2699 4613 2926 4653 sonorum
2946 4603 3172 4654 ferarum.

1777 4690 2086 4742 ln·feminam
2109 4704 2223 4742 vero
2241 4691 2454 4755 pertinax
2473 4690 2662 4741 irruens
2681 4690 2898 4753 oberrat,

1776 4784 1827 4830 et
1847 4779 2112 4831 admodum
2133 4794 2296 4831 amore
2322 4780 2566 4831 insaniens
2589 4779 2808 4841 lascivit3
2833 4780 2961 4831 circa
2981 4779 3158 4831 collum
3182 4780 3344 4831 autem

1778 4868 1994 4933 arrectoe]
2017 4870 2212 4919 horrent
2229 4874 2348 4920 setae
2365 4869 2515 4919 instar
2531 4867 2836 4919 cristatamm
2855 4869 3116 4933 galearum.

1780 4961 2010 5021 spumam
2033 4970 2146 5008 vero
2174 4956 2385 5009 destillat
2402 4958 2451 5007 in
2469 4960 2622 5019 terra,
2645 4962 2697 5008 at
2719 4957 2936 5009 dentium

118 2299 187 2340 ato
287 2277 541 2362 Τίγριδος
565 2265 636 2335 αῧ
665 2272 948 2354 μετέπειτα
970 2271 1159 2334 κλυτὸν
1188 2271 1351 2353 δέμας
1382 2271 1660 2352 ἀείδωμεν,

204 2372 296 2441 τῆς
322 2369 387 2428 οὗ
414 2365 757 2450 τερπνότερον
786 2363 939 2448 φύσις
958 2361 1143 2422 ὤπασε
1164 2361 1462 2443 τεχνήεσσα

204 2457 553 2538 ὀφθαλμοῖσιν
584 2456 709 2515 ἰδεῖν
737 2457 909 2536 θηρῶν
934 2451 1071 2532 μετὰ
1098 2452 1293 2512 πουλὺν
1318 2451 1520 2531 ὅμιλον.

206 2547 411 2608 Τόσσον
439 2543 487 2604 δ’
516 2543 571 2604 ἰν
600 2543 815 2626 θήρεσσι
845 2541 963 2623 μέγ’
991 2541 1167 2622 ἔξοχος
1196 2539 1383 2600 ἔπλετο
1411 2540 1603 2622 τίγρις,

204 2635 356 2697 ὅσσον
386 2637 444 2694 ἰν
464 2631 691 2715 ἧερίοισι
711 2629 853 2700 ταὼς
882 2629 1043 2698 καλὸς
1070 2632 1317 2688 οἰωνοῖσι.

129 2745 195 2786 κθ
216 2723 407 2785 Πάντα
436 2745 531 2802 μιν
559 2719 843 2804 ἀθρήσειας
864 2716 1101 2802 ὀρέσὸιον
1124 2710 1215 2779 οἷα
1242 2717 1475 2792 λέαιναν,

216 2811 365 2896 νόσφι
387 2810 555 2892 μόνου
582 2815 767 2892 ῥινοῖο,
790 2808 879 2868 τὸν
909 2806 1086 2868 αἰόλον
1110 2805 1496 2890 ἐστεφάνωται,

214 2901 437 2963 δαίδαλα
463 2897 801 2984 πορφύροντα
830 2897 924 2959 καὶ
947 2896 1125 2958 ἄνθεσι
1154 2895 1548 2980 μαρμαίροντα.

214 2991 375 3064 Τοίην
400 2988 503 3071 μὲν
528 2988 825 3073 πυρόεσσαν
850 2986 955 3047 ὑπὸ
984 2986 1321 3069 βλεφάροισιν
1344 2984 1561 3047 mai

230 3078 591 3167 μαρμαρυγὴν
602 3077 975 3161 στράπτουσιν·
995 3075 1130 3159 ἀτὰρ
1140 3074 1301 3155 δέμας
1313 3074 1499 3136 ἔπλετο
1508 3081 1667 3149 τοῖον,

134 3191 205 3233 aso
223 3172 503 3256 καρτερὸν,
531 3167 805 3250 εὔσαρκον·
832 3164 947 3240 τοίη
978 3164 1299 3247 δολιχόσκιος
1322 3164 1470 3247 οὐρῆ·

216 3270 331 3321 τοῖα
356 3260 485 3344 περὶ
514 3256 839 3338 στομάτεσσι
859 3254 1207 3337 προσώπατα·
1234 3262 1373 3314 τοῖον
1402 3252 1593 3334 ὕπερθε

218 3351 355 3411 νεύει
375 3346 697 3410 ἐπισκύνιον·
727 3354 860 3406 τοῖοι
883 3346 1191 3425 σελαγεῦσιν
1217 3342 1435 3412 ὀδόντες.

219 3438 488 3521 Ὦκυτέρη
515 3435 713 3497 τελέθει
736 3432 793 3495 δὲ
820 3437 951 3494 θοῶν
978 3432 1346 3515 πανυπείροχα
1374 3436 1566 3513 θηρῶν·

222 3531 365 3612 αὐτῷ
386 3527 495 3609 γάρ
522 3550 582 3585 τε
609 3524 739 3585 θέειν
770 3520 921 3596 ἰκέλη
947 3520 1171 3605 Ζεφύρῳ
1197 3525 1451 3603 γενετῆρι·

137 3639 209 3680 ³⁵5
232 3616 347 3679 οὔτι
367 3641 431 3699 γε
456 3616 565 3695 μὴν
591 3619 847 3696 γενετῆρι·
870 3611 949 3681 τίς
970 3611 1036 3672 ἂν
1062 3610 1189 3671 τάδε
1218 3610 1571 3684 πιστώσαιτο,

220 3711 373 3790 θῆρες
392 3706 477 3765 ὅτι
505 3706 751 3783 δμηθεῖεν
764 3702 862 3761 fm’
889 3700 1008 3783 ἠέρι
1029 3704 1383 3784 νυμφευτῆρις

225 3796 467 3858 Ἔπλετο
490 3792 599 3877 γὰρ
623 3792 771 3865 κείνη
795 3790 949 3863 κενεὴ
977 3789 1154 3872 φάτις,
1184 3793 1254 3858 ὣς
1278 3788 1399 3848 τόδε
1422 3790 1581 3873 φῦλον

224 3886 359 3957 θῆλυ
383 3882 597 3965 πρόπαν
628 3880 827 3941 τελέθει
854 3879 947 3939 καὶ
967 3877 1213 3958 ἀδέμνιον
1243 3875 1458 3959 ἄρσενός
1482 3880 1613 3937 ἐστι·

227 3971 421 4045 δηθάκι
442 3970 545 4054 γάρ
572 3993 665 4031 κεν
695 3968 824 4037 ἴδοις
849 3966 1146 4027 πολυανθέσι
1174 3966 1337 4027 καλὸν
1366 3966 1599 4041 ἀκοίτην·

140 4083 213 4123 m
238 4066 355 4145 ῥεῖα
382 4060 439 4121 δέ
464 4063 516 4141 γ’
544 4062 643 4119 οὐκ
664 4057 731 4117 ἂν
753 4056 908 4125 ἕλοις·
936 4054 1001 4129 δὴ
1029 4054 1131 4135 γάρ
1159 4080 1217 4115 τε
1236 4054 1406 4115 λιπὼν
1435 4055 1497 4115 ἑὰ
1530 4056 1685 4119 τέκνα

228 4148 495 4229 ζμμενέως
522 4145 729 4231 φεύγει,
752 4143 1041 4227 θηρήτορας
1064 4134 1171 4203 εὖτ’
1194 4143 1258 4204 ἂν
1286 4143 1485 4218 ἴδηται·

228 4244 263 4313 ἡ
294 4240 341 4299 δ’
370 4238 559 4299 ἕπεται
590 4234 897 4314 σκύμνοισιν
925 4232 1211 4303 ἀνιάζουσά
1234 4256 1293 4293 τε
1320 4234 1503 4313 θυμὸν,

226 4329 419 4411 χάρμα
444 4326 559 4408 μέγ’
596 4328 941 4408 ἀγρευτῆρσι,
966 4323 1098 4404 πρὸς
1126 4322 1321 4404 ἄρκυας
1347 4322 1455 4391 ἰθὺς
1476 4323 1661 4385 ἱκάνει.

310 4416 533 4498 Κάπρος
560 4414 814 4483 ἐνυαλίοις
842 4413 899 4473 δὲ
924 4412 1040 4493 μέγ’
1064 4410 1241 4492 ἔξοχος
1268 4416 1321 4473 ἐν
1348 4412 1610 4495 θήρεσσιν,

146 4528 219 4568 aa»
242 4506 402 4574 εὐνὰς
426 4507 521 4584 μὲν
549 4503 727 4565 ποθέει
744 4500 1007 4581 πυμάτοις
1032 4500 1108 4562 ἐνὶ
1140 4502 1344 4583 βένθεσι
1370 4506 1635 4585 κρημνῶν,

232 4596 400 4677 ἔξοχα
428 4593 484 4655 δὲ
510 4592 715 4675 στυγέει
740 4594 929 4652 δοῦπον
956 4588 1231 4672 πολυηχέα
1258 4592 1454 4673 θηρῶν.

238 4682 531 4765 Θηλυτέρῃ
559 4684 603 4743 δ’
636 4676 882 4748 ἀλίαστος
910 4678 1235 4763 ἕφορμαίνων
1264 4678 1555 4753 ἀλάληται,

235 4773 329 4835 καὶ
356 4770 491 4852 μάλ’
512 4769 823 4855 ἐρωμανέων
843 4778 1056 4852 σφριγᾷ·
1076 4770 1216 4829 κατὰ
1239 4768 1283 4828 δ’
1305 4766 1524 4850 αὐχένος
1550 4768 1698 4849 ὀρθαὶ

238 4862 529 4948 φρίσσουσι
547 4860 725 4943 τρίχες
739 4905 758 4932 ,
780 4850 866 4917 οἶα
892 4857 1287 4942 περισσολόφων
1315 4858 1590 4931 πηλήκων.

75 4950 77 4978 ²
153 4974 227 5016 m
254 4950 455 5035 Ἀφρὸν
483 4946 806 5010 ἀποσταλάει
830 4944 888 5007 δὲ
912 4946 1051 5009 κατὰ
1074 4946 1272 5029 χθονός·
1293 4945 1460 5029 αὐτὰρ
1480 4946 1699 5007 ὀδόντων

77 5072 79 5086 ¹
242 5044 401 5127 ἕρκος
428 5040 713 5124 ἕπικροτέει
738 5036 1052 5121 λευκόχροον
1082 5038 1313 5116 ἄσθματι
1337 5042 1530 5119 θερμῷ·

244 5132 339 5194 καὶ
367 5128 529 5213 χόλος
552 5129 686 5211 ἀμφὶ
711 5128 931 5209 γάμοισι
959 5125 1096 5187 πολὺ
1122 5127 1305 5204 πλέον,
1334 5125 1497 5209 ἠέπερ
1527 5124 1700 5195 αἰδώς.

247 5216 545 5298 Θηλυτίρη
571 5220 619 5279 δ’
652 5216 702 5278 εἷ
726 5216 818 5294 μίν
844 5238 933 5276 κεν
962 5214 1307 5289 ὑποπτήξασα
1332 5214 1566 5298 μένῃσιν,

1782 5050 1970 5109 septum
1989 5052 2155 5111 crepat
2176 5046 2428 5097 candidum
2450 5046 2662 5097 anhelitu
2689 5046 2900 5109 fervido,

1782 5139 1833 5186 et
1848 5135 1920 5185 ira
1942 5134 2069 5185 circa
2089 5135 2272 5187 coitum
2293 5136 2444 5187 multo
2465 5136 2618 5199 major
2639 5139 2743 5197 est,
2768 5149 2912 5200 quam
2941 5134 3243 5190 verewndia.

1782 5223 1984 5275 Femina
2010 5236 2128 5315 γεω
2149 5225 2192 5277 si
2213 5237 2327 5276 eum
2347 5225 2634 5277 tremiscens
2653 5228 2868 5291 maneat,

3026 5362 3074 5405 9⁶
