3767 5825
938 343 1275 405 SERVILII
1314 344 1807 405 DAMOCRATls
1842 345 2026 417 QUAE
2069 344 2543 405 SUPERSUNT.

241 464 443 525 Βαλὼν
467 464 585 542 μετ’
605 463 779 523 ἐλαίου
802 464 1073 537 λειοτάτην
1095 466 1425 545 λιθάργυρον,

132 574 197 611 25
232 556 341 621 Εἷς
375 552 691 635 κεραμιαίαν
716 552 878 629 μείζω
902 553 993 613 καὶ
1018 553 1201 625 καινὴν
1223 554 1444 635 χύτραν,

232 640 521 721 Ἀνάτριὸε
539 641 743 723 χερσὶν,
769 631 881 699 εἶτα
906 640 1037 699 κίνει
1060 642 1149 700 καὶ
1177 644 1350 721 σπάθῃ
1366 688 1381 715 ,

234 729 393 810 ‘'E-{te
416 730 465 787 δ’
483 728 570 788 ἐπὶ
590 728 789 808 λάὸρας
814 728 905 787 καὶ
924 732 1186 801 διηνεκοῦς
1209 732 1396 809 φλογός
1412 754 1426 767 ·

234 816 424 878 Ὀταν
450 816 505 876 δὲ
529 818 734 895 μέλιτος
751 817 1002 898 λαμὸάνῃ
1027 818 1120 889 τὴν
1144 820 1415 891 σύστασιν,

240 904 357 964 Ἰόν
384 929 439 964 τε
466 905 559 965 καὶ
581 904 675 976 τὴν
698 906 887 963 λεπίδα
910 904 1226 985 προσὸαλὼν
1248 906 1373 987 ἄφες

130 1013 197 1050 ³0
226 990 467 1074 Ἐψεσθ’
491 996 569 1073 ἐφ’
590 993 784 1052 ἱκανόν·
811 984 925 1052 εἶτα
946 993 1147 1072 χαλκὸν
1166 994 1435 1075 πρόσὸαλε
1450 1022 1461 1032 ·

234 1082 420 1141 Πάλιν
445 1084 489 1139 δ’
510 1081 663 1141 ἔασον
690 1081 777 1140 ἐπὶ
799 1082 960 1141 πολὺν
986 1080 1197 1163 ἕψεσθαι
1217 1084 1419 1162 χρόνον,

232 1169 495 1250 Ἀπόχεον
515 1170 688 1248 ὀλίγον
703 1174 797 1241 τῆς
824 1169 1023 1250 χύτρας
1042 1176 1133 1229 τοῦ
1154 1171 1429 1251 φαρμάκου
1446 1218 1463 1249 ,

232 1257 439 1325 Ψύξας
461 1256 507 1313 τ’
532 1257 815 1338 α’νάτριψον
844 1257 997 1336 χερσὶ
1022 1258 1117 1317 καὶ
1137 1267 1245 1325 τοῖς
1268 1259 1542 1327 δακτύλοις
1556 1304 1571 1335 ,

232 1345 489 1425 Εὗχρουν
505 1346 553 1403 τ’
572 1344 695 1403 ἰδὼν
716 1344 807 1403 καὶ
830 1345 1077 1425 σκληρὸν,
1096 1346 1259 1413 οὕτως
1276 1347 1545 1428 πρόσὸαλε

136 1455 197 1495 aa
230 1434 362 1505 Τὴν
382 1433 618 1505 πιτυίνην
642 1432 734 1491 καὶ
757 1434 943 1511 κηρόν·
968 1426 1060 1493 εἶθ’
1084 1435 1366 1511 ἡνωμένων

236 1520 475 1580 Πάντων
498 1521 759 1595 ἐπιμελῶς
780 1521 940 1581 πάλιν
964 1523 1259 1592 ἀπόσταξον
1292 1521 1464 1603 βραχύ
1482 1546 1496 1559 ·

240 1607 371 1667 Κᾶν
400 1607 493 1684 μὲν
520 1607 718 1687 βλέπῃς
738 1607 957 1688 εὗχρουν
978 1633 1035 1667 τε
1054 1610 1147 1669 καὶ
1167 1610 1514 1689 κεκραμένην,

230 1686 400 1775 ’Ἆρον
422 1700 757 1775 παραχρῆμα
781 1695 875 1768 τὴν
895 1696 1093 1776 χύτραν
1116 1697 1223 1757 ἀπὸ
1240 1704 1331 1757 τοῦ
1354 1698 1541 1777 πυρὸς,

234 1784 361 1845 Καὶ
383 1783 653 1861 χαλὸάνην
676 1784 978 1863 πρόσὸαλλε
1004 1788 1542 1867 προμεμαλαγμένην.

144 1895 209 1933 40
238 1873 342 1933 Ἂν
370 1872 413 1931 δ’
435 1864 470 1953 ᾖ
493 1872 640 1953 παρὰ
664 1872 795 1931 πολὺ
820 1874 1163 1957 σκληρότερον
1194 1875 1255 1933 τὸ
1282 1876 1590 1956 φάρμακον,

232 1960 471 2022 Ἐλαιον
496 1964 639 2041 αὐτῷ
660 1960 917 2042 πρόσὸαλ’
943 1964 1015 2030 εἷς
1038 1964 1347 2043 εὐκρασίαν.

234 2047 407 2109 Οὕτω
428 2052 665 2121 κατηθῶν
696 2039 792 2107 εἶτ’
816 2052 889 2116 εἰς
914 2053 1119 2130 ἀγγεῖον
1148 2051 1339 2131 ἕτερον,

236 2136 477 2217 Ψυχρὸν
497 2136 738 2214 μάλασσε
764 2137 950 2218 χερσὶ,
976 2138 1176 2218 χοῦτως
1206 2140 1467 2201 ἀποτίθου.

234 2356 441 2430 Ἄλλην
463 2358 751 2440 ὑπογράψω
775 2364 839 2439 τῇ
863 2352 965 2439 πρὸ
987 2360 1179 2433 ταύτης
1208 2366 1449 2439 ὁμογενῆ·

154 2469 211 2510 45
248 2453 409 2511 Ποιεῖ
432 2448 487 2507 δὲ
505 2450 632 2526 πρὸς
656 2448 691 2507 ἃ
715 2451 965 2529 προεῖπον
988 2450 1280 2532 ἔμπροσθεν
1306 2452 1465 2523 πάθη.

242 2538 476 2600 Πάντων
498 2539 719 2597 ἀπουλοῒ
739 2543 945 2620 πρῶτον
968 2538 1101 2612 αὕτη
1124 2540 1415 2621 φαρμάκων

237 2626 424 2700 Ἕλκη
450 2629 680 2699 δυσαλθῆ
704 2626 793 2686 καὶ
814 2628 1021 2700 τυλώδη
1045 2629 1136 2686 καὶ
1156 2630 1360 2708 χρόνια.

240 2719 367 2777 Tem
389 2718 463 2797 τῷ
485 2715 755 2795 προσώπῳ
776 2716 1003 2794 γινόμεν’
1027 2716 1355 2795 ἐξανθήματα

244 2804 403 2876 Αὕτη
422 2803 699 2885 θεραπεύει
722 2802 845 2885 δίχα
866 2804 1003 2871 τινὸς
1029 2807 1231 2883 δηγμοῦ
1257 2810 1420 2863 κακοῖ
1434 2853 1449 2877 ,

159 2917 215 2955 so
242 2892 457 2973 Ἕδρας
480 2892 526 2952 τ’
546 2892 769 2974 ἐχούσας
792 2891 1025 2974 ῥαγάδας
1045 2892 1135 2953 καὶ
1160 2894 1409 2970 σκληρίας

249 2980 371 3050 Τὰς
390 2980 727 3049 κονδυλώδεις
748 2982 838 3041 καὶ
861 2981 1045 3049 τύλους
1067 2983 1433 3042 ἀποὸάλλεται.

246 3069 486 3139 Σκεύαζε
510 3073 555 3128 δ’
582 3055 736 3128 cist-to·
762 3079 897 3146 μνᾶν
921 3071 1231 3150 λιθαργύρου
1256 3075 1419 3142 καλῆς

245 3163 378 3219 Mu&
401 3158 445 3217 δ’
462 3157 576 3216 ἐστὶ
596 3159 749 3238 λίτρα
771 3159 861 3217 καὶ
878 3159 1049 3240 τρίτον
1070 3158 1247 3242 λίτρας
1274 3159 1445 3239 μέρος·

248 3251 435 3326 Κηροῧ
458 3248 619 3305 καλοῦ
645 3245 699 3304 δὲ
729 3250 989 3307 Ποντικοῦ
1014 3257 1145 3324 μνᾶς
1169 3247 1351 3324 ἥμισυ·

160 3355 216 3394 5⁵
246 3335 359 3395 ’103
380 3333 624 3414 τέταρτον
645 3342 777 3410 μνᾶς
800 3334 953 3414 μέρος
976 3335 1157 3404 ξυστοῦ
1177 3338 1340 3394 καλοῦ
1357 3360 1369 3372 ·

250 3421 655 3500 Χαμαιλέοντος
681 3419 902 3498 μέλανος
921 3423 1101 3500 ὄγδοον
1127 3424 1298 3503 μέρος.

246 3509 407 3581 Ῥίζη
430 3511 487 3586 (Ρ)
520 3509 578 3567 δέ
599 3511 739 3567 ἐστιν
764 3514 797 3582 ἡ
819 3509 956 3582 καλὴ
980 3515 1014 3582 ἡ
1037 3509 1278 3591 Κρητικὴ

252 3601 307 3657 Τ
311 3599 341 3657 ὸ
364 3603 585 3680 πρῶτον,
610 3590 723 3657 εἶτα
750 3603 797 3658 K
805 3599 999 3666 ιλίκιος·
1019 3599 1375 3659 παλαιοτάτου
1400 3600 1459 3679 (Ρ)

246 3689 321 3748 Τ’
344 3688 518 3746 ἐλαίου
536 3697 670 3763 μνᾶς
691 3687 1116 3770 ἐπιρῤεπέστερον
1146 3689 1333 3768 βραχύ·

168 3799 223 3837 co
252 3775 395 3837 Ἐὰν
417 3775 472 3834 δὲ
498 3775 573 3852 μὴ
597 3780 770 3856 παρῇ,
790 3775 1017 3856 κέχρησο
1038 3776 1343 3857 προσφάτῳ.

262 3864 433 3946 ιἘψει
456 3863 538 3937 δὲ,
560 3863 703 3921 λείαν
726 3863 821 3935 τὴν
842 3864 1150 3945 λιθάργυρον
1173 3865 1347 3944 βαλὼν

259 3954 379 4014 Καὶ
405 3961 510 4011 πᾶν
532 3952 705 4011 ἔλαιον
731 3954 803 4019 εἷς
822 3951 1045 4033 χύτραν,
1071 3955 1226 4011 κινῶν
1250 3953 1447 4032 σπάθῃ.

250 4033 432 4093 νΟταν
458 4031 512 4090 δὲ
534 4037 700 4112 συστῇ
720 4030 813 4089 καὶ
836 4031 1050 4110 γένηται
1073 4032 1264 4108 μηλίνη
1283 4077 1299 4106 ,

252 4119 365 4180 Τον
388 4118 724 4200 παράπασον,
748 4110 860 4177 εἶτα
885 4119 1043 4200 κηρὸν
1071 4118 1340 4200 πρόσὸαλε
1364 4142 1377 4155 ·

178 4231 231 4268 aa
258 4207 443 4279 Τήξας
465 4207 519 4267 δὲ
539 4213 740 4283 τοῦτον,
768 4205 1105 4287 βαστάσαςτ
1131 4208 1235 4265 ἀπὸ
1258 4213 1347 4265 τοῦ
1376 4206 1557 4286 πυρὸς,

254 4296 649 4373 Χαμαιλέοντος
672 4295 957 4376 [με’λανος]
979 4295 1149 4374 ὀλίγον
1177 4299 1514 4376 παράπασον.

254 4383 437 4444 Ὅταν
462 4385 507 4442 δ’
530 4387 695 4464 ἑνωθῇ
718 4385 892 4443 πάντα
917 4384 1008 4442 καὶ
1030 4387 1169 4464 ψυγῇ
1193 4387 1367 4450 ποσῶς
1381 4431 1397 4456 ,

262 4471 574 4552 Κατέρασον
598 4473 671 4540 εἷς
690 4472 885 4546 θυείαν,
907 4471 1045 4531 οὕτω
1066 4475 1113 4530 τ’
1144 4471 1413 4531 ἀποτίθου.

636 4816 651 4832 ,
735 4762 1020 4821 ΑΙΓΥΠΤ
1027 4763 1050 4820 Ι
1054 4765 1122 4818 Α.

268 4912 533 4990 Αἰγυπτία
559 4914 789 4990 τηροῦσα
812 4909 971 4990 χωρὶς
996 4911 1286 4990 φλεγμονῆς

194 5023 247 5062 70
283 5006 483 5064 Πᾶσαν,
500 4999 748 5080 διαίρεσιν
772 4997 862 5056 καὶ
886 4997 1059 5055 πάντα
1086 4995 1389 5070 θλάσματα,

272 5090 381 5150 Καὶ
403 5089 649 5166 δήγματα
671 5087 880 5145 πάντων
901 5085 1253 5164 τετραπόδων,
1272 5087 1375 5142 τῶν
1397 5085 1442 5140 θ’
1464 5084 1718 5163 ἑρπετῶν,

269 5178 439 5244 Ὅσαι
456 5180 505 5236 τ’
531 5175 762 5261 ἐγένοντο
781 5175 942 5256 χωρὶς
967 5177 1131 5232 ἑλκῶν
1153 5170 1466 5261 φλεγμοναὶ,

1792 477 1852 524 At
1872 474 2057 523 curiose
2075 476 2386 537 emplastrum
2408 476 2602 537 coquito
2621 476 2667 524 in
2694 474 2824 523 hunc
2841 462 3040 525 modum
3061 491 3074 524 ε

1794 563 2128 624 Lithargyrum
2148 564 2286 613 mit-te
2302 576 2362 613 ex
2387 564 2493 613 oleo
2517 564 2820 613 laevissimain

1794 650 2011 700 Fictilem
2039 652 2086 699 in
2107 652 2252 700 ollam
2277 665 2452 701 novam
2469 690 2484 713 ,
2504 653 2588 701 sed
2617 654 2742 701 hanc
2767 654 3110 714 majusculam,

1798 739 1889 787 Ubi
1908 740 2126 789 conteras
2143 740 2364 789 manibus
2377 777 2392 800 ,
2413 742 2628 791 movebis
2651 754 2709 789 ac
2735 743 2934 805 spatha;

1796 826 1976 875 Deinde
1995 826 2187 877 flamma
2209 829 2309 877 acri
2329 832 2476 891 atque
2497 830 2725 879 continua
2748 844 2986 893 coquens,

1798 917 1959 971 Quum
1977 916 2134 964 mellis
2153 916 2328 978 accipit
2341 917 2442 979 jam
2461 918 2814 979 spissitudinem
2830 955 2845 979 ,

1794 1006 1975 1065 AErugo
2001 1009 2050 1052 et
2069 1018 2272 1065 squama
2289 1006 2610 1067 misceantur3
2631 1006 2822 1068 incoqui

1798 1091 2066 1141 permittito
2084 1093 2198 1141 satis
2213 1130 2226 1153 ,
2245 1092 2422 1141 dehinc
2440 1106 2510 1142 aes
2529 1094 2804 1156 adjungito;

1796 1186 1978 1233 Rursus
1993 1184 2134 1245 coqui
2151 1184 2306 1233 multo
2332 1184 2606 1247 relinquens
2623 1186 2839 1248 tempore
2851 1222 2866 1247 ‚

1797 1270 1996 1319 Paulum
2014 1269 2280 1319 defundens
2299 1284 2364 1319 ex
2385 1271 2480 1319 olla
2497 1270 2853 1332 medicaminis,

1796 1359 2137 1421 Refrigeratum
2157 1358 2380 1408 manibus
2402 1362 2452 1409 et
2469 1359 2630 1421 digitis
2653 1362 2806 1421 teras3

1798 1448 1914 1495 Boni
1937 1448 2112 1496 coloris
2130 1450 2278 1509 atque
2295 1448 2475 1496 durum
2497 1448 2582 1497 ubi
2603 1448 2866 1510 conspiciS,

1795 1537 1873 1586 Sic
1901 1536 2132 1597 pityinam
2159 1549 2418 1598 ceramque
2444 1536 2637 1599 reliquis
2665 1536 2844 1597 indito;

1796 1625 1980 1675 Deinde
2003 1618 2182 1673 cuncte
2199 1625 2291 1673 rite
2319 1623 2465 1673 unitis
2481 1625 2734 1687 paululum
2749 1659 2764 1684 ,

1796 1714 1988 1764 stillato
2007 1726 2176 1762 rursus
2194 1716 2245 1763 et
2258 1749 2272 1771 ‚
2294 1713 2503 1762 colorem
2525 1714 2564 1763 si
2585 1714 2764 1762 bonum

1800 1804 1860 1851 Et
1884 1804 2322 1863 temperamentum
2349 1800 2508 1863 vides,
2533 1814 2646 1850 mox
2669 1802 2826 1851 tollito

1798 1890 1870 1939 Ab
1892 1890 1998 1952 igne
2018 1890 2213 1940 fictilem
2228 1926 2242 1950 ,
2269 1891 2318 1939 et
2341 1889 2596 1939 subactum
2619 1891 2874 1952 galbanum

1805 1978 2066 2040 Apponito.
2091 1978 2140 2028 si
2159 1980 2475 2041 pharmacum
2494 1978 2556 2027 sit
2575 1978 2744 2028 durius

1798 2068 1950 2116 Multo
1963 2102 1976 2125 ,
2001 2067 2208 2116 resolves
2227 2066 2360 2125 oleo,
2381 2066 2558 2115 faciens
2574 2066 2644 2115 sic
2667 2067 2842 2117 bonam

1798 2154 2120 2217 Temperiem.
2147 2158 2204 2205 ln
2223 2153 2354 2203 aliud
2379 2154 2492 2203 inde
2511 2167 2597 2203 vas
2622 2155 2948 2205 transfundito

1798 2243 2042 2305 Frigidum
2065 2243 2322 2293 subactum
2341 2243 2592 2304 manibus;
2615 2244 2684 2292 ita
2710 2244 2942 2307 reponito.

1799 2366 1943 2419 Aliud
1969 2366 2185 2429 eiusdem
2210 2366 2326 2416 huic
2349 2368 2535 2430 generis
2556 2367 2826 2429 subjiciam.

1799 2454 2020 2506 Medetur
2041 2458 2154 2505 ante
2180 2470 2304 2518 quos
2322 2456 2466 2505 citavi
2489 2455 2770 2516 affectibus,

1800 2546 1900 2595 Nec
1925 2546 2000 2594 est
2015 2544 2146 2607 quod
2165 2544 2407 2594 ulceribus
2434 2544 2570 2594 malis
2587 2544 2784 2593 diutinis

1800 2634 2033 2695 Galloque
2051 2632 2223 2695 pressis
2246 2634 2455 2695 applices
2475 2633 2687 2694 felicius3

1804 2721 2063 2771 Cicatrices
2077 2759 2092 2783 ,
2113 2722 2354 2783 etiamque
2381 2734 2464 2769 ore
2487 2724 2624 2769 natas
2646 2722 2860 2784 pustulas

1802 2810 2028 2860 Persanat
2045 2802 2229 2871 absque
2252 2808 2466 2869 rosione,
2487 2808 2718 2871 rhagadas
2733 2846 2747 2870 ‚

1803 2898 1896 2950 Ani
1919 2898 2124 2948 nodosas
2141 2898 2362 2960 duritieS,
2387 2897 2536 2947 callos
2559 2898 2700 2947 simul

1802 2987 1979 3037 Demit.
2007 2987 2086 3037 Sic
2103 2999 2351 3050 praepara:
2375 2986 2642 3048 Lithargyri
2666 2985 2844 3034 minam

1802 3078 1948 3126 Bonae
1961 3111 1977 3138 ,
2001 3077 2052 3124 at
2071 3075 2194 3124 libra
2213 3077 2287 3124 est
2303 3089 2418 3124 cum
2437 3080 2572 3138 parte
2591 3076 2733 3124 tertia
2757 3076 2912 3137 mina;

1804 3166 1948 3216 Minae
1971 3165 2115 3214 semis
2136 3165 2354 3227 probatae
2367 3177 2490 3212 cerae
2512 3165 2817 3225 Pontio-‘eset

1803 3255 2042 3316 AEruginis
2063 3253 2207 3303 minae
2233 3251 2554 3315 quadrantem
2575 3252 2760 3312 rasilis;

1805 3343 1908 3394 Atri
1931 3341 2302 3392 chamaeleontis
2317 3343 2541 3390 octavam
2564 3341 2700 3404 probi

1806 3435 2025 3492 Partem3
2047 3431 2182 3481 radix
2201 3431 2331 3480 bona
2348 3435 2422 3480 est
2446 3429 2638 3492 regione
2661 3430 2850 3480 cretica

1804 3524 2014 3572 Nascens
2038 3520 2274 3582 primum,
2299 3519 2466 3569 Cilicia
2491 3518 2692 3578 deinde3
2712 3521 2888 3581 praeter
2912 3519 3034 3566 hanc

1806 3612 1914 3662 olei
1940 3611 2187 3660 veterrimi
2212 3609 2320 3672 plus
2345 3610 2488 3672 paulo
2511 3622 2658 3671 quam
2677 3609 2836 3669 mina;
2867 3659 2932 3681 w·

1806 3699 1990 3759 Quodsi
2014 3713 2109 3748 non
2131 3699 2273 3748 suerit
2287 3735 2300 3758 ,
2323 3701 2554 3759 usurpato
2574 3697 2650 3744 vel
2675 3695 2873 3757 recens;'
2935 3687 2942 3700 ⁴

1807 3791 2144 3852 Lithargyrum
2167 3791 2286 3836 tunc
2309 3788 2480 3836 laevem
2501 3785 2762 3847 itidemque
2784 3785 2944 3834 oleum
2966 3785 3112 3834 ollula

1807 3883 1986 3929 Totum
2017 3877 2175 3938 figlina
2194 3875 2443 3924 conditum
2462 3874 2680 3922 rudicula

1807 3962 2004 4008 Movens
2027 3954 2254 4017 ‘coquito;
2277 3953 2356 4002 ubi
2380 3953 2671 4011 constiterit,
2697 3955 2746 3999 et
2763 3951 2972 3999 melinon

1808 4046 1994 4106 Fuerit,
2015 4044 2170 4104 adjice
2185 4042 2448 4102 aeruginem
2463 4077 2478 4099 ,
2503 4051 2760 4101 ceramque
2786 4042 2926 4099 tunc,

1808 4140 1916 4195 Qua
1939 4134 2039 4197 Jam
2065 4134 2278 4195 liquente
2301 4131 2363 4179 ab
2382 4131 2490 4192 igne
2509 4129 2681 4178 tollens
2707 4128 2932 4186 ollulam,

1808 4223 2177 4276 Chamaeleontis
2203 4219 2451 4284 paululum
2475 4219 2792 4279 conspergite.

1808 4313 1955 4363 Unita
1978 4323 2125 4372 quum
2146 4309 2514 4370 refrigerataque
2533 4305 2660 4368 quod
2679 4306 2792 4353 satis
2804 4341 2819 4366 ,

1809 4397 2110 4449 'transiunde
2130 4397 2180 4445 in
2203 4395 2487 4444 mortarium
2502 4431 2516 4453 ‚
2541 4395 2650 4455 post
2667 4392 2735 4440 sic
2763 4391 2994 4454 reponite.

2438 4605 2760 4628 Μ’·-

2367 4747 2819 4810 AEGYPTIUM.

1814 4911 2088 4974 AEgyptium
2110 4921 2388 4973 perservans
2407 4907 2588 4969 absque
2607 4905 2892 4968 phlegmone

1816 5001 1978 5050 Divisa
1997 4999 2227 5062 quenlibet
2245 4999 2542 5058 contusaque
2559 4994 2722 5043 omnia
2740 5029 2755 5052 ,

1815 5087 2192 5149 Quadrupedum
2211 5098 2399 5134 morsus
2418 5087 2704 5132 cunctorum
2731 5082 2780 5128 et
2799 5077 3066 5140 reptilium,

1816 5179 2037 5248 itemque
2055 5175 2237 5238 genitas
2256 5173 2440 5238 absque
2462 5171 2702 5221 ulceribus
2719 5168 3060 5250 phlegmona,-

3235 354 3348 408 10⁷
