3767 5825
452 351 589 425 xvii,
1804 344 2238 406 PRAEFA‘rlo.

510 483 569 529 ΙΙ
590 476 815 529 Heinekii
842 478 1089 529 editione:
1498 484 1551 527 tn
1567 478 1661 526 hac
1676 477 1888 527 editione
1909 497 1922 526 ι

570 585 667 644 29.
710 564 915 642 μεγάλα
942 562 1022 623 ἅτ’
1037 605 1572 623 ..............
1588 562 1724 641 μέγα
1758 565 1886 644 λᾷον

576 655 671 716 35.
715 652 998 733 οὖκιθάραν
1020 650 1986 734 -κροτῆσαι.οὐδὲλύραν-κροτᾶσαι

573 745 667 814 48.
710 742 943 824 δωριστί,
972 740 1141 803 Σίσου
1155 784 1448 800 ........
1464 739 1692 820 Δωριστὶ
1722 738 1877 798 0·έὸου
1902 740 1985 816 (3)

608 928 667 989 4.
710 918 913 978 ἅστυκὰ
926 961 1623 980 ..................
1636 916 1825 976 ἀστικὰ

607 1027 663 1079 7.
703 1004 907 1072 λαλίιις
920 1048 1656 1067 ...................
1668 1006 1871 1071 καλέεις

572 1096 665 1153 26.
707 1093 769 1153 τὸ
794 1092 967 1171 στόμα
990 1094 1036 1151 δ’
1061 1084 1129 1152 αὖ
1143 1136 1395 1153 .......
1411 1093 1501 1152 καὶ
1527 1092 1699 1172 στόμα
1729 1093 1775 1151 δ’
1803 1098 1869 1151 αὐ
1903 1094 1982 1169 (4)

570 1184 662 1239 31.
702 1182 943 1261 φιλεῦνθ’·
930 1180 1289 1240 ’ἅδ’ἇστυκά.
1302 1182 1548 1261 φιλεῦντι·
1563 1180 1690 1239 τὰδ’
1702 1180 1980 1258 ἀστικά(5)

568 1272 661 1328 32.
705 1266 919 1327 κοῦποτ’
950 1268 1126 1327 ἀκούει
1140 1311 1467 1329 .........
1470 1271 1563 1327 κοῦ
1594 1268 1877 1327 ποτακούει
1902 1269 1982 1346 (6)

567 1358 661 1427 37.
703 1355 762 1413 ὅν
790 1378 850 1413 τε
864 1398 1679 1417 .....................
1693 1355 1750 1415 ὅν
1778 1378 1839 1433 γε

566 1446 662 1520 39.
706 1446 777 1509 εἰς
800 1442 855 1502 ἓν
878 1477 955 1489 -
974 1443 1222 1503 κάθευδεν
1237 1488 1250 1501 .
1278 1486 1294 1501 .
1317 1446 1421 1510 ,εἰς
1440 1441 1883 1521 ἅμα-καθεῦδεν
1900 1445 1979 1523 (7)

565 1540 658 1599 42.
701 1532 837 1607 μόνα
849 1575 1629 1594 ....................
1644 1530 1803 1604 μόνον
1838 1534 1918 1611 (8)

563 1624 658 1688 43.
698 1618 735 1678 ἅ
755 1642 816 1679 τι
826 1662 1689 1681 ......................
1703 1621 1738 1678 ἃ
1768 1620 1833 1679 δὲ’

418 1790 571 1853 ,μέγα
587 1787 706 1855 λᾷον
726 1788 928 1853 conjecit
950 1786 1250 1839 Eiehstndius
1272 1790 1504 1856 probante
1523 1787 1895 1840 Abrente.—V.
1920 1798 1984 1846 40

442 1862 778 1931 δρεψοΰμεναι
803 1880 886 1913 sex
912 1863 1100 1913 codioes
1125 1863 1323 1916 habent.
1352 1866 1503 1914 Recte
1520 1864 1711 1930 opinor,
1736 1864 1851 1930 quia
1869 1880 1986 1931 prm-

443 1937 574 1988 cedit
595 1936 861 2005 ερψοῦμς.
886 1968 950 1977 -
980 1944 1047 1993 v,
1073 1948 1135 2003 47
1158 1942 1428 2007 γράμματα
1446 1944 1663 1993 Cramer.
1683 1942 1868 1992 anecd.
1891 1945 1981 1992 tv,

480 2047 497 2064 .
526 2014 648 2065 310.
687 2024 769 2074 14.

441 2026 478 2079 Ρ
505 2088 585 2154 (3)
616 2092 843 2156 Ineptum
863 2106 967 2140 esse
990 2091 1207 2157 Ampio-ri
1228 2108 1337 2141 cum
1363 2091 1738 2159 precedentibus
1760 2094 1983 2159 junctum

440 2162 679 2215 intellexit
702 2168 997 2225 wartonus,
1025 2182 1216 2217 carmen
1252 2167 1319 2217 ob
1357 2183 1461 2216 eam
1487 2183 1698 2216 caussam
1725 2166 1984 2217 Theocrito

440 2238 739 2305 abjudicans.
751 2240 845 2289 Sed
864 2249 1047 2291 mutata
1063 2241 1450 2308 interpunctione
1472 2241 1676 2291 offensio
1693 2252 1985 2292 removetur.

443 2315 661 2382 Δωριστί
686 2314 819 2365 enim
846 2315 1025 2382 pariter
1048 2316 1408 2382 intelligendum
1429 2326 1500 2367 est
1519 2333 1578 2367 ac
1601 2317 1651 2366 in
1680 2317 1817 2383 idyll.

444 2390 509 2445 46
550 2389 821 2457 Θρᾳκιοτί,
852 2400 901 2439 et
925 2392 1045 2440 XV.
1084 2393 1147 2449 48
1190 2391 1506 2455 Αἰγυπτιστί,
1543 2407 1657 2457 ergo
1683 2392 1985 2440 Doriensium

442 2478 573 2512 more
606 2462 644 2516 i.
682 2478 730 2516 e.
757 2474 950 2523 sancte,
984 2464 1083 2531 pie.
1123 2466 1349 2514 Eamdem
1382 2466 1667 2515 sententium
1696 2462 1986 2515 desideravh

441 2536 677 2606 Bet-ekina
694 2538 1263 2605 inZimmerm.prem.
1288 2558 1334 2591 a.
1362 2543 1505 2602 1837.
1532 2558 1585 2606 p.
1608 2541 1703 2588 512
1726 2541 1986 2607 conjiciens

458 2615 658 2683 Ἷρωστὶ
684 2615 1020 2667 casem—V.
1049 2615 1133 2668 50.
1157 2620 1340 2669 Λατὼ
1366 2617 1452 2682 μὲν
1483 2618 1589 2677 δοίη
1607 2652 1622 2677 ,
1652 2620 1835 2667 Λατὼ
1862 2636 1986 2668 ι11011-

443 2689 706 2757 ροτρόφος.
728 2694 869 2741 Hanc
888 2689 1020 2739 vocis
1041 2689 1347 2743 iterationem
1366 2708 1465 2741 non
1481 2693 1636 2741 solum
1656 2692 1708 2742 in
1721 2694 1847 2742 votis
1862 2710 1987 2743 nun-

440 2763 673 2831 cupandis
695 2762 971 2815 mllemnem
999 2780 1099 2813 esse
1115 2800 1128 2824 ‚
1152 2782 1261 2831 qnoe
1293 2766 1461 2834 opinio
1489 2773 1561 2815 est
1585 2765 1906 2834 interpretum
1933 2767 1986 2817 in

440 2836 496 2890 11.
524 2838 590 2901 1.,
615 2836 700 2888 scd
722 2836 865 2888 letius
884 2846 1050 2904 patere
1076 2841 1263 2906 egregie
1288 2839 1629 2891 demonstravit
1648 2846 1699 2893 J.
1726 2840 1816 2892 012.
1835 2839 1983 2892 Jahn.

440 2908 497 2963 in
515 2912 659 2980 virg.
681 2917 793 2967 En.
816 2918 939 2967 ΧΠ.
969 2910 1087 2968 858.
1112 2920 1157 2968 1.
1202 2917 1322 2968 552.
1343 2918 1417 2968 1.
1452 2917 1567 2979 751.
1593 2924 1644 2968 α
1661 2916 1796 2970 alins.

505 2987 583 3057 (4)
612 2988 697 3040 sie
713 3003 777 3039 ex
791 2999 1019 3057 quattuor
1034 2990 1281 3042 codicibus
1301 3006 1409 3041 cum
1428 2990 1877 3044 somonam—v,
1899 3008 1982 3055 27.

441 3061 625 3116 Ufi'nm
646 3072 717 3113 cst
740 3063 873 3130 quod
894 3069 960 3118 R.
983 3066 1177 3126 Klotz..
1210 3065 1283 3115 vir
1304 3065 1533 3132 elegantis
1560 3065 1771 3130 ingenii,
1794 3066 1849 3116 in
1872 3065 1983 3115 Ad-

442 3147 546 3190 ηθ.
566 3137 621 3188 in
641 3139 821 3188 Dum.
848 3155 949 3190 non
964 3141 1121 3190 statim
1146 3141 1309 3206 posuit
1326 3156 1486 3190 veram
1511 3140 1795 3207 scripturam
1817 3137 1853 3204 ἢ
1876 3143 1986 3208 μέλι

442 3211 614 3281 ιηρὸ,
636 3226 784 3279 quum
809 3212 1007 3264 fuerunt
1032 3214 1117 3280 qui
1145 3219 1211 3265 H:
1234 3213 1467 3280 Stephani
1493 3224 1711 3279 tempore
1728 3217 1828 3283 jam
1848 3232 1986 3283 repo-

443 3285 653 3338 udum
675 3295 922 3354 put-rent.
962 3291 1178 3354 Eamque
1204 3288 1314 3354 jure
1334 3287 1599 3354 probarunt
1620 3289 1788 3341 Reisk.
1822 3291 1984 3356 Toup.

444 3361 692 3428 (Wmon.
724 3363 809 3428 qui
848 3363 1137 3414 imitatorem
1171 3363 1313 3429 hujus
1350 3364 1443 3414 loci
1474 3364 1731 3414 Moschum
1775 3368 1864 3415 111.
1898 3366 1981 3415 33.

444 3437 625 3501 laudnt)
644 3438 856 3490 anck.
879 3439 1027 3492 Graet.
1054 3456 1105 3507 p.
1134 3441 1215 3491 86.
1245 3438 1427 3505 Briggs.
1450 3439 1672 3491 Meinek.
1696 3439 1917 3489 Boisson.

510 3512 583 3577 (5)
618 3510 869 3561 Librorum
918 3513 1202 3578 scripturam
1245 3513 1419 3562 merito
1466 3514 1771 3564 retinuerunt
1812 3513 1983 3565 Reisk.

443 3590 669 3637 Warton.
699 3586 897 3653 Pilenej.
924 3589 1109 3640 Har-les.
1139 3592 1203 3640 A.
1226 3587 1421 3638 Jacobs.
1448 3589 1668 3640 Boisson.
1694 3588 1771 3640 Cf.
1792 3593 1848 3638 L.
1876 3591 1988 3637 0111-

442 3659 569 3714 der-l.
598 3665 749 3714 Lectt.
772 3661 1028 3713 variarum
1064 3663 1346 3715 hebdomas.
1386 3663 1630 3730 Erlnngae,
1667 3667 1813 3714 1836.
1850 3683 1900 3731 p.
1931 3666 1982 3716 6.

443 3736 751 3788 Mt'ihlmann.
778 3741 892 3803 Leg.
918 3737 1035 3790 dial.
1072 3755 1122 3804 p.
1153 3748 1266 3796 140.

508 3815 580 3877 (6)
616 3817 667 3860 ln
693 3810 787 3860 hoc
818 3828 955 3861 versu
989 3829 1117 3862 nunc
1152 3823 1341 3862 secutus
1367 3829 1472 3862 sum
1497 3813 1686 3863 Reiskii
1716 3813 1951 3863 rationem
1971 3851 1984 3872 ,

445 3905 587 3955 quam
614 3895 777 3937 tuetur
798 3887 1147 3938 Schneidewin.
1173 3890 1223 3937 in
1244 3889 1615 3939 Zimmermanni
1631 3889 1837 3955 Ephem.
1854 3889 1983 3940 stud.

444 3963 601 4028 antiq.
621 3977 670 4014 a.
699 3963 846 4025 1837.
871 3979 924 4029 p.
951 3966 1077 4013 1108
1098 3972 1417 4030 preterquam
1438 3963 1572 4030 quod
1588 3963 1711 4013 illud
1740 3965 1769 4012 ὁ
1798 3965 1952 4014 καλὸ
1967 3981 1988 4020 ς

446 4037 687 4094 Διόνυσος
704 4035 859 4104 aptius
875 4037 1181 4088 referendum
1206 4037 1327 4088 mihi
1348 4037 1542 4088 videtur
1562 4037 1623 4088 ad
1649 4054 1697 4090 v.
1724 4039 1815 4098 3ο,
1844 4045 1899 4086 ut
1925 4037 1987 4087 de

444 4110 802 4180 pulchritudine
831 4127 1026 4178 quoque
1060 4121 1186 4164 tecte
1224 4129 1275 4163 se
1315 4122 1561 4180 comperet
1599 4112 1840 4164 bubulcus
1874 4129 1986 4163 cum

442 4187 653 4240 Baccho.
679 4188 899 4237 Ceterum
928 4203 1039 4238 cum
1064 4185 1161 4238 boe
1192 4187 1303 4237 loco
1340 4187 1563 4238 conferre
1599 4187 1711 4238 licet
1735 4225 1749 4250 ,
1780 4198 1834 4237 ut
1864 4187 1986 4237 mihi

447 4262 651 4319 videtur,
678 4263 815 4310 vm.
850 4262 935 4312 52.

514 4339 586 4398 (7)
621 4335 809 4385 Heinsii
836 4339 1177 4402 conjecturam,
1194 4351 1337 4402 quam
1358 4335 1701 4386 Valckenarius
1719 4352 1913 4402 qnoque
1933 4336 1990 4385 il-

448 4411 691 4461 lustratam
708 4409 947 4477 probavit,
962 4409 1287 4478 praeeiintibus
1300 4409 1479 4460 Dnhlio
1494 4419 1543 4460 et
1563 4410 1780 4476 Briggsio
1802 4411 1988 4476 recepi;

448 4501 559 4534 nant
588 4501 694 4550 quoe
717 4494 1057 4552 compararunt
1081 4485 1144 4535 ud
1174 4487 1413 4550 vulgatam
1444 4485 1795 4535 defendendam
1830 4488 1989 4536 omnia

449 4560 649 4626 disparis
677 4561 862 4624 generis
885 4570 1016 4611 sunt.
1037 4561 1134 4624 ἐμὰ
1160 4559 1307 4609 babet
1332 4562 1473 4610 etiam
1494 4561 1572 4613 ed.
1592 4564 1723 4612 Crat.
1745 4561 1851 4626 ᾰμὰ
1867 4579 1990 4611 uuus

448 4637 557 4686 cod.
585 4637 736 4686 Paris.
768 4634 919 4685 Verbi
943 4637 1177 4686 κάθευδεν
1212 4646 1459 4686 accentum
1494 4637 1697 4688 mutavit
1723 4637 1951 4689 Schael'er.
1975 4675 1986 4696 ‚

450 4711 526 4758 cui
551 4710 649 4774 jam
681 4709 942 4775 Kiessling.
973 4710 1226 4759 obsecutus
1253 4721 1343 4762 est.

519 4785 591 4848 (8)
627 4785 683 4834 Id
708 4801 767 4834 ex
796 4784 1042 4834 codicibus
1079 4786 1217 4836 bonae
1260 4796 1385 4836 1101111
1421 4786 1597 4836 adscivi
1626 4803 1735 4837 cum
1763 4788 1990 4850 Reiskio,

359 4897 367 4904 .
452 4859 684 4926 probante
705 4863 963 4910 wartono.
991 4863 1111 4908 Nam
1140 4871 1290 4926 poetae
1308 4861 1543 4910 sententia
1568 4861 1670 4911 haec
1697 4872 1769 4911 est
1792 4879 1806 4912 :
1837 4862 1919 4913 Dii
1945 4872 1992 4925 et

454 4931 557 4982 deae
582 4933 631 4982 in
654 4933 835 4984 deliciis
853 4934 1036 4985 habent
1062 4933 1308 4994 bubulcos,
1331 4936 1415 4985 sed
1436 4937 1615 4986 Eunica
1640 4935 1791 4986 solnm
1819 4936 1992 4986 bubul-

452 5025 561 5057 cum
585 5020 887 5074 aspernatur,
908 5011 1090 5061 ἀστικὰ
1115 5011 1279 5075 χείλεα
1306 5013 1475 5061 θλίδει.
1504 5012 1707 5079 Duplice
1740 5013 1886 5077 igitur
1913 5029 1992 5077 ge-

454 5101 569 5134 nere
601 5085 785 5134 Eunica
810 5085 1074 5152 praegressis
1099 5087 1329 5150 exemplis
1357 5087 1574 5154 opposita
1603 5096 1691 5138 est.
1724 5087 1877 5150 Pergit
1905 5087 1995 5136 bu-

453 5159 621 5210 bulcus
646 5177 661 5210 1
682 5169 937 5227 propterea
966 5159 1054 5210 tibi
1072 5195 1087 5216 ,
1124 5177 1153 5210 ο
1184 5161 1329 5210 altera
1364 5167 1562 5223 Venus,
1595 5164 1753 5213 nullus
1783 5179 1992 5229 unquam

2141 480 2197 523 tn
2219 473 2444 523 Meinekii
2466 474 2680 523 editione
2699 492 2712 519 =
3115 475 3171 520 ln
3186 470 3279 517 hac
3299 467 3546 517 editione:

2195 570 2289 630 44.
2333 559 2398 619 σὺ
2421 595 2490 605 -
2513 560 2641 618 ἁδέαι
2656 600 3192 618 .............
3205 556 3266 614 τὺ
3283 553 3532 635 -Ἇρεα

2199 650 2291 718 45.
2335 648 2489 727 μώνα
2502 689 3278 709 ....................
3295 643 3462 724 μούνη

2763 750 2929 803 XXI.

2234 834 2289 893 4.
2332 823 2676 904 ἰπιψαῦσῃσι,
2696 824 2785 883 τὸν
2805 822 3332 902 ὖπνον..ἐπιψαύσῃσι
3350 818 3440 878 τὸν
3461 818 3508 877 ὖ.
3529 818 3601 897 (1)

2201 935 2289 973 10.
2331 937 2391 973 τε
2420 914 2558 985 λ’ἥδα
2573 957 3226 974 .................
3241 912 3439 981 δέλητα
3467 907 3549 986 (2)

2199 1024 2287 1060 12.
2329 1000 2475 1069 κῶᾶς
2504 1025 2564 1060 τε
2620 1044 3198 1061 ...............
3211 996 3368 1057 κώπα
3399 1020 3458 1053 τε
3487 993 3565 1073 (3)

2199 1095 2288 1150 13.
2333 1089 2527 1167 εἵματα
2551 1092 2696 1148 πῖλοι
2711 1133 3085 1150 ..........
3100 1080 3223 1165 εἷμα
3247 1086 3421 1156 τάπης
3441 1076 3507 1157 ἦν
3527 1084 3544 1157 (
3555 1084 3603 1155 4)

2199 1181 2288 1237 16.
2329 1178 2486 1237 πενία
2508 1201 2629 1257 σφιν
2653 1178 2865 1257 ἑταίρα.
2891 1221 2906 1235 .
2932 1225 2944 1236 .
2973 1179 3153 1234 ,πενία
3179 1198 3309 1258 σφας
3334 1173 3512 1249 ἐτήρει
3531 1173 3604 1245 (5)

2197 1287 2286 1338 17.
2327 1276 2504 1348 παντᾷ
2516 1310 3215 1327 ..................
3229 1264 3388 1342 πενίαΙ
3423 1262 3511 1339 (6)

2190 1356 2284 1412 23.
2328 1352 2473 1435 φέρει
2505 1354 2638 1422 Ζεύς
2653 1398 3188 1415 ..............
3205 1350 3450 1433 φέρουσιν

2193 1442 2285 1499 25.
2332 1442 2407 1519 μὴ
2435 1444 2711 1521 λαθόμην;
2743 1444 2795 1501 τί
2810 1487 2982 1502 .....
3001 1442 3074 1519 μὴ
3103 1440 3229 1499 λάθε
3262 1440 3352 1518 μ’;
3385 1440 3422 1509 ἢ
3457 1439 3510 1497 τί
3531 1437 3607 1517 (7)

2195 1538 2292 1593 31.
2332 1536 2452 1606 νηὸς
2467 1579 2643 1595 .....
2661 1524 2668 1529 “
2667 1577 3325 1595 .................
3339 1532 3464 1597 ναός

2194 1624 2287 1681 32.
2331 1622 2358 1647 *
2378 1623 2561 1702 νικαξῇ
2578 1667 3190 1683 ...............
3204 1620 3432 1699 νυσταξῇ
3463 1621 3544 1696 (8)

2077 1790 2282 1855 amplius
2307 1794 2511 1841 amasius
2535 1809 2691 1858 neque
2722 1793 2930 1842 urbanus
2957 1810 3113 1858 neque
3140 1794 3405 1840 rusticanus
3427 1788 3612 1837 contin-

2073 1874 2149 1928 gat
2173 1868 2186 1913 l
2207 1866 2372 1932 Κύπρι
2397 1867 2459 1916 ad
2485 1869 2714 1917 Ennicam
2747 1868 2892 1935 ipsum
2926 1882 3141 1935 spectare
3171 1868 3353 1933 primus
3379 1862 3612 1913 intellexit

2074 1938 2386 1990 casaubonus
2406 1944 2558 2004 (Lect.
2602 1943 2809 1994 Theocr.
2831 1960 2873 1993 c.
2902 1948 3050 1994 XIX.
3076 1960 3126 2010 p.
3162 1946 3252 1991 132
3275 1942 3355 1992 ed.
3395 1939 3587 1999 Reist.)
3607 1973 3617 1989 .

2073 2014 2154 2063 cui
2177 2018 2404 2076 Warton.
2423 2018 2629 2069 Palmer.
2657 2017 2735 2066 alii
2756 2017 2930 2066 assensi
2950 2027 3077 2067 sunt.
3107 2018 3241 2067 Idem
3267 2016 3478 2082 probans
3496 2018 3615 2061 ltu-1·-

2073 2104 2278 2138 mannus
2307 2100 2530 2155 preterea
2569 2108 2657 2157 pro
2685 2093 2804 2142 ἁδέα
2827 2093 3066 2157 eleganter
3099 2092 3300 2158 conjecit
3329 2090 3412 2151 (in
3439 2089 3617 2137 Zinnnu.

2073 2159 2252 2212 Diariis
2271 2165 2427 2229 antiq.
2452 2181 2496 2214 a.
2531 2168 2676 2227 1837.
2699 2182 2751 2232 p.
2778 2169 2895 2230 231)
2924 2168 3090 2233 Ἄρεα,
3117 2166 3247 2231 quod
3266 2162 3616 2214 admittendum

2073 2238 2250 2301 putavi,
2269 2240 2532 2303 prasertim
2549 2256 2698 2305 quum
2711 2239 3063 2290 Wordsworth.
3079 2239 3316 2289 invenerit
3337 2239 3478 2304 plane
3493 2253 3616 2285 eam-

1836 2321 1981 2367 xlv.
2074 2311 2181 2361 dem
2211 2315 2534 2378 conjecturam
2560 2323 2703 2380 atque
2732 2324 2826 2364 tam
2853 2315 2993 2365 docte
3029 2315 3358 2373 illustraverit,
3399 2324 3451 2362 ut
3480 2312 3618 2377 equi-

2072 2387 2183 2436 dem
2203 2391 2516 2454 supersedere
2546 2391 2782 2457 potuerim
2809 2392 3132 2453 adnotatione,
3161 2408 3301 2457 quam
3327 2400 3468 2439 antea
3507 2388 3618 2438 huic

2073 2463 2178 2511 loco
2194 2463 2558 2532 adsta-ipserum.
2581 2494 2642 2502 —-
2672 2466 2731 2516 τὺ
2765 2467 2981 2517 Brunck.
3007 2468 3208 2531 Ziegler.

2142 2539 2217 2602 (1)
2251 2540 2428 2589 Sustuli
2453 2540 2730 2590 incisionem
2762 2553 3029 2608 propterea,
3052 2542 3186 2607 quod
3211 2542 3374 2591 nescio
3408 2556 3470 2588 an
3500 2556 3618 2588 seri-

2077 2620 2216 2677 ptura
2238 2613 2424 2679 vulgata
2446 2614 2510 2663 ita
2536 2615 2731 2665 defendi
2758 2617 2927 2682 possit,
2946 2626 2996 2665 nt
3018 2633 3078 2665 ex
3097 2616 3323 2666 vocabulo
3350 2617 3437 2664 τὸν
3463 2614 3618 2663 ὕπνον

2075 2697 2233 2737 mente
2257 2690 2356 2739 ἀπὸ
2386 2688 2560 2740 κοινοῦ
2597 2691 2910 2755 repetendum
2940 2693 3176 2756 cogitetur
3217 2698 3307 2742 τοῦ
3350 2690 3513 2740 ὕπνου
3564 2688 3624 2735 ad

2073 2762 2275 2812 verbum
2298 2764 2614 2827 ἐπιψαύσῃσι.
2637 2765 2868 2814 Similiter
2895 2770 3160 2816 xx11.82
3189 2767 3253 2815 ita
3283 2764 3624 2831 explicandum:

2077 2836 2285 2896 videtur,
2322 2846 2374 2886 ut
2400 2828 2681 2887 vocabulum
2716 2840 2864 2904 φόνον
2897 2840 2970 2889 bis
3001 2842 3204 2906 positum
3227 2857 3330 2889 esse
3365 2840 3626 2903 cogitetur.
3730 2834 3731 2837 ¹

2074 2912 2290 2976 σύναγον
2313 2912 2464 2978 φόνον
2494 2915 2530 2965 1.
2568 2931 2618 2979 q.
2649 2915 2796 2979 φόνον
2827 2912 3003 2981 τεῦχον
3033 2915 3106 2966 ἐπ’
3135 2917 3382 2975 ἀλλήλοισι
3418 2931 3470 2966 v.
3505 2933 3623 2976 191.

2076 2987 2152 3038 Cf.
2175 2987 2409 3036 Siebelis
2395 3005 2447 3038 111
2471 2993 2674 3039 Pausan.
2703 2989 2800 3040 vol.
2819 2994 2870 3038 11
2877 3025 2890 3038 .
2918 3007 2967 3056 p.
2999 3008 3080 3055 99.

2141 3063 2212 3126 (2)
2246 3062 2572 3112 Praeeuntibus
2595 3063 2884 3113 Boissouado
2911 3075 3056 3130 atque
3083 3066 3295 3130 Zieglero
3328 3073 3376 3113 et
3402 3064 3628 3131 proban-

2075 3135 2203 3185 tibus
2231 3135 2494 3203 Kieslingio
2517 3147 2664 3202 utque
2685 3138 2937 3189 Meinekio
2960 3140 3120 3204 recepi
3149 3138 3346 3205 Briggsii
3371 3141 3628 3204 conjectu·

2075 3225 2175 3260 ram
2197 3212 2376 3272 δελῆτα
2390 3250 2404 3275 ,
2429 3212 2512 3261 sed
2533 3213 2712 3262 mutavi
2747 3224 3014 3266 accentum.

2140 3285 2211 3350 (3)
2246 3289 2316 3335 Ex
2339 3287 2616 3352 Kiesslingii
2641 3287 2876 3352 [Brunck.
2895 3298 2945 3337 et
2963 3290 3145 3340 Stroth.
3177 3289 3434 3337 voluerunt
3451 3289 3632 3338 κῶπαί

2074 3361 2149 3425 τε]
2178 3361 2465 3426 conjectura,
2486 3377 2630 3427 quam
2659 3364 2888 3412 suadente
2915 3363 3132 3415 Abi-ente
3149 3365 3246 3429 jam
3279 3363 3470 3412 admisit
3517 3365 3630 3412 Zie-

2075 3436 2245 3498 glerus.
2284 3435 2435 3498 κοίαι,
2463 3433 2642 3505 lapides
2679 3435 2845 3505 quibus
2894 3439 3016 3486 retia
3048 3437 3383 3504 gravabantur
3409 3476 3425 3498 ,
3467 3439 3638 3488 voluit

2075 3509 2250 3574 Bergk.
2269 3514 2400 3560 Mus.
2423 3511 2580 3561 Rhen.
2609 3530 2653 3562 a.
2688 3517 2832 3564 1836.
2851 3531 2904 3580 p.
2933 3531 3048 3565 221.

2142 3585 2233 3648 (4)-
2249 3586 2326 3634 Sic
2344 3595 2392 3634 et
2415 3586 2533 3636 mihi
2559 3587 2609 3637 in
2645 3598 2850 3637 mentem
2881 3597 3076 3638 venerat
3102 3598 3151 3636 et
3177 3587 3406 3640 Ahrenti.

2143 3660 2216 3723 (5)
2250 3660 2304 3709 Id
2328 3658 2444 3708 mihi
2465 3661 2614 3710 latere
2642 3663 2690 3710 in
2725 3663 2974 3728 scriptum
3004 3662 3323 3727 discrepantia
3358 3663 3524 3712 visum
3564 3673 3638 3710 est

2075 3733 2158 3797 (cl'.
2187 3735 2462 3784 Zimmerm.
2482 3750 2528 3786 a.
2556 3738 2700 3794 1841.
2729 3755 2777 3802 p.
2809 3739 2946 3802 257).
2983 3737 3190 3786 Eandem
3232 3737 3638 3786 emendationem

2074 3809 2259 3857 invenit
2283 3808 2488 3867 Ahrens,
2519 3820 2830 3875 praeterquam
2859 3811 2987 3876 quod
3011 3827 3087 3860 me
3116 3813 3292 3861 rectius
3313 3813 3509 3878 scripsit
3541 3813 3641 3861 im·

2077 3883 2336 3948 perfectum
2363 3885 2543 3949 ἐτήρει,
2570 3885 2652 3933 ubi
2672 3902 2760 3949 ego
2785 3888 3022 3935 volueram
3046 3888 3216 3952 ἐτήρη.

2145 3959 2219 4021 (6)
2254 3957 2312 4006 Id
2351 3959 2450 4019 jam
2491 3964 2662 4008 Portus
2705 3960 2756 4008 111
2797 3961 2926 4013 Dict.
2967 3966 3089 4013 Dor.
3131 3961 3412 4027 proposuit,
3451 3971 3644 4026 postea

2077 4037 2306 4084 Warton.
2332 4032 2544 4085 Brunck.
2569 4050 2628 4083 ex
2654 4035 2788 4084 libris
2807 4072 2820 4096 ,
2851 4037 2932 4100 qui
2955 4036 3138 4086 habent
3157 4039 3317 4086 πενία.
3340 4065 3408 4074 —-
3434 4041 3514 4088 V.
3555 4041 3648 4089 18.

2077 4113 2133 4157 Iu
2173 4108 2413 4173 τρυφερὸν
2441 4107 2638 4157 fortasse
2666 4110 2776 4158 latet
2806 4113 3044 4177 τροφερόν
3063 4148 3079 4173 ,
3107 4122 3332 4162 novatum
3372 4130 3434 4162 ex
3479 4117 3652 4180 τρόφι

2077 4181 2229 4248 κῦμα.
2259 4207 2323 4218 —
2367 4187 2430 4233 V.
2469 4200 2532 4246 19
2563 4181 2764 4246 κοῦπω,
2791 4187 2918 4250 quod
2957 4189 3054 4236 duo
3093 4188 3237 4240 codd.
3283 4189 3654 4254 suppeditant,

2076 4258 2269 4307 fluxisse
2284 4256 2476 4306 videtur
2498 4275 2554 4306 ex
2577 4263 2688 4307 v11.
2721 4277 2798 4310 10.
2823 4289 2886 4297 -
2909 4265 2972 4312 V.
3000 4267 3062 4312 23
3088 4264 3247 4311 malim
3273 4265 3358 4312 ὅτι
3387 4261 3430 4311 τ’
3449 4264 3658 4330 ἄματα
3700 4275 3711 4284 ”

2078 4352 2133 4383 ex
2157 4339 2301 4383 Hom.
2334 4333 2428 4384 Od.
2459 4334 2518 4390 σ’,
2544 4337 2659 4395 367.
2687 4337 2761 4386 Cf.
2782 4341 2952 4386 xxu.
2981 4340 3062 4388 55.

2145 4410 2215 4472 (7)
2249 4414 2319 4456 Ita
2356 4410 2658 4458 Hermannus
2697 4411 2934 4476 probante
2976 4412 3244 4464 Meinrkio.
3271 4443 3336 4451 —
3363 4419 3429 4465 V.
3479 4419 3558 4464 30
3593 4415 3662 4467 011

2079 4501 2138 4535 σε
2152 4485 2273 4535 θέλω
2294 4483 2420 4540 libri,
2441 4499 2467 4532 a
2482 4485 2658 4548 quibus
2673 4486 2918 4536 discedere
2938 4504 3032 4536 non
3051 4505 3170 4553 opus
3185 4499 3274 4538 est.
3297 4489 3376 4540 Cf.
3403 4493 3664 4542 Meinek.
3730 4543 3731 4548 ,

2081 4563 2130 4610 111
2157 4559 2344 4609 Mosen.
2373 4563 2438 4607 11.
2478 4563 2586 4608 156.
2615 4561 2692 4608 ubi
2713 4563 2810 4625 jam
2838 4562 3180 4612 Wakefieldius
3209 4565 3390 4630 rei-epit
3413 4567 3546 4617 ὅττι
3574 4573 3664 4618 Θέ·
3730 4585 3731 4592 ’

2079 4638 2226 4696 λοιμι.
2254 4634 2439 4698 Ziegler
2465 4635 2513 4682 in
2541 4636 2636 4686 Th.
2668 4640 2781 4684 XV.
2811 4649 2892 4692 41.
2927 4638 3116 4687 Abrens
3143 4643 3217 4687 De
3241 4639 3360 4688 crasi
3385 4650 3434 4690 et
3469 4643 3668 4707 011118-

2081 4709 2172 4760 resi
2197 4727 2247 4775 p.
2273 4729 2333 4757 22
2363 4727 2436 4774 sq.
3011 4735 3019 4742 ·

2149 4787 2225 4847 (8)
2261 4790 2332 4834 Ita
2359 4784 2568 4832 scribere
2594 4803 2732 4834 ausus
2757 4803 2858 4835 sum
2888 4805 2946 4836 ex
2982 4791 3254 4854 conjectura
3279 4825 3292 4848 ,
3333 4805 3494 4854 quam
3531 4793 3674 4843 olim

2085 4860 2328 4924 proposui.
2361 4858 2436 4909 Cf.
2481 4859 2671 4907 Ain-ens
2696 4865 2768 4909 De
2797 4863 2911 4914 dial.
2945 4867 3064 4914 Dor.
3093 4881 3143 4928 p.
3192 4867 3256 4926 89
3291 4872 3416 4922 not„
3469 4867 3582 4916 ubi
3616 4869 3676 4919 in

2083 4940 2241 5000 Etym.
2275 4939 2345 4985 M.
2377 4945 2424 4982 et
2455 4940 2582 4985 Anu.
2609 4941 2738 4987 Oxx.
2769 4939 3040 5003 exemplum
3067 4940 3294 4994 νυστάξω
3332 4938 3572 4992 sortasse
3607 4962 3676 4993 ex
3730 4985 3731 4990 ,

2083 5009 2176 5058 hoc
2203 5010 2307 5075 ipso
2335 5009 2580 5058 Theocriti
2606 5012 2710 5059 loco
2737 5023 2980 5078 sumptum
3009 5023 3098 5064 est.
3131 5018 3273 5062 Nunc
3300 5015 3350 5062 in
3379 5015 3534 5066 idem
3571 5039 3678 5070 νυ-

2085 5085 2236 5157 σταξῇ
2263 5083 2481 5132 incidisse
2504 5087 2541 5132 F
2543 5085 2817 5135 ritzschium
2838 5105 3027 5154 quoque
3049 5107 3097 5154 p.
3121 5105 3183 5150 67
3215 5105 3321 5138 cum
3347 5106 3552 5155 inagna
3589 5097 3682 5145 ln·

2087 5163 2191 5210 titia
2207 5159 2539 5210 animadverti.
