<?xml version="1.0" encoding="UTF-8"?>
<!DOCTYPE html PUBLIC "-//W3C//DTD XHTML 1.0 Transitional//EN"
    "http://www.w3.org/TR/xhtml1/DTD/xhtml1-transitional.dtd">
<html xmlns="http://www.w3.org/1999/xhtml" xml:lang="en" lang="en">
 <head>
  <title>
</title>
<meta http-equiv="Content-Type" content="text/html;charset=utf-8" />
  <meta name='ocr-system' content='tesseract 3.04.00' />
  <meta name='ocr-capabilities' content='ocr_page ocr_carea ocr_par ocr_line ocrx_word'/>
</head>
<body>
  <div class='ocr_page' id='page_1' title='image "./poetbucolicietd00ameigoog_0303.png"; bbox 0 0 3767 5825; ppageno 0'>
   <div class='ocr_carea' id='block_1_1' title="bbox 1086 275 3204 366">
    <p class='ocr_par' dir='ltr' id='par_1_1' title="bbox 1086 275 3204 366">
     <span class='ocr_line' id='line_1_1' title="bbox 1086 275 3204 366; baseline -0.02 1"><span class='ocrx_word' id='word_1_1' title='bbox 1086 299 1469 366; x_wconf 75' lang='lat' dir='ltr'><strong>chNDm</strong></span> <span class='ocrx_word' id='word_1_2' title='bbox 1509 285 2196 358; x_wconf 70' lang='lat' dir='ltr'>ALEXIPHARMAGA.</span> <span class='ocrx_word' id='word_1_3' title='bbox 3096 275 3204 327; x_wconf 80' lang='grc'><strong>149</strong></span> 
     </span>
    </p>
   </div>
   <div class='ocr_carea' id='block_1_2' title="bbox 78 424 3108 3612">
    <p class='ocr_par' dir='ltr' id='par_1_2' title="bbox 78 424 3108 3612">
     <span class='ocr_line' id='line_1_2' title="bbox 102 424 2900 539; baseline -0.011 -35"><span class='ocrx_word' id='word_1_4' title='bbox 102 477 159 520; x_wconf 71' lang='lat'><strong>210</strong></span> <span class='ocrx_word' id='word_1_5' title='bbox 186 451 369 518; x_wconf 55' lang='lat' dir='ltr'><strong>„mua</strong></span> <span class='ocrx_word' id='word_1_6' title='bbox 398 453 639 539; x_wconf 70' lang='grc' dir='ltr'>βριθοντα</span> <span class='ocrx_word' id='word_1_7' title='bbox 660 441 785 526; x_wconf 74' lang='grc' dir='ltr'>περὶ</span> <span class='ocrx_word' id='word_1_8' title='bbox 810 438 1131 520; x_wconf 73' lang='grc' dir='ltr'>στομάτεσσι</span> <span class='ocrx_word' id='word_1_9' title='bbox 1167 432 1405 518; x_wconf 76' lang='grc' dir='ltr'><strong>βαρύνει·</strong></span> <span class='ocrx_word' id='word_1_10' title='bbox 1684 433 1867 484; x_wconf 60' lang='lat' dir='ltr'><strong>&lt;arcum</strong></span> <span class='ocrx_word' id='word_1_11' title='bbox 1884 443 1972 481; x_wconf 79' lang='lat' dir='ltr'><strong>ora</strong></span> <span class='ocrx_word' id='word_1_12' title='bbox 1986 429 2213 480; x_wconf 79' lang='lat' dir='ltr'><strong>attollent</strong></span> <span class='ocrx_word' id='word_1_13' title='bbox 2231 431 2282 479; x_wconf 85' lang='lat' dir='ltr'><strong>et</strong></span> <span class='ocrx_word' id='word_1_14' title='bbox 2297 438 2468 490; x_wconf 73' lang='lat' dir='ltr'><strong>magiis</strong></span> <span class='ocrx_word' id='word_1_15' title='bbox 2491 425 2621 476; x_wconf 79' lang='lat' dir='ltr'><strong>mole</strong></span> <span class='ocrx_word' id='word_1_16' title='bbox 2641 424 2900 488; x_wconf 79' lang='lat' dir='ltr'><strong>gravantur</strong></span> 
     </span>
     <span class='ocr_line' id='line_1_3' title="bbox 186 513 2682 625; baseline -0.014 -25"><span class='ocrx_word' id='word_1_17' title='bbox 186 543 292 625; x_wconf 77' lang='grc' dir='ltr'>ξηρὰ</span> <span class='ocrx_word' id='word_1_18' title='bbox 315 545 359 602; x_wconf 89' lang='grc' dir='ltr'>δ’</span> <span class='ocrx_word' id='word_1_19' title='bbox 384 537 641 600; x_wconf 79' lang='grc' dir='ltr'>ἅναπτύει</span> <span class='ocrx_word' id='word_1_20' title='bbox 662 581 679 612; x_wconf 89' lang='grc'>,</span> <span class='ocrx_word' id='word_1_21' title='bbox 707 531 879 592; x_wconf 83' lang='grc' dir='ltr'>νεόθεν</span> <span class='ocrx_word' id='word_1_22' title='bbox 903 531 948 589; x_wconf 89' lang='grc' dir='ltr'>δ’</span> <span class='ocrx_word' id='word_1_23' title='bbox 978 526 1292 610; x_wconf 78' lang='grc' dir='ltr'><strong>ἐκρήγνυται</strong></span> <span class='ocrx_word' id='word_1_24' title='bbox 1319 513 1480 582; x_wconf 75' lang='grc' dir='ltr'>οὗλα·</span> <span class='ocrx_word' id='word_1_25' title='bbox 1685 537 1770 574; x_wconf 86' lang='lat' dir='ltr'><strong>ore</strong></span> <span class='ocrx_word' id='word_1_26' title='bbox 1791 521 1925 586; x_wconf 84' lang='lat' dir='ltr'><strong>spuit</strong></span> <span class='ocrx_word' id='word_1_27' title='bbox 1940 520 2093 582; x_wconf 74' lang='lat' dir='ltr'><strong>sicco,</strong></span> <span class='ocrx_word' id='word_1_28' title='bbox 2115 518 2250 568; x_wconf 84' lang='lat' dir='ltr'><strong>rimis</strong></span> <span class='ocrx_word' id='word_1_29' title='bbox 2269 516 2460 580; x_wconf 82' lang='lat' dir='ltr'><strong>gingiva</strong></span> <span class='ocrx_word' id='word_1_30' title='bbox 2481 515 2682 576; x_wconf 77' lang='lat' dir='ltr'><strong>satisclt3</strong></span> 
     </span>
     <span class='ocr_line' id='line_1_4' title="bbox 186 603 2855 706; baseline -0.015 -16"><span class='ocrx_word' id='word_1_31' title='bbox 186 628 387 691; x_wconf 77' lang='grc' dir='ltr'>πολλάκι</span> <span class='ocrx_word' id='word_1_32' title='bbox 411 627 457 685; x_wconf 90' lang='grc' dir='ltr'>δ’</span> <span class='ocrx_word' id='word_1_33' title='bbox 481 628 533 694; x_wconf 70' lang='grc' dir='ltr'><strong>ἐς</strong></span> <span class='ocrx_word' id='word_1_34' title='bbox 553 621 774 706; x_wconf 81' lang='grc' dir='ltr'>κραδίην</span> <span class='ocrx_word' id='word_1_35' title='bbox 794 617 983 691; x_wconf 86' lang='grc' dir='ltr'>πτοίην</span> <span class='ocrx_word' id='word_1_36' title='bbox 1020 615 1149 698; x_wconf 82' lang='grc' dir='ltr'>βάλε</span> <span class='ocrx_word' id='word_1_37' title='bbox 1166 661 1182 688; x_wconf 90' lang='grc'>,</span> <span class='ocrx_word' id='word_1_38' title='bbox 1210 622 1314 672; x_wconf 79' lang='grc' dir='ltr'><strong>πᾶν</strong></span> <span class='ocrx_word' id='word_1_39' title='bbox 1346 609 1402 670; x_wconf 87' lang='grc' dir='ltr'>δὲ</span> <span class='ocrx_word' id='word_1_40' title='bbox 1427 607 1599 686; x_wconf 84' lang='grc' dir='ltr'>νόημα</span> <span class='ocrx_word' id='word_1_41' title='bbox 1688 613 1855 662; x_wconf 76' lang='lat' dir='ltr'><strong>horror</strong></span> <span class='ocrx_word' id='word_1_42' title='bbox 1872 623 2006 674; x_wconf 66' lang='lat' dir='ltr'><strong>saepe</strong></span> <span class='ocrx_word' id='word_1_43' title='bbox 2027 607 2181 673; x_wconf 84' lang='lat' dir='ltr'><strong>quatit</strong></span> <span class='ocrx_word' id='word_1_44' title='bbox 2203 605 2487 671; x_wconf 74' lang='lat' dir='ltr'><strong>trepidantia</strong></span> <span class='ocrx_word' id='word_1_45' title='bbox 2504 603 2674 668; x_wconf 83' lang='lat' dir='ltr'><strong>corda,</strong></span> <span class='ocrx_word' id='word_1_46' title='bbox 2698 605 2855 654; x_wconf 85' lang='lat' dir='ltr'><strong>surore</strong></span> 
     </span>
     <span class='ocr_line' id='line_1_5' title="bbox 188 695 2678 796; baseline -0.01 -29"><span class='ocrx_word' id='word_1_47' title='bbox 188 718 465 796; x_wconf 66' lang='grc' dir='ltr'>ἔμπληκτον</span> <span class='ocrx_word' id='word_1_48' title='bbox 494 711 763 793; x_wconf 72' lang='grc' dir='ltr'>μεμόρηκε</span> <span class='ocrx_word' id='word_1_49' title='bbox 786 712 927 787; x_wconf 78' lang='grc' dir='ltr'>κακῇ</span> <span class='ocrx_word' id='word_1_50' title='bbox 950 702 1272 788; x_wconf 79' lang='grc' dir='ltr'>ἐσφαλμένον</span> <span class='ocrx_word' id='word_1_51' title='bbox 1302 699 1423 779; x_wconf 76' lang='grc' dir='ltr'>ἄτῃ·</span> <span class='ocrx_word' id='word_1_52' title='bbox 1690 700 1904 752; x_wconf 79' lang='lat' dir='ltr'><strong>exundat</strong></span> <span class='ocrx_word' id='word_1_53' title='bbox 1921 699 2027 749; x_wconf 86' lang='lat' dir='ltr'><strong>diro</strong></span> <span class='ocrx_word' id='word_1_54' title='bbox 2049 709 2186 748; x_wconf 86' lang='lat' dir='ltr'><strong>mens</strong></span> <span class='ocrx_word' id='word_1_55' title='bbox 2205 695 2442 759; x_wconf 82' lang='lat' dir='ltr'><strong>exagitata</strong></span> <span class='ocrx_word' id='word_1_56' title='bbox 2463 707 2651 744; x_wconf 77' lang='lat' dir='ltr'><strong>veneno</strong></span> <span class='ocrx_word' id='word_1_57' title='bbox 2663 710 2678 756; x_wconf 81' lang='lat'>3</span> 
     </span>
     <span class='ocr_line' id='line_1_6' title="bbox 187 783 2747 886; baseline -0.011 -26"><span class='ocrx_word' id='word_1_58' title='bbox 187 804 327 886; x_wconf 73' lang='grc' dir='ltr'>αὐτὰρ</span> <span class='ocrx_word' id='word_1_59' title='bbox 355 803 383 863; x_wconf 85' lang='grc'><strong>8</strong></span> <span class='ocrx_word' id='word_1_60' title='bbox 414 801 638 881; x_wconf 85' lang='grc' dir='ltr'>μηκάζει</span> <span class='ocrx_word' id='word_1_61' title='bbox 663 799 853 877; x_wconf 77' lang='grc' dir='ltr'><strong>μανίης</strong></span> <span class='ocrx_word' id='word_1_62' title='bbox 872 795 975 855; x_wconf 67' lang='grc' dir='ltr'><strong>ὕπο</strong></span> <span class='ocrx_word' id='word_1_63' title='bbox 1000 792 1161 875; x_wconf 89' lang='grc' dir='ltr'>μυρία</span> <span class='ocrx_word' id='word_1_64' title='bbox 1187 789 1410 870; x_wconf 84' lang='grc' dir='ltr'>φλύζων·</span> <span class='ocrx_word' id='word_1_65' title='bbox 1692 789 1910 840; x_wconf 73' lang='lat' dir='ltr'><strong>balantes</strong></span> <span class='ocrx_word' id='word_1_66' title='bbox 1931 787 2150 838; x_wconf 80' lang='lat' dir='ltr'><strong>imitatur</strong></span> <span class='ocrx_word' id='word_1_67' title='bbox 2165 797 2312 848; x_wconf 83' lang='lat' dir='ltr'><strong>oves,</strong></span> <span class='ocrx_word' id='word_1_68' title='bbox 2335 787 2384 836; x_wconf 89' lang='lat' dir='ltr'><strong>et</strong></span> <span class='ocrx_word' id='word_1_69' title='bbox 2407 783 2540 834; x_wconf 90' lang='lat' dir='ltr'><strong>mille</strong></span> <span class='ocrx_word' id='word_1_70' title='bbox 2559 783 2747 833; x_wconf 78' lang='lat' dir='ltr'><strong>furores</strong></span> 
     </span>
     <span class='ocr_line' id='line_1_7' title="bbox 94 870 2848 970; baseline -0.012 -17"><span class='ocrx_word' id='word_1_71' title='bbox 94 921 151 957; x_wconf 70' lang='lat'><strong>215</strong></span> <span class='ocrx_word' id='word_1_72' title='bbox 186 893 349 967; x_wconf 77' lang='grc' dir='ltr'>δηθάκι</span> <span class='ocrx_word' id='word_1_73' title='bbox 373 891 417 950; x_wconf 82' lang='grc' dir='ltr'>δ’</span> <span class='ocrx_word' id='word_1_74' title='bbox 446 887 733 970; x_wconf 78' lang='grc' dir='ltr'>ἀχθόμενος</span> <span class='ocrx_word' id='word_1_75' title='bbox 768 885 929 966; x_wconf 70' lang='grc' dir='ltr'>βοάᾳ,</span> <span class='ocrx_word' id='word_1_76' title='bbox 953 882 988 942; x_wconf 73' lang='grc' dir='ltr'>ά</span> <span class='ocrx_word' id='word_1_77' title='bbox 1010 906 1087 949; x_wconf 88' lang='grc' dir='ltr'><strong>τις</strong></span> <span class='ocrx_word' id='word_1_78' title='bbox 1111 878 1413 958; x_wconf 83' lang='grc' dir='ltr'>ἐμπελάδην</span> <span class='ocrx_word' id='word_1_79' title='bbox 1443 871 1549 957; x_wconf 79' lang='grc' dir='ltr'><strong>φὼς</strong></span> <span class='ocrx_word' id='word_1_80' title='bbox 1693 877 1928 941; x_wconf 78' lang='lat' dir='ltr'><strong>concipit,</strong></span> <span class='ocrx_word' id='word_1_81' title='bbox 1952 875 2188 926; x_wconf 76' lang='lat' dir='ltr'><strong>exclamat</strong></span> <span class='ocrx_word' id='word_1_82' title='bbox 2210 872 2412 924; x_wconf 74' lang='lat' dir='ltr'><strong>ferventi</strong></span> <span class='ocrx_word' id='word_1_83' title='bbox 2437 873 2494 922; x_wconf 86' lang='lat' dir='ltr'><strong>ut</strong></span> <span class='ocrx_word' id='word_1_84' title='bbox 2513 871 2732 921; x_wconf 87' lang='lat' dir='ltr'><strong>concitus</strong></span> <span class='ocrx_word' id='word_1_85' title='bbox 2754 870 2848 931; x_wconf 87' lang='lat' dir='ltr'><strong>ira,</strong></span> 
     </span>
     <span class='ocr_line' id='line_1_8' title="bbox 188 960 2789 1062; baseline -0.011 -26"><span class='ocrx_word' id='word_1_86' title='bbox 188 979 493 1062; x_wconf 70' lang='grc' dir='ltr'>ἀμφιὸρότην</span> <span class='ocrx_word' id='word_1_87' title='bbox 516 975 737 1036; x_wconf 79' lang='grc' dir='ltr'>κώδειαν</span> <span class='ocrx_word' id='word_1_88' title='bbox 760 971 864 1031; x_wconf 81' lang='grc' dir='ltr'><strong>ἀπὸ</strong></span> <span class='ocrx_word' id='word_1_89' title='bbox 892 968 1147 1050; x_wconf 82' lang='grc' dir='ltr'>ξιφέεσσιν</span> <span class='ocrx_word' id='word_1_90' title='bbox 1177 965 1409 1044; x_wconf 78' lang='grc' dir='ltr'>ἀμηθείς·</span> <span class='ocrx_word' id='word_1_91' title='bbox 1694 966 1773 1017; x_wconf 87' lang='lat' dir='ltr'><strong>cui</strong></span> <span class='ocrx_word' id='word_1_92' title='bbox 1797 965 1943 1016; x_wconf 84' lang='lat' dir='ltr'><strong>vitale</strong></span> <span class='ocrx_word' id='word_1_93' title='bbox 1963 968 2106 1027; x_wconf 83' lang='lat' dir='ltr'><strong>caput</strong></span> <span class='ocrx_word' id='word_1_94' title='bbox 2122 962 2363 1013; x_wconf 79' lang='lat' dir='ltr'><strong>violentus</strong></span> <span class='ocrx_word' id='word_1_95' title='bbox 2379 960 2613 1011; x_wconf 82' lang='lat' dir='ltr'><strong>ademerit</strong></span> <span class='ocrx_word' id='word_1_96' title='bbox 2633 960 2789 1022; x_wconf 85' lang='lat' dir='ltr'><strong>ensis;</strong></span> 
     </span>
     <span class='ocr_line' id='line_1_9' title="bbox 184 1049 2906 1146; baseline -0.011 -19"><span class='ocrx_word' id='word_1_97' title='bbox 184 1069 213 1142; x_wconf 74' lang='grc' dir='ltr'><strong>ἦ</strong></span> <span class='ocrx_word' id='word_1_98' title='bbox 236 1069 318 1127; x_wconf 81' lang='grc' dir='ltr'><strong>ἅτε</strong></span> <span class='ocrx_word' id='word_1_99' title='bbox 346 1062 650 1146; x_wconf 76' lang='grc' dir='ltr'>κερνοφόρος</span> <span class='ocrx_word' id='word_1_100' title='bbox 676 1060 892 1141; x_wconf 83' lang='grc' dir='ltr'>ζάκορος</span> <span class='ocrx_word' id='word_1_101' title='bbox 923 1056 1221 1139; x_wconf 86' lang='grc' dir='ltr'>βωμίστρια</span> <span class='ocrx_word' id='word_1_102' title='bbox 1247 1052 1453 1124; x_wconf 82' lang='grc' dir='ltr'><strong>Ῥείης,</strong></span> <span class='ocrx_word' id='word_1_103' title='bbox 1698 1060 1783 1106; x_wconf 90' lang='lat' dir='ltr'><strong>aut</strong></span> <span class='ocrx_word' id='word_1_104' title='bbox 1800 1053 1977 1116; x_wconf 83' lang='lat' dir='ltr'><strong>veluti,</strong></span> <span class='ocrx_word' id='word_1_105' title='bbox 1996 1053 2074 1103; x_wconf 89' lang='lat' dir='ltr'><strong>cui</strong></span> <span class='ocrx_word' id='word_1_106' title='bbox 2099 1052 2275 1116; x_wconf 88' lang='lat' dir='ltr'><strong>templa</strong></span> <span class='ocrx_word' id='word_1_107' title='bbox 2291 1052 2440 1101; x_wconf 80' lang='lat' dir='ltr'><strong>Rheoe</strong></span> <span class='ocrx_word' id='word_1_108' title='bbox 2459 1053 2506 1100; x_wconf 87' lang='lat' dir='ltr'><strong>et</strong></span> <span class='ocrx_word' id='word_1_109' title='bbox 2523 1049 2751 1099; x_wconf 78' lang='lat' dir='ltr'><strong>libamina</strong></span> <span class='ocrx_word' id='word_1_110' title='bbox 2775 1063 2906 1099; x_wconf 81' lang='lat' dir='ltr'><strong>curae</strong></span> 
     </span>
     <span class='ocr_line' id='line_1_10' title="bbox 188 1137 2940 1234; baseline -0.01 -19"><span class='ocrx_word' id='word_1_111' title='bbox 188 1155 328 1215; x_wconf 84' lang='grc' dir='ltr'>εἷνάδι</span> <span class='ocrx_word' id='word_1_112' title='bbox 350 1152 683 1234; x_wconf 71' lang='grc' dir='ltr'>λαοφόροισιν</span> <span class='ocrx_word' id='word_1_113' title='bbox 708 1147 1123 1230; x_wconf 79' lang='grc' dir='ltr'>ἓνιχρίμπτουσα</span> <span class='ocrx_word' id='word_1_114' title='bbox 1150 1141 1437 1213; x_wconf 77' lang='grc' dir='ltr'>κελεύθοις,</span> <span class='ocrx_word' id='word_1_115' title='bbox 1699 1143 1879 1194; x_wconf 74' lang='lat' dir='ltr'><strong>aeditua</strong></span> <span class='ocrx_word' id='word_1_116' title='bbox 1893 1177 1909 1204; x_wconf 92' lang='lat'><strong>,</strong></span> <span class='ocrx_word' id='word_1_117' title='bbox 1933 1142 1983 1191; x_wconf 88' lang='lat' dir='ltr'><strong>iu</strong></span> <span class='ocrx_word' id='word_1_118' title='bbox 2003 1141 2208 1204; x_wconf 83' lang='lat' dir='ltr'><strong>plateas,</strong></span> <span class='ocrx_word' id='word_1_119' title='bbox 2229 1152 2354 1188; x_wconf 86' lang='lat' dir='ltr'><strong>nona</strong></span> <span class='ocrx_word' id='word_1_120' title='bbox 2371 1137 2564 1202; x_wconf 87' lang='lat' dir='ltr'><strong>quando</strong></span> <span class='ocrx_word' id='word_1_121' title='bbox 2583 1137 2695 1187; x_wconf 88' lang='lat' dir='ltr'><strong>luna</strong></span> <span class='ocrx_word' id='word_1_122' title='bbox 2714 1137 2940 1200; x_wconf 84' lang='lat' dir='ltr'><strong>revertit,</strong></span> 
     </span>
     <span class='ocr_line' id='line_1_11' title="bbox 189 1225 2819 1324; baseline -0.01 -22"><span class='ocrx_word' id='word_1_123' title='bbox 189 1241 373 1324; x_wconf 76' lang='grc' dir='ltr'>μακρὸν</span> <span class='ocrx_word' id='word_1_124' title='bbox 397 1238 676 1320; x_wconf 72' lang='grc' dir='ltr'>ἐπεμὸοάα</span> <span class='ocrx_word' id='word_1_125' title='bbox 700 1238 947 1317; x_wconf 83' lang='grc' dir='ltr'>γλώσσης</span> <span class='ocrx_word' id='word_1_126' title='bbox 967 1232 1134 1315; x_wconf 80' lang='grc' dir='ltr'>θρόον,</span> <span class='ocrx_word' id='word_1_127' title='bbox 1156 1235 1205 1292; x_wconf 83' lang='grc' dir='ltr'><strong>οῖ</strong></span> <span class='ocrx_word' id='word_1_128' title='bbox 1228 1230 1285 1292; x_wconf 76' lang='grc' dir='ltr'>δὲ</span> <span class='ocrx_word' id='word_1_129' title='bbox 1308 1228 1545 1313; x_wconf 84' lang='grc' dir='ltr'>τρέουσιν</span> <span class='ocrx_word' id='word_1_130' title='bbox 1704 1232 1859 1282; x_wconf 75' lang='lat' dir='ltr'><strong>fertur</strong></span> <span class='ocrx_word' id='word_1_131' title='bbox 1878 1234 1931 1281; x_wconf 89' lang='lat' dir='ltr'><strong>et</strong></span> <span class='ocrx_word' id='word_1_132' title='bbox 1947 1229 2104 1280; x_wconf 79' lang='lat' dir='ltr'><strong>Idaeos</strong></span> <span class='ocrx_word' id='word_1_133' title='bbox 2122 1241 2318 1292; x_wconf 84' lang='lat' dir='ltr'><strong>campos</strong></span> <span class='ocrx_word' id='word_1_134' title='bbox 2340 1227 2604 1277; x_wconf 85' lang='lat' dir='ltr'><strong>ululatibus</strong></span> <span class='ocrx_word' id='word_1_135' title='bbox 2627 1225 2819 1290; x_wconf 80' lang='lat' dir='ltr'><strong>implet3</strong></span> 
     </span>
     <span class='ocr_line' id='line_1_12' title="bbox 98 1314 2876 1411; baseline -0.01 -19"><span class='ocrx_word' id='word_1_136' title='bbox 98 1355 155 1392; x_wconf 62' lang='grc' dir='ltr'><strong>τεο</strong></span> <span class='ocrx_word' id='word_1_137' title='bbox 188 1333 365 1404; x_wconf 80' lang='grc' dir='ltr'><strong>Ἰδαίης</strong></span> <span class='ocrx_word' id='word_1_138' title='bbox 396 1328 607 1411; x_wconf 78' lang='grc' dir='ltr'>ριγηλὸν</span> <span class='ocrx_word' id='word_1_139' title='bbox 634 1326 709 1387; x_wconf 82' lang='grc' dir='ltr'>ὅτ’</span> <span class='ocrx_word' id='word_1_140' title='bbox 738 1319 1006 1386; x_wconf 80' lang='grc' dir='ltr'>εἷσαΐωσιν</span> <span class='ocrx_word' id='word_1_141' title='bbox 1033 1320 1295 1401; x_wconf 77' lang='grc' dir='ltr'>ὑλαγμόν·</span> <span class='ocrx_word' id='word_1_142' title='bbox 1702 1322 1808 1372; x_wconf 86' lang='lat' dir='ltr'><strong>tum</strong></span> <span class='ocrx_word' id='word_1_143' title='bbox 1828 1319 2002 1382; x_wconf 82' lang='lat' dir='ltr'><strong>trepidi</strong></span> <span class='ocrx_word' id='word_1_144' title='bbox 2018 1318 2302 1368; x_wconf 82' lang='lat' dir='ltr'><strong>horrescunt</strong></span> <span class='ocrx_word' id='word_1_145' title='bbox 2320 1315 2484 1366; x_wconf 83' lang='lat' dir='ltr'><strong>audita</strong></span> <span class='ocrx_word' id='word_1_146' title='bbox 2502 1329 2620 1366; x_wconf 82' lang='lat' dir='ltr'><strong>voce</strong></span> <span class='ocrx_word' id='word_1_147' title='bbox 2645 1314 2876 1365; x_wconf 85' lang='lat' dir='ltr'><strong>bubulci:</strong></span> 
     </span>
     <span class='ocr_line' id='line_1_13' title="bbox 183 1403 2951 1497; baseline -0.01 -16"><span class='ocrx_word' id='word_1_148' title='bbox 183 1421 238 1488; x_wconf 83' lang='grc' dir='ltr'><strong>ὣς</strong></span> <span class='ocrx_word' id='word_1_149' title='bbox 261 1419 286 1480; x_wconf 84' lang='grc' dir='ltr'>ὃ</span> <span class='ocrx_word' id='word_1_150' title='bbox 308 1419 425 1480; x_wconf 86' lang='grc' dir='ltr'>νόον</span> <span class='ocrx_word' id='word_1_151' title='bbox 447 1417 616 1488; x_wconf 89' lang='grc' dir='ltr'>λύσση</span> <span class='ocrx_word' id='word_1_152' title='bbox 646 1414 947 1497; x_wconf 79' lang='grc' dir='ltr'><strong>ἐσφαλμένα</strong></span> <span class='ocrx_word' id='word_1_153' title='bbox 979 1408 1342 1492; x_wconf 84' lang='grc' dir='ltr'>βρυκανάαται</span> <span class='ocrx_word' id='word_1_154' title='bbox 1705 1410 1777 1460; x_wconf 86' lang='lat' dir='ltr'><strong>sic</strong></span> <span class='ocrx_word' id='word_1_155' title='bbox 1792 1407 1942 1459; x_wconf 87' lang='lat' dir='ltr'><strong>miser</strong></span> <span class='ocrx_word' id='word_1_156' title='bbox 1957 1407 2008 1457; x_wconf 88' lang='lat' dir='ltr'><strong>in</strong></span> <span class='ocrx_word' id='word_1_157' title='bbox 2029 1407 2212 1457; x_wconf 81' lang='lat' dir='ltr'><strong>rabiem</strong></span> <span class='ocrx_word' id='word_1_158' title='bbox 2234 1418 2404 1455; x_wconf 76' lang='lat' dir='ltr'><strong>versus</strong></span> <span class='ocrx_word' id='word_1_159' title='bbox 2427 1403 2587 1454; x_wconf 78' lang='lat' dir='ltr'><strong>fremit</strong></span> <span class='ocrx_word' id='word_1_160' title='bbox 2604 1404 2683 1454; x_wconf 89' lang='lat' dir='ltr'><strong>ille</strong></span> <span class='ocrx_word' id='word_1_161' title='bbox 2702 1404 2951 1468; x_wconf 85' lang='lat' dir='ltr'><strong>rugitque,</strong></span> 
     </span>
     <span class='ocr_line' id='line_1_14' title="bbox 189 1483 2906 1587; baseline -0.009 -20"><span class='ocrx_word' id='word_1_162' title='bbox 189 1507 391 1587; x_wconf 80' lang='grc' dir='ltr'>ὧρυδὸν,</span> <span class='ocrx_word' id='word_1_163' title='bbox 416 1483 601 1574; x_wconf 62' lang='grc' dir='ltr'>λοξαῖς</span> <span class='ocrx_word' id='word_1_164' title='bbox 617 1503 671 1562; x_wconf 86' lang='grc' dir='ltr'>δὲ</span> <span class='ocrx_word' id='word_1_165' title='bbox 699 1502 879 1584; x_wconf 84' lang='grc' dir='ltr'>κόραις</span> <span class='ocrx_word' id='word_1_166' title='bbox 898 1498 1169 1582; x_wconf 82' lang='grc' dir='ltr'>ταυρώδεα</span> <span class='ocrx_word' id='word_1_167' title='bbox 1196 1494 1451 1564; x_wconf 85' lang='grc' dir='ltr'>λεύσσων,</span> <span class='ocrx_word' id='word_1_168' title='bbox 1706 1502 1756 1549; x_wconf 88' lang='lat' dir='ltr'><strong>et</strong></span> <span class='ocrx_word' id='word_1_169' title='bbox 1777 1503 1915 1548; x_wconf 86' lang='lat' dir='ltr'><strong>torva</strong></span> <span class='ocrx_word' id='word_1_170' title='bbox 1931 1497 1983 1546; x_wconf 90' lang='lat' dir='ltr'><strong>in</strong></span> <span class='ocrx_word' id='word_1_171' title='bbox 2005 1507 2189 1546; x_wconf 87' lang='lat' dir='ltr'><strong>morem</strong></span> <span class='ocrx_word' id='word_1_172' title='bbox 2209 1496 2453 1546; x_wconf 88' lang='lat' dir='ltr'><strong>taurorum</strong></span> <span class='ocrx_word' id='word_1_173' title='bbox 2476 1493 2659 1543; x_wconf 85' lang='lat' dir='ltr'><strong>lumina</strong></span> <span class='ocrx_word' id='word_1_174' title='bbox 2677 1497 2906 1557; x_wconf 87' lang='lat' dir='ltr'><strong>torquens</strong></span> 
     </span>
     <span class='ocr_line' id='line_1_15' title="bbox 191 1581 2772 1673; baseline -0.01 -18"><span class='ocrx_word' id='word_1_175' title='bbox 191 1595 321 1673; x_wconf 69' lang='grc' dir='ltr'>θήγει</span> <span class='ocrx_word' id='word_1_176' title='bbox 350 1593 539 1654; x_wconf 80' lang='grc' dir='ltr'>λευκὸν</span> <span class='ocrx_word' id='word_1_177' title='bbox 568 1591 781 1663; x_wconf 83' lang='grc' dir='ltr'>ὀδόντα,</span> <span class='ocrx_word' id='word_1_178' title='bbox 804 1586 1121 1670; x_wconf 83' lang='grc' dir='ltr'>παραφρίζει</span> <span class='ocrx_word' id='word_1_179' title='bbox 1150 1583 1205 1644; x_wconf 83' lang='grc' dir='ltr'>δὲ</span> <span class='ocrx_word' id='word_1_180' title='bbox 1226 1581 1475 1664; x_wconf 80' lang='grc' dir='ltr'>χαλινοῖς,</span> <span class='ocrx_word' id='word_1_181' title='bbox 1708 1585 1898 1638; x_wconf 72' lang='lat' dir='ltr'><strong>exaurit</strong></span> <span class='ocrx_word' id='word_1_182' title='bbox 1914 1585 2082 1635; x_wconf 82' lang='lat' dir='ltr'><strong>dentes</strong></span> <span class='ocrx_word' id='word_1_183' title='bbox 2099 1586 2150 1634; x_wconf 89' lang='lat' dir='ltr'><strong>et</strong></span> <span class='ocrx_word' id='word_1_184' title='bbox 2171 1595 2392 1646; x_wconf 88' lang='lat' dir='ltr'><strong>spumam</strong></span> <span class='ocrx_word' id='word_1_185' title='bbox 2415 1582 2573 1632; x_wconf 75' lang='lat' dir='ltr'><strong>fundit</strong></span> <span class='ocrx_word' id='word_1_186' title='bbox 2595 1582 2656 1631; x_wconf 83' lang='lat' dir='ltr'><strong>ab</strong></span> <span class='ocrx_word' id='word_1_187' title='bbox 2673 1594 2772 1632; x_wconf 86' lang='lat' dir='ltr'><strong>ore.</strong></span> 
     </span>
     <span class='ocr_line' id='line_1_16' title="bbox 185 1669 3038 1762; baseline -0.008 -18"><span class='ocrx_word' id='word_1_188' title='bbox 185 1683 281 1744; x_wconf 85' lang='grc' dir='ltr'><strong>Τὸν</strong></span> <span class='ocrx_word' id='word_1_189' title='bbox 312 1682 407 1762; x_wconf 80' lang='grc' dir='ltr'><strong>μὲν</strong></span> <span class='ocrx_word' id='word_1_190' title='bbox 436 1681 527 1741; x_wconf 84' lang='grc' dir='ltr'><strong>καὶ</strong></span> <span class='ocrx_word' id='word_1_191' title='bbox 557 1681 793 1758; x_wconf 83' lang='grc' dir='ltr'>δεσμοῖσι</span> <span class='ocrx_word' id='word_1_192' title='bbox 817 1673 1260 1756; x_wconf 85' lang='grc' dir='ltr'>πολυστρέπτοισι</span> <span class='ocrx_word' id='word_1_193' title='bbox 1286 1669 1465 1737; x_wconf 78' lang='grc' dir='ltr'>πιέξας</span> <span class='ocrx_word' id='word_1_194' title='bbox 1711 1679 1869 1735; x_wconf 83' lang='lat' dir='ltr'><strong>Quem</strong></span> <span class='ocrx_word' id='word_1_195' title='bbox 1887 1673 2098 1738; x_wconf 90' lang='lat' dir='ltr'><strong>primum</strong></span> <span class='ocrx_word' id='word_1_196' title='bbox 2117 1670 2314 1721; x_wconf 84' lang='lat' dir='ltr'><strong>manicis</strong></span> <span class='ocrx_word' id='word_1_197' title='bbox 2333 1671 2552 1720; x_wconf 86' lang='lat' dir='ltr'><strong>strictum</strong></span> <span class='ocrx_word' id='word_1_198' title='bbox 2571 1671 2835 1734; x_wconf 81' lang='lat' dir='ltr'><strong>vinclisque</strong></span> <span class='ocrx_word' id='word_1_199' title='bbox 2854 1672 3038 1732; x_wconf 88' lang='lat' dir='ltr'><strong>teneto,</strong></span> 
     </span>
     <span class='ocr_line' id='line_1_17' title="bbox 93 1759 2828 1854; baseline -0.009 -22"><span class='ocrx_word' id='word_1_200' title='bbox 93 1792 155 1832; x_wconf 70' lang='lat' dir='ltr'><strong>us</strong></span> <span class='ocrx_word' id='word_1_201' title='bbox 187 1773 385 1852; x_wconf 82' lang='grc' dir='ltr'>νέκταρι</span> <span class='ocrx_word' id='word_1_202' title='bbox 414 1769 697 1854; x_wconf 81' lang='grc' dir='ltr'>θωρήξαιο,</span> <span class='ocrx_word' id='word_1_203' title='bbox 727 1767 817 1827; x_wconf 83' lang='grc' dir='ltr'><strong>καὶ</strong></span> <span class='ocrx_word' id='word_1_204' title='bbox 845 1770 903 1826; x_wconf 86' lang='grc' dir='ltr'><strong>ού</strong></span> <span class='ocrx_word' id='word_1_205' title='bbox 930 1764 1189 1846; x_wconf 83' lang='grc' dir='ltr'>χατέοντα</span> <span class='ocrx_word' id='word_1_206' title='bbox 1212 1759 1493 1842; x_wconf 84' lang='grc' dir='ltr'>κορέσκων·</span> <span class='ocrx_word' id='word_1_207' title='bbox 1710 1766 1816 1814; x_wconf 90' lang='lat' dir='ltr'><strong>tum</strong></span> <span class='ocrx_word' id='word_1_208' title='bbox 1838 1762 1890 1812; x_wconf 78' lang='lat' dir='ltr'><strong>vi</strong></span> <span class='ocrx_word' id='word_1_209' title='bbox 1912 1775 2008 1811; x_wconf 87' lang='lat' dir='ltr'><strong>non</strong></span> <span class='ocrx_word' id='word_1_210' title='bbox 2027 1773 2199 1822; x_wconf 84' lang='lat' dir='ltr'><strong>magna</strong></span> <span class='ocrx_word' id='word_1_211' title='bbox 2220 1759 2438 1810; x_wconf 81' lang='lat' dir='ltr'><strong>diductas</strong></span> <span class='ocrx_word' id='word_1_212' title='bbox 2455 1763 2646 1810; x_wconf 81' lang='lat' dir='ltr'><strong>nectare</strong></span> <span class='ocrx_word' id='word_1_213' title='bbox 2669 1759 2828 1809; x_wconf 68' lang='lat' dir='ltr'><strong>laucae</strong></span> 
     </span>
     <span class='ocr_line' id='line_1_18' title="bbox 187 1846 2924 1940; baseline -0.008 -20"><span class='ocrx_word' id='word_1_214' title='bbox 187 1853 283 1920; x_wconf 67' lang='grc' dir='ltr'><strong>ἷκα</strong></span> <span class='ocrx_word' id='word_1_215' title='bbox 313 1859 655 1940; x_wconf 84' lang='grc' dir='ltr'>βιησάμενος·</span> <span class='ocrx_word' id='word_1_216' title='bbox 683 1855 770 1916; x_wconf 84' lang='grc' dir='ltr'><strong>διὰ</strong></span> <span class='ocrx_word' id='word_1_217' title='bbox 800 1855 855 1914; x_wconf 86' lang='grc' dir='ltr'>δὲ</span> <span class='ocrx_word' id='word_1_218' title='bbox 878 1853 1052 1932; x_wconf 80' lang='grc' dir='ltr'>στόμα</span> <span class='ocrx_word' id='word_1_219' title='bbox 1080 1849 1271 1933; x_wconf 78' lang='grc' dir='ltr'>βρυκὸν</span> <span class='ocrx_word' id='word_1_220' title='bbox 1312 1846 1565 1928; x_wconf 81' lang='grc' dir='ltr'>ὄχλίζοις,</span> <span class='ocrx_word' id='word_1_221' title='bbox 1712 1851 1888 1916; x_wconf 87' lang='lat' dir='ltr'><strong>imple,</strong></span> <span class='ocrx_word' id='word_1_222' title='bbox 1907 1851 2052 1914; x_wconf 88' lang='lat' dir='ltr'><strong>atque</strong></span> <span class='ocrx_word' id='word_1_223' title='bbox 2069 1849 2303 1899; x_wconf 77' lang='lat' dir='ltr'><strong>immissis</strong></span> <span class='ocrx_word' id='word_1_224' title='bbox 2326 1848 2574 1898; x_wconf 85' lang='lat' dir='ltr'><strong>stridentia</strong></span> <span class='ocrx_word' id='word_1_225' title='bbox 2601 1847 2820 1912; x_wconf 88' lang='lat' dir='ltr'><strong>protinus</strong></span> <span class='ocrx_word' id='word_1_226' title='bbox 2842 1862 2924 1898; x_wconf 87' lang='lat' dir='ltr'><strong>ora</strong></span> 
     </span>
     <span class='ocr_line' id='line_1_19' title="bbox 188 1912 2732 2030; baseline -0.008 -23"><span class='ocrx_word' id='word_1_227' title='bbox 188 1912 293 2030; x_wconf 75' lang='grc' dir='ltr'>όφρ’</span> <span class='ocrx_word' id='word_1_228' title='bbox 323 1947 389 2006; x_wconf 80' lang='grc' dir='ltr'><strong>διν</strong></span> <span class='ocrx_word' id='word_1_229' title='bbox 416 1943 761 2027; x_wconf 75' lang='grc' dir='ltr'>ὓπεξερύγῃσι</span> <span class='ocrx_word' id='word_1_230' title='bbox 795 1941 1153 2021; x_wconf 82' lang='grc' dir='ltr'>δαμαζόμενος</span> <span class='ocrx_word' id='word_1_231' title='bbox 1179 1937 1300 2020; x_wconf 72' lang='grc' dir='ltr'>χερὶ</span> <span class='ocrx_word' id='word_1_232' title='bbox 1325 1933 1527 2004; x_wconf 76' lang='grc' dir='ltr'>λώὸην·</span> <span class='ocrx_word' id='word_1_233' title='bbox 1713 1941 1847 1990; x_wconf 80' lang='lat' dir='ltr'><strong>irrita</strong></span> <span class='ocrx_word' id='word_1_234' title='bbox 1868 1939 2056 2001; x_wconf 80' lang='lat' dir='ltr'><strong>digitis,</strong></span> <span class='ocrx_word' id='word_1_235' title='bbox 2073 1941 2241 1988; x_wconf 81' lang='lat' dir='ltr'><strong>vomat</strong></span> <span class='ocrx_word' id='word_1_236' title='bbox 2263 1941 2318 1987; x_wconf 91' lang='lat' dir='ltr'><strong>ut</strong></span> <span class='ocrx_word' id='word_1_237' title='bbox 2337 1937 2495 1986; x_wconf 80' lang='lat' dir='ltr'><strong>virosa</strong></span> <span class='ocrx_word' id='word_1_238' title='bbox 2511 1941 2732 1998; x_wconf 83' lang='lat' dir='ltr'><strong>coactus;</strong></span> 
     </span>
     <span class='ocr_line' id='line_1_20' title="bbox 184 2025 2974 2114; baseline -0.007 -20"><span class='ocrx_word' id='word_1_239' title='bbox 184 2037 241 2106; x_wconf 81' lang='grc' dir='ltr'><strong>ἠὲ</strong></span> <span class='ocrx_word' id='word_1_240' title='bbox 268 2033 330 2093; x_wconf 81' lang='grc' dir='ltr'><strong>σὺ</strong></span> <span class='ocrx_word' id='word_1_241' title='bbox 360 2033 643 2114; x_wconf 86' lang='grc' dir='ltr'>βοσκαδίης</span> <span class='ocrx_word' id='word_1_242' title='bbox 668 2031 828 2112; x_wconf 84' lang='grc' dir='ltr'>χηνὸς</span> <span class='ocrx_word' id='word_1_243' title='bbox 854 2028 967 2088; x_wconf 82' lang='grc' dir='ltr'>νέον</span> <span class='ocrx_word' id='word_1_244' title='bbox 995 2029 1290 2109; x_wconf 73' lang='grc' dir='ltr'>ὀρταλιχῆα</span> <span class='ocrx_word' id='word_1_245' title='bbox 1714 2033 1797 2079; x_wconf 87' lang='lat' dir='ltr'><strong>aut</strong></span> <span class='ocrx_word' id='word_1_246' title='bbox 1816 2029 2030 2092; x_wconf 89' lang='lat' dir='ltr'><strong>pullum,</strong></span> <span class='ocrx_word' id='word_1_247' title='bbox 2055 2041 2198 2091; x_wconf 88' lang='lat' dir='ltr'><strong>quem</strong></span> <span class='ocrx_word' id='word_1_248' title='bbox 2222 2039 2373 2090; x_wconf 86' lang='lat' dir='ltr'><strong>nuper</strong></span> <span class='ocrx_word' id='word_1_249' title='bbox 2396 2027 2516 2074; x_wconf 80' lang='lat' dir='ltr'><strong>edax</strong></span> <span class='ocrx_word' id='word_1_250' title='bbox 2541 2025 2799 2076; x_wconf 84' lang='lat' dir='ltr'><strong>excluserit</strong></span> <span class='ocrx_word' id='word_1_251' title='bbox 2816 2039 2974 2089; x_wconf 75' lang='lat' dir='ltr'><strong>aiiser,</strong></span> 
     </span>
     <span class='ocr_line' id='line_1_21' title="bbox 184 2113 3013 2202; baseline -0.005 -22"><span class='ocrx_word' id='word_1_252' title='bbox 184 2121 356 2181; x_wconf 73' lang='grc' dir='ltr'>ὕδασιν</span> <span class='ocrx_word' id='word_1_253' title='bbox 389 2121 625 2192; x_wconf 74' lang='grc' dir='ltr'>ἐντήξαιο</span> <span class='ocrx_word' id='word_1_254' title='bbox 656 2119 815 2202; x_wconf 84' lang='grc' dir='ltr'>πυρὸς</span> <span class='ocrx_word' id='word_1_255' title='bbox 845 2115 1210 2198; x_wconf 81' lang='grc' dir='ltr'>μεμορημένον</span> <span class='ocrx_word' id='word_1_256' title='bbox 1242 2113 1446 2191; x_wconf 77' lang='grc' dir='ltr'>αὐγαῖς·</span> <span class='ocrx_word' id='word_1_257' title='bbox 1715 2131 1875 2180; x_wconf 87' lang='lat' dir='ltr'><strong>merge</strong></span> <span class='ocrx_word' id='word_1_258' title='bbox 1895 2117 1946 2166; x_wconf 91' lang='lat' dir='ltr'><strong>in</strong></span> <span class='ocrx_word' id='word_1_259' title='bbox 1969 2129 2142 2180; x_wconf 83' lang='lat' dir='ltr'><strong>aquam</strong></span> <span class='ocrx_word' id='word_1_260' title='bbox 2163 2116 2212 2166; x_wconf 89' lang='lat' dir='ltr'><strong>et</strong></span> <span class='ocrx_word' id='word_1_261' title='bbox 2237 2115 2440 2164; x_wconf 78' lang='lat' dir='ltr'><strong>{lammis</strong></span> <span class='ocrx_word' id='word_1_262' title='bbox 2457 2114 2580 2164; x_wconf 79' lang='lat' dir='ltr'><strong>elixa</strong></span> <span class='ocrx_word' id='word_1_263' title='bbox 2602 2113 2829 2164; x_wconf 83' lang='lat' dir='ltr'><strong>undantis</strong></span> <span class='ocrx_word' id='word_1_264' title='bbox 2846 2114 3013 2179; x_wconf 84' lang='lat' dir='ltr'><strong>aheni;</strong></span> 
     </span>
     <span class='ocr_line' id='line_1_22' title="bbox 88 2189 2779 2290; baseline -0.007 -19"><span class='ocrx_word' id='word_1_265' title='bbox 88 2229 153 2272; x_wconf 67' lang='lat' dir='ltr'><strong>m</strong></span> <span class='ocrx_word' id='word_1_266' title='bbox 184 2210 269 2269; x_wconf 86' lang='grc' dir='ltr'><strong>καί</strong></span> <span class='ocrx_word' id='word_1_267' title='bbox 288 2235 345 2268; x_wconf 86' lang='grc' dir='ltr'><strong>τε</strong></span> <span class='ocrx_word' id='word_1_268' title='bbox 370 2209 434 2268; x_wconf 73' lang='grc' dir='ltr'><strong>σὺ</strong></span> <span class='ocrx_word' id='word_1_269' title='bbox 464 2189 686 2287; x_wconf 80' lang='grc' dir='ltr'>μηλείης</span> <span class='ocrx_word' id='word_1_270' title='bbox 714 2205 975 2290; x_wconf 80' lang='grc' dir='ltr'>ῥηχώδεος</span> <span class='ocrx_word' id='word_1_271' title='bbox 998 2203 1157 2284; x_wconf 82' lang='grc' dir='ltr'>ἄγρια</span> <span class='ocrx_word' id='word_1_272' title='bbox 1185 2201 1360 2283; x_wconf 82' lang='grc' dir='ltr'>κάρφη</span> <span class='ocrx_word' id='word_1_273' title='bbox 1374 2246 1389 2272; x_wconf 92' lang='grc'>,</span> <span class='ocrx_word' id='word_1_274' title='bbox 1716 2213 1766 2256; x_wconf 90' lang='lat' dir='ltr'><strong>et</strong></span> <span class='ocrx_word' id='word_1_275' title='bbox 1787 2206 1991 2269; x_wconf 81' lang='lat' dir='ltr'><strong>virgulta</strong></span> <span class='ocrx_word' id='word_1_276' title='bbox 2013 2205 2146 2255; x_wconf 87' lang='lat' dir='ltr'><strong>rudis</strong></span> <span class='ocrx_word' id='word_1_277' title='bbox 2168 2205 2368 2276; x_wconf 84' lang='lat' dir='ltr'><strong>prosunt</strong></span> <span class='ocrx_word' id='word_1_278' title='bbox 2389 2202 2624 2253; x_wconf 80' lang='lat' dir='ltr'><strong>silvestria</strong></span> <span class='ocrx_word' id='word_1_279' title='bbox 2645 2202 2779 2262; x_wconf 88' lang='lat' dir='ltr'><strong>mali,</strong></span> 
     </span>
     <span class='ocr_line' id='line_1_23' title="bbox 185 2288 2999 2378; baseline -0.004 -23"><span class='ocrx_word' id='word_1_280' title='bbox 185 2297 383 2376; x_wconf 79' lang='grc' dir='ltr'>οὔρεσιν</span> <span class='ocrx_word' id='word_1_281' title='bbox 412 2293 749 2378; x_wconf 84' lang='grc' dir='ltr'>ἐνθρεφθέντα</span> <span class='ocrx_word' id='word_1_282' title='bbox 763 2339 781 2368; x_wconf 90' lang='grc'>,</span> <span class='ocrx_word' id='word_1_283' title='bbox 810 2293 1015 2372; x_wconf 88' lang='grc' dir='ltr'>πόροις,</span> <span class='ocrx_word' id='word_1_284' title='bbox 1044 2291 1151 2350; x_wconf 81' lang='grc' dir='ltr'><strong>ἀπὸ</strong></span> <span class='ocrx_word' id='word_1_285' title='bbox 1180 2289 1325 2349; x_wconf 88' lang='grc' dir='ltr'>σίνεα</span> <span class='ocrx_word' id='word_1_286' title='bbox 1352 2288 1543 2368; x_wconf 79' lang='grc' dir='ltr'>κόψας,</span> <span class='ocrx_word' id='word_1_287' title='bbox 1717 2294 1805 2346; x_wconf 84' lang='lat' dir='ltr'><strong>sed</strong></span> <span class='ocrx_word' id='word_1_288' title='bbox 1821 2297 2024 2358; x_wconf 81' lang='lat' dir='ltr'><strong>purgata</strong></span> <span class='ocrx_word' id='word_1_289' title='bbox 2043 2293 2202 2358; x_wconf 85' lang='lat' dir='ltr'><strong>prius,</strong></span> <span class='ocrx_word' id='word_1_290' title='bbox 2223 2305 2337 2356; x_wconf 79' lang='lat' dir='ltr'><strong>quae</strong></span> <span class='ocrx_word' id='word_1_291' title='bbox 2355 2293 2578 2342; x_wconf 83' lang='lat' dir='ltr'><strong>crescunt</strong></span> <span class='ocrx_word' id='word_1_292' title='bbox 2602 2293 2848 2342; x_wconf 88' lang='lat' dir='ltr'><strong>montibus</strong></span> <span class='ocrx_word' id='word_1_293' title='bbox 2865 2292 2999 2354; x_wconf 87' lang='lat' dir='ltr'><strong>altis,</strong></span> 
     </span>
     <span class='ocr_line' id='line_1_24' title="bbox 188 2367 2995 2464; baseline -0.004 -21"><span class='ocrx_word' id='word_1_294' title='bbox 188 2383 248 2456; x_wconf 79' lang='grc' dir='ltr'><strong>ἠέ</strong></span> <span class='ocrx_word' id='word_1_295' title='bbox 271 2408 321 2443; x_wconf 87' lang='grc' dir='ltr'><strong>τι</strong></span> <span class='ocrx_word' id='word_1_296' title='bbox 344 2384 440 2444; x_wconf 81' lang='grc' dir='ltr'><strong>καὶ</strong></span> <span class='ocrx_word' id='word_1_297' title='bbox 472 2383 744 2464; x_wconf 75' lang='grc' dir='ltr'>κλήροισιν</span> <span class='ocrx_word' id='word_1_298' title='bbox 770 2381 1010 2454; x_wconf 78' lang='grc' dir='ltr'>ἐπήὸολα</span> <span class='ocrx_word' id='word_1_299' title='bbox 1028 2424 1044 2452; x_wconf 90' lang='grc'>,</span> <span class='ocrx_word' id='word_1_300' title='bbox 1072 2377 1189 2439; x_wconf 85' lang='grc' dir='ltr'>τοῖά</span> <span class='ocrx_word' id='word_1_301' title='bbox 1215 2401 1317 2458; x_wconf 85' lang='grc' dir='ltr'><strong>περ</strong></span> <span class='ocrx_word' id='word_1_302' title='bbox 1345 2367 1479 2458; x_wconf 74' lang='grc' dir='ltr'>ὧραι</span> <span class='ocrx_word' id='word_1_303' title='bbox 1721 2396 1930 2447; x_wconf 84' lang='lat' dir='ltr'><strong>quaeque</strong></span> <span class='ocrx_word' id='word_1_304' title='bbox 1949 2396 2035 2446; x_wconf 91' lang='lat' dir='ltr'><strong>per</strong></span> <span class='ocrx_word' id='word_1_305' title='bbox 2050 2384 2269 2432; x_wconf 83' lang='lat' dir='ltr'><strong>aestatem</strong></span> <span class='ocrx_word' id='word_1_306' title='bbox 2293 2381 2469 2432; x_wconf 85' lang='lat' dir='ltr'><strong>nostris</strong></span> <span class='ocrx_word' id='word_1_307' title='bbox 2491 2382 2753 2430; x_wconf 88' lang='lat' dir='ltr'><strong>nascuntur</strong></span> <span class='ocrx_word' id='word_1_308' title='bbox 2773 2381 2819 2429; x_wconf 89' lang='lat' dir='ltr'><strong>in</strong></span> <span class='ocrx_word' id='word_1_309' title='bbox 2845 2381 2995 2432; x_wconf 84' lang='lat' dir='ltr'><strong>hortis</strong></span> 
     </span>
     <span class='ocr_line' id='line_1_25' title="bbox 186 2466 2904 2554; baseline -0.004 -23"><span class='ocrx_word' id='word_1_310' title='bbox 186 2472 404 2554; x_wconf 78' lang='grc' dir='ltr'>εἷαριναὶ</span> <span class='ocrx_word' id='word_1_311' title='bbox 428 2469 700 2553; x_wconf 76' lang='grc' dir='ltr'>φορέουσιν</span> <span class='ocrx_word' id='word_1_312' title='bbox 722 2469 1052 2552; x_wconf 80' lang='grc' dir='ltr'>ἐνεψιήματα</span> <span class='ocrx_word' id='word_1_313' title='bbox 1074 2466 1304 2548; x_wconf 88' lang='grc' dir='ltr'>κούραις·</span> <span class='ocrx_word' id='word_1_314' title='bbox 1721 2471 1872 2534; x_wconf 85' lang='lat' dir='ltr'><strong>mala,</strong></span> <span class='ocrx_word' id='word_1_315' title='bbox 1890 2471 2069 2535; x_wconf 86' lang='lat' dir='ltr'><strong>quibus</strong></span> <span class='ocrx_word' id='word_1_316' title='bbox 2091 2469 2266 2520; x_wconf 86' lang='lat' dir='ltr'><strong>ludunt</strong></span> <span class='ocrx_word' id='word_1_317' title='bbox 2289 2469 2680 2532; x_wconf 80' lang='lat' dir='ltr'><strong>delectanturque</strong></span> <span class='ocrx_word' id='word_1_318' title='bbox 2703 2469 2904 2534; x_wconf 84' lang='lat' dir='ltr'><strong>puellae;</strong></span> 
     </span>
     <span class='ocr_line' id='line_1_26' title="bbox 190 2554 2970 2642; baseline -0.004 -10"><span class='ocrx_word' id='word_1_319' title='bbox 190 2560 372 2620; x_wconf 58' lang='grc' dir='ltr'>ἄλλοτε</span> <span class='ocrx_word' id='word_1_320' title='bbox 397 2558 454 2622; x_wconf 68' lang='grc' dir='ltr'><strong>δὲ</strong></span> <span class='ocrx_word' id='word_1_321' title='bbox 490 2558 791 2642; x_wconf 64' lang='lat' dir='ltr'><strong>mpodoenoe,</strong></span> <span class='ocrx_word' id='word_1_322' title='bbox 818 2557 937 2617; x_wconf 65' lang='grc' dir='ltr'>τότε</span> <span class='ocrx_word' id='word_1_323' title='bbox 971 2559 1245 2638; x_wconf 73' lang='grc' dir='ltr'>βλοσυροῖο</span> <span class='ocrx_word' id='word_1_324' title='bbox 1272 2554 1517 2616; x_wconf 70' lang='grc' dir='ltr'>Κυδῶνος</span> <span class='ocrx_word' id='word_1_325' title='bbox 1722 2569 2025 2633; x_wconf 86' lang='lat' dir='ltr'><strong>struthiaque</strong></span> <span class='ocrx_word' id='word_1_326' title='bbox 2043 2567 2308 2630; x_wconf 83' lang='lat' dir='ltr'><strong>interdum,</strong></span> <span class='ocrx_word' id='word_1_327' title='bbox 2330 2569 2409 2618; x_wconf 80' lang='lat' dir='ltr'><strong>vel</strong></span> <span class='ocrx_word' id='word_1_328' title='bbox 2428 2583 2538 2632; x_wconf 81' lang='lat' dir='ltr'><strong>quae</strong></span> <span class='ocrx_word' id='word_1_329' title='bbox 2555 2568 2752 2620; x_wconf 87' lang='lat' dir='ltr'><strong>devecta</strong></span> <span class='ocrx_word' id='word_1_330' title='bbox 2775 2570 2970 2632; x_wconf 78' lang='lat' dir='ltr'><strong>cydone</strong></span> 
     </span>
     <span class='ocr_line' id='line_1_27' title="bbox 85 2639 2850 2732; baseline -0.001 -24"><span class='ocrx_word' id='word_1_331' title='bbox 85 2666 150 2708; x_wconf 64' lang='grc' dir='ltr'><strong>κιο</strong></span> <span class='ocrx_word' id='word_1_332' title='bbox 180 2649 316 2709; x_wconf 78' lang='grc' dir='ltr'>’κεῖνο</span> <span class='ocrx_word' id='word_1_333' title='bbox 342 2647 505 2732; x_wconf 81' lang='grc' dir='ltr'>φυτὸν</span> <span class='ocrx_word' id='word_1_334' title='bbox 534 2649 832 2730; x_wconf 75' lang='grc' dir='ltr'>Κρήτηθεν,</span> <span class='ocrx_word' id='word_1_335' title='bbox 856 2645 885 2706; x_wconf 81' lang='grc' dir='ltr'>ὃ</span> <span class='ocrx_word' id='word_1_336' title='bbox 912 2646 977 2718; x_wconf 84' lang='grc' dir='ltr'>δή</span> <span class='ocrx_word' id='word_1_337' title='bbox 1005 2645 1049 2728; x_wconf 81' lang='grc' dir='ltr'><strong>ῥ’</strong></span> <span class='ocrx_word' id='word_1_338' title='bbox 1078 2643 1367 2722; x_wconf 78' lang='grc' dir='ltr'>ἐκόμισσαν</span> <span class='ocrx_word' id='word_1_339' title='bbox 1392 2639 1636 2721; x_wconf 77' lang='grc' dir='ltr'>ἄναυροῑ,</span> <span class='ocrx_word' id='word_1_340' title='bbox 1723 2657 1893 2706; x_wconf 86' lang='lat' dir='ltr'><strong>arbore</strong></span> <span class='ocrx_word' id='word_1_341' title='bbox 1913 2656 1964 2705; x_wconf 91' lang='lat' dir='ltr'><strong>in</strong></span> <span class='ocrx_word' id='word_1_342' title='bbox 1987 2657 2179 2704; x_wconf 86' lang='lat' dir='ltr'><strong>austera</strong></span> <span class='ocrx_word' id='word_1_343' title='bbox 2201 2660 2445 2716; x_wconf 84' lang='lat' dir='ltr'><strong>creseunt,</strong></span> <span class='ocrx_word' id='word_1_344' title='bbox 2463 2656 2620 2705; x_wconf 88' lang='lat' dir='ltr'><strong>edisse</strong></span> <span class='ocrx_word' id='word_1_345' title='bbox 2637 2657 2850 2718; x_wconf 78' lang='lat' dir='ltr'><strong>juvabit;</strong></span> 
     </span>
     <span class='ocr_line' id='line_1_28' title="bbox 186 2731 2768 2818; baseline 0 -25"><span class='ocrx_word' id='word_1_346' title='bbox 186 2736 410 2796; x_wconf 79' lang='grc' dir='ltr'>πολλάκι</span> <span class='ocrx_word' id='word_1_347' title='bbox 438 2735 503 2806; x_wconf 83' lang='grc' dir='ltr'>δὴ</span> <span class='ocrx_word' id='word_1_348' title='bbox 534 2733 790 2818; x_wconf 76' lang='grc' dir='ltr'>σφύρῃσιν</span> <span class='ocrx_word' id='word_1_349' title='bbox 816 2733 930 2800; x_wconf 81' lang='grc' dir='ltr'>ἅλις</span> <span class='ocrx_word' id='word_1_350' title='bbox 948 2731 1199 2802; x_wconf 81' lang='grc' dir='ltr'>ἐναολλέα</span> <span class='ocrx_word' id='word_1_351' title='bbox 1223 2731 1390 2814; x_wconf 83' lang='grc' dir='ltr'>κόψας</span> <span class='ocrx_word' id='word_1_352' title='bbox 1405 2774 1420 2803; x_wconf 89' lang='grc'>,</span> <span class='ocrx_word' id='word_1_353' title='bbox 1724 2748 1772 2795; x_wconf 89' lang='lat' dir='ltr'><strong>et</strong></span> <span class='ocrx_word' id='word_1_354' title='bbox 1796 2749 1995 2794; x_wconf 86' lang='lat' dir='ltr'><strong>contusa</strong></span> <span class='ocrx_word' id='word_1_355' title='bbox 2015 2743 2156 2792; x_wconf 87' lang='lat' dir='ltr'><strong>simul</strong></span> <span class='ocrx_word' id='word_1_356' title='bbox 2176 2743 2410 2794; x_wconf 85' lang='lat' dir='ltr'><strong>malorum</strong></span> <span class='ocrx_word' id='word_1_357' title='bbox 2432 2744 2615 2793; x_wconf 88' lang='lat' dir='ltr'><strong>semina</strong></span> <span class='ocrx_word' id='word_1_358' title='bbox 2639 2757 2768 2806; x_wconf 82' lang='lat' dir='ltr'><strong>soepe</strong></span> 
     </span>
     <span class='ocr_line' id='line_1_29' title="bbox 182 2818 2954 2906; baseline 0 -25"><span class='ocrx_word' id='word_1_359' title='bbox 182 2821 363 2883; x_wconf 80' lang='grc' dir='ltr'>ὕδασιν</span> <span class='ocrx_word' id='word_1_360' title='bbox 390 2821 700 2906; x_wconf 77' lang='grc' dir='ltr'>ἐμὸρέξαιο·</span> <span class='ocrx_word' id='word_1_361' title='bbox 730 2821 850 2895; x_wconf 88' lang='grc' dir='ltr'>νέην</span> <span class='ocrx_word' id='word_1_362' title='bbox 882 2823 928 2880; x_wconf 88' lang='grc' dir='ltr'>δ’</span> <span class='ocrx_word' id='word_1_363' title='bbox 961 2819 1199 2900; x_wconf 77' lang='grc' dir='ltr'>ὀσμήρεα</span> <span class='ocrx_word' id='word_1_364' title='bbox 1226 2818 1415 2898; x_wconf 78' lang='grc' dir='ltr'>γληχὼ</span> <span class='ocrx_word' id='word_1_365' title='bbox 1726 2835 1932 2896; x_wconf 85' lang='lat' dir='ltr'><strong>prosunt</strong></span> <span class='ocrx_word' id='word_1_366' title='bbox 1948 2833 2155 2894; x_wconf 82' lang='lat' dir='ltr'><strong>aegroto,</strong></span> <span class='ocrx_word' id='word_1_367' title='bbox 2174 2830 2464 2895; x_wconf 85' lang='lat' dir='ltr'><strong>liquidisque</strong></span> <span class='ocrx_word' id='word_1_368' title='bbox 2484 2832 2722 2882; x_wconf 82' lang='lat' dir='ltr'><strong>madentia</strong></span> <span class='ocrx_word' id='word_1_369' title='bbox 2747 2833 2954 2897; x_wconf 83' lang='lat' dir='ltr'><strong>lymphis</strong></span> 
     </span>
     <span class='ocr_line' id='line_1_30' title="bbox 185 2907 2949 2996; baseline -0.001 -24"><span class='ocrx_word' id='word_1_370' title='bbox 185 2914 455 2996; x_wconf 80' lang='grc' dir='ltr'>σπέρμασι</span> <span class='ocrx_word' id='word_1_371' title='bbox 483 2911 747 2994; x_wconf 75' lang='grc' dir='ltr'>μηλείοισι</span> <span class='ocrx_word' id='word_1_372' title='bbox 772 2911 953 2991; x_wconf 87' lang='grc' dir='ltr'>βάλοις</span> <span class='ocrx_word' id='word_1_373' title='bbox 980 2909 1242 2992; x_wconf 76' lang='grc' dir='ltr'>ἑνομήρεα</span> <span class='ocrx_word' id='word_1_374' title='bbox 1272 2907 1465 2991; x_wconf 81' lang='grc' dir='ltr'>φύρων·</span> <span class='ocrx_word' id='word_1_375' title='bbox 1709 2921 1964 2983; x_wconf 63' lang='lat' dir='ltr'><strong>mistaque</strong></span> <span class='ocrx_word' id='word_1_376' title='bbox 1987 2919 2174 2984; x_wconf 73' lang='lat' dir='ltr'><strong>puleio,</strong></span> <span class='ocrx_word' id='word_1_377' title='bbox 2193 2923 2380 2982; x_wconf 82' lang='lat' dir='ltr'><strong>gratum</strong></span> <span class='ocrx_word' id='word_1_378' title='bbox 2405 2919 2534 2983; x_wconf 89' lang='lat' dir='ltr'><strong>quod</strong></span> <span class='ocrx_word' id='word_1_379' title='bbox 2559 2920 2706 2984; x_wconf 87' lang='lat' dir='ltr'><strong>spiret</strong></span> <span class='ocrx_word' id='word_1_380' title='bbox 2723 2920 2949 2983; x_wconf 66' lang='lat' dir='ltr'><strong>odorem,</strong></span> 
     </span>
     <span class='ocr_line' id='line_1_31' title="bbox 180 2994 3108 3082; baseline -0 -22"><span class='ocrx_word' id='word_1_381' title='bbox 180 3000 273 3060; x_wconf 78' lang='grc' dir='ltr'><strong>καί</strong></span> <span class='ocrx_word' id='word_1_382' title='bbox 294 3026 359 3061; x_wconf 85' lang='grc' dir='ltr'><strong>τε</strong></span> <span class='ocrx_word' id='word_1_383' title='bbox 390 3000 456 3061; x_wconf 91' lang='grc' dir='ltr'><strong>σύ</strong></span> <span class='ocrx_word' id='word_1_384' title='bbox 485 3002 534 3080; x_wconf 92' lang='grc' dir='ltr'><strong>γ’</strong></span> <span class='ocrx_word' id='word_1_385' title='bbox 562 2999 598 3072; x_wconf 75' lang='grc' dir='ltr'><strong>ἢ</strong></span> <span class='ocrx_word' id='word_1_386' title='bbox 626 3000 805 3082; x_wconf 80' lang='grc' dir='ltr'>ῥοδέου</span> <span class='ocrx_word' id='word_1_387' title='bbox 833 2998 980 3060; x_wconf 80' lang='grc' dir='ltr'>θυόεν</span> <span class='ocrx_word' id='word_1_388' title='bbox 1006 3000 1283 3078; x_wconf 77' lang='grc' dir='ltr'>μαλλοῗσιν</span> <span class='ocrx_word' id='word_1_389' title='bbox 1314 2994 1561 3077; x_wconf 75' lang='grc' dir='ltr'>ἀφύσσων</span> <span class='ocrx_word' id='word_1_390' title='bbox 1729 3009 1954 3074; x_wconf 88' lang='lat' dir='ltr'><strong>quodque</strong></span> <span class='ocrx_word' id='word_1_391' title='bbox 1973 3022 2131 3058; x_wconf 85' lang='lat' dir='ltr'><strong>rosam</strong></span> <span class='ocrx_word' id='word_1_392' title='bbox 2151 3008 2360 3068; x_wconf 89' lang='lat' dir='ltr'><strong>redolet,</strong></span> <span class='ocrx_word' id='word_1_393' title='bbox 2387 3008 2462 3058; x_wconf 84' lang='lat' dir='ltr'><strong>vel</strong></span> <span class='ocrx_word' id='word_1_394' title='bbox 2486 3008 2616 3072; x_wconf 85' lang='lat' dir='ltr'><strong>quod</strong></span> <span class='ocrx_word' id='word_1_395' title='bbox 2639 3009 2764 3072; x_wconf 85' lang='lat' dir='ltr'><strong>sapit</strong></span> <span class='ocrx_word' id='word_1_396' title='bbox 2788 3010 2901 3071; x_wconf 87' lang='lat' dir='ltr'><strong>irin,</strong></span> <span class='ocrx_word' id='word_1_397' title='bbox 2924 3010 3108 3061; x_wconf 84' lang='lat' dir='ltr'><strong>olivum</strong></span> 
     </span>
     <span class='ocr_line' id='line_1_32' title="bbox 80 3085 2705 3170; baseline 0.001 -25"><span class='ocrx_word' id='word_1_398' title='bbox 80 3106 149 3146; x_wconf 69' lang='lat' dir='ltr'><strong>uo</strong></span> <span class='ocrx_word' id='word_1_399' title='bbox 182 3096 367 3170; x_wconf 79' lang='grc' dir='ltr'>παῦρα</span> <span class='ocrx_word' id='word_1_400' title='bbox 402 3089 555 3156; x_wconf 80' lang='grc' dir='ltr'>λίπος</span> <span class='ocrx_word' id='word_1_401' title='bbox 579 3088 819 3157; x_wconf 84' lang='grc' dir='ltr'>στάξειας</span> <span class='ocrx_word' id='word_1_402' title='bbox 845 3086 1199 3166; x_wconf 82' lang='grc' dir='ltr'>ἀνοιγομένοις</span> <span class='ocrx_word' id='word_1_403' title='bbox 1226 3085 1575 3161; x_wconf 74' lang='grc' dir='ltr'>στομάτεσσιν</span> <span class='ocrx_word' id='word_1_404' title='bbox 1728 3098 1801 3149; x_wconf 78' lang='lat' dir='ltr'><strong>ori</strong></span> <span class='ocrx_word' id='word_1_405' title='bbox 1823 3110 1934 3147; x_wconf 78' lang='lat' dir='ltr'><strong>cum</strong></span> <span class='ocrx_word' id='word_1_406' title='bbox 1957 3096 2066 3146; x_wconf 81' lang='lat' dir='ltr'><strong>lana</strong></span> <span class='ocrx_word' id='word_1_407' title='bbox 2083 3098 2219 3159; x_wconf 90' lang='lat' dir='ltr'><strong>potes</strong></span> <span class='ocrx_word' id='word_1_408' title='bbox 2241 3096 2472 3146; x_wconf 87' lang='lat' dir='ltr'><strong>instillare</strong></span> <span class='ocrx_word' id='word_1_409' title='bbox 2495 3097 2705 3158; x_wconf 86' lang='lat' dir='ltr'><strong>recluso;</strong></span> 
     </span>
     <span class='ocr_line' id='line_1_33' title="bbox 181 3172 2930 3258; baseline -0 -22"><span class='ocrx_word' id='word_1_410' title='bbox 181 3175 239 3249; x_wconf 78' lang='grc' dir='ltr'><strong>ἠὲ</strong></span> <span class='ocrx_word' id='word_1_411' title='bbox 265 3177 363 3237; x_wconf 73' lang='grc' dir='ltr'><strong>καὶ</strong></span> <span class='ocrx_word' id='word_1_412' title='bbox 389 3174 599 3258; x_wconf 81' lang='grc' dir='ltr'>ἶρινέοιο</span> <span class='ocrx_word' id='word_1_413' title='bbox 614 3200 629 3214; x_wconf 88' lang='lat'><strong>·</strong></span> <span class='ocrx_word' id='word_1_414' title='bbox 666 3177 815 3257; x_wconf 84' lang='grc' dir='ltr'>μόγις</span> <span class='ocrx_word' id='word_1_415' title='bbox 840 3177 895 3235; x_wconf 85' lang='grc' dir='ltr'>δέ</span> <span class='ocrx_word' id='word_1_416' title='bbox 922 3200 983 3256; x_wconf 92' lang='grc' dir='ltr'><strong>γε</strong></span> <span class='ocrx_word' id='word_1_417' title='bbox 1016 3175 1158 3255; x_wconf 83' lang='grc' dir='ltr'>μυρί’</span> <span class='ocrx_word' id='word_1_418' title='bbox 1186 3172 1398 3240; x_wconf 68' lang='grc' dir='ltr'>ἐπιτλᾶς</span> <span class='ocrx_word' id='word_1_419' title='bbox 1729 3186 1936 3250; x_wconf 81' lang='lat' dir='ltr'><strong>plurima</strong></span> <span class='ocrx_word' id='word_1_420' title='bbox 1953 3183 2040 3235; x_wconf 83' lang='lat' dir='ltr'><strong>sed</strong></span> <span class='ocrx_word' id='word_1_421' title='bbox 2060 3184 2256 3234; x_wconf 85' lang='lat' dir='ltr'><strong>tandem</strong></span> <span class='ocrx_word' id='word_1_422' title='bbox 2275 3198 2530 3249; x_wconf 78' lang='lat' dir='ltr'><strong>perpessus</strong></span> <span class='ocrx_word' id='word_1_423' title='bbox 2551 3188 2766 3249; x_wconf 87' lang='lat' dir='ltr'><strong>tempore</strong></span> <span class='ocrx_word' id='word_1_424' title='bbox 2788 3183 2930 3247; x_wconf 87' lang='lat' dir='ltr'><strong>longo</strong></span> 
     </span>
     <span class='ocr_line' id='line_1_34' title="bbox 178 3262 2938 3347; baseline -0 -21"><span class='ocrx_word' id='word_1_425' title='bbox 178 3266 385 3343; x_wconf 74' lang='grc' dir='ltr'>ἤμασιν</span> <span class='ocrx_word' id='word_1_426' title='bbox 413 3270 469 3326; x_wconf 79' lang='grc' dir='ltr'><strong>ἐν</strong></span> <span class='ocrx_word' id='word_1_427' title='bbox 498 3266 776 3325; x_wconf 83' lang='grc' dir='ltr'>πολέεσσιν</span> <span class='ocrx_word' id='word_1_428' title='bbox 801 3262 1131 3347; x_wconf 76' lang='grc' dir='ltr'>ἀκροσφαλὲς</span> <span class='ocrx_word' id='word_1_429' title='bbox 1149 3262 1292 3344; x_wconf 80' lang='grc' dir='ltr'>ἴχνος</span> <span class='ocrx_word' id='word_1_430' title='bbox 1314 3263 1460 3335; x_wconf 79' lang='grc' dir='ltr'>ἰήλαι</span> <span class='ocrx_word' id='word_1_431' title='bbox 1732 3276 1816 3325; x_wconf 81' lang='lat' dir='ltr'><strong>vix</strong></span> <span class='ocrx_word' id='word_1_432' title='bbox 1840 3287 2051 3337; x_wconf 87' lang='lat' dir='ltr'><strong>unquam</strong></span> <span class='ocrx_word' id='word_1_433' title='bbox 2076 3274 2246 3337; x_wconf 75' lang='lat' dir='ltr'><strong>poterit</strong></span> <span class='ocrx_word' id='word_1_434' title='bbox 2263 3286 2456 3335; x_wconf 87' lang='lat' dir='ltr'><strong>gressus</strong></span> <span class='ocrx_word' id='word_1_435' title='bbox 2482 3274 2669 3324; x_wconf 74' lang='lat' dir='ltr'><strong>firmare</strong></span> <span class='ocrx_word' id='word_1_436' title='bbox 2693 3274 2938 3337; x_wconf 85' lang='lat' dir='ltr'><strong>labantes,</strong></span> 
     </span>
     <span class='ocr_line' id='line_1_35' title="bbox 181 3350 2920 3436; baseline -0 -23"><span class='ocrx_word' id='word_1_437' title='bbox 181 3354 497 3436; x_wconf 78' lang='grc' dir='ltr'>ἀσφαλέως,</span> <span class='ocrx_word' id='word_1_438' title='bbox 521 3354 770 3426; x_wconf 80' lang='grc' dir='ltr'>πτοιητὸν</span> <span class='ocrx_word' id='word_1_439' title='bbox 795 3352 931 3433; x_wconf 83' lang='grc' dir='ltr'>ἔχων</span> <span class='ocrx_word' id='word_1_440' title='bbox 961 3350 1297 3434; x_wconf 78' lang='grc' dir='ltr'>ἑτεροπλανὲς</span> <span class='ocrx_word' id='word_1_441' title='bbox 1326 3351 1484 3428; x_wconf 85' lang='grc' dir='ltr'>ὄθμα.</span> <span class='ocrx_word' id='word_1_442' title='bbox 1734 3360 1819 3411; x_wconf 84' lang='lat' dir='ltr'><strong>sed</strong></span> <span class='ocrx_word' id='word_1_443' title='bbox 1843 3360 2000 3410; x_wconf 83' lang='lat' dir='ltr'><strong>trahet</strong></span> <span class='ocrx_word' id='word_1_444' title='bbox 2017 3360 2250 3409; x_wconf 83' lang='lat' dir='ltr'><strong>attonitus</strong></span> <span class='ocrx_word' id='word_1_445' title='bbox 2271 3360 2424 3410; x_wconf 88' lang='lat' dir='ltr'><strong>oculis</strong></span> <span class='ocrx_word' id='word_1_446' title='bbox 2444 3360 2719 3411; x_wconf 75' lang='lat' dir='ltr'><strong>fallentibus</strong></span> <span class='ocrx_word' id='word_1_447' title='bbox 2741 3376 2920 3412; x_wconf 81' lang='lat' dir='ltr'><strong>aevum.</strong></span> 
     </span>
     <span class='ocr_line' id='line_1_36' title="bbox 186 3437 2888 3524; baseline -0 -22"><span class='ocrx_word' id='word_1_448' title='bbox 186 3446 285 3524; x_wconf 78' lang='grc' dir='ltr'><strong>Τῷ</strong></span> <span class='ocrx_word' id='word_1_449' title='bbox 312 3441 419 3521; x_wconf 82' lang='grc' dir='ltr'><strong>μὲν</strong></span> <span class='ocrx_word' id='word_1_450' title='bbox 448 3445 699 3523; x_wconf 78' lang='grc' dir='ltr'>Γεῤῥαῖοι</span> <span class='ocrx_word' id='word_1_451' title='bbox 726 3440 973 3519; x_wconf 78' lang='grc' dir='ltr'>Νομάδες</span> <span class='ocrx_word' id='word_1_452' title='bbox 995 3438 1299 3522; x_wconf 73' lang='grc' dir='ltr'>χαλκήρεας</span> <span class='ocrx_word' id='word_1_453' title='bbox 1326 3437 1554 3519; x_wconf 73' lang='grc' dir='ltr'>αἰχμὰς,</span> <span class='ocrx_word' id='word_1_454' title='bbox 1735 3451 1833 3500; x_wconf 81' lang='lat' dir='ltr'><strong>Isto</strong></span> <span class='ocrx_word' id='word_1_455' title='bbox 1857 3450 2040 3500; x_wconf 83' lang='lat' dir='ltr'><strong>Gerraei</strong></span> <span class='ocrx_word' id='word_1_456' title='bbox 2059 3448 2299 3498; x_wconf 83' lang='lat' dir='ltr'><strong>Nomades</strong></span> <span class='ocrx_word' id='word_1_457' title='bbox 2317 3450 2649 3513; x_wconf 82' lang='lat' dir='ltr'><strong>populusque,</strong></span> <span class='ocrx_word' id='word_1_458' title='bbox 2670 3464 2888 3514; x_wconf 82' lang='lat' dir='ltr'><strong>rapacem</strong></span> 
     </span>
     <span class='ocr_line' id='line_1_37' title="bbox 78 3527 2936 3612; baseline 0.002 -28"><span class='ocrx_word' id='word_1_459' title='bbox 78 3546 143 3586; x_wconf 73' lang='lat'><strong>255</strong></span> <span class='ocrx_word' id='word_1_460' title='bbox 180 3528 283 3589; x_wconf 74' lang='grc' dir='ltr'>οἵτε</span> <span class='ocrx_word' id='word_1_461' title='bbox 311 3530 453 3611; x_wconf 83' lang='grc' dir='ltr'>παρ’</span> <span class='ocrx_word' id='word_1_462' title='bbox 484 3530 769 3612; x_wconf 79' lang='grc' dir='ltr'>Εὖφρήταο</span> <span class='ocrx_word' id='word_1_463' title='bbox 795 3527 911 3611; x_wconf 78' lang='grc' dir='ltr'>ῥόον</span> <span class='ocrx_word' id='word_1_464' title='bbox 934 3532 1207 3595; x_wconf 81' lang='grc' dir='ltr'>πολέοντες</span> <span class='ocrx_word' id='word_1_465' title='bbox 1235 3527 1462 3609; x_wconf 79' lang='grc' dir='ltr'>ἀρούρας</span> <span class='ocrx_word' id='word_1_466' title='bbox 1733 3540 1815 3602; x_wconf 90' lang='lat' dir='ltr'><strong>qui</strong></span> <span class='ocrx_word' id='word_1_467' title='bbox 1835 3538 1948 3588; x_wconf 87' lang='lat' dir='ltr'><strong>colit</strong></span> <span class='ocrx_word' id='word_1_468' title='bbox 1967 3536 2270 3601; x_wconf 82' lang='lat' dir='ltr'><strong>Euphraten,</strong></span> <span class='ocrx_word' id='word_1_469' title='bbox 2294 3541 2484 3588; x_wconf 85' lang='lat' dir='ltr'><strong>armant</strong></span> <span class='ocrx_word' id='word_1_470' title='bbox 2503 3552 2590 3589; x_wconf 87' lang='lat' dir='ltr'><strong>sua</strong></span> <span class='ocrx_word' id='word_1_471' title='bbox 2607 3540 2704 3590; x_wconf 87' lang='lat' dir='ltr'><strong>tela</strong></span> <span class='ocrx_word' id='word_1_472' title='bbox 2727 3554 2936 3605; x_wconf 80' lang='lat' dir='ltr'><strong>venen03</strong></span> 
     </span>
    </p>
   </div>
   <div class='ocr_carea' id='block_1_3' title="bbox 175 3613 3006 3800">
    <p class='ocr_par' dir='ltr' id='par_1_3' title="bbox 175 3613 3006 3800">
     <span class='ocr_line' id='line_1_38' title="bbox 175 3613 3006 3699; baseline 0.002 -23"><span class='ocrx_word' id='word_1_473' title='bbox 175 3618 517 3699; x_wconf 85' lang='grc' dir='ltr'>χραίνουσιν·</span> <span class='ocrx_word' id='word_1_474' title='bbox 538 3618 599 3677; x_wconf 79' lang='grc' dir='ltr'>τὸ</span> <span class='ocrx_word' id='word_1_475' title='bbox 621 3616 675 3677; x_wconf 81' lang='grc' dir='ltr'>δὲ</span> <span class='ocrx_word' id='word_1_476' title='bbox 695 3616 889 3677; x_wconf 79' lang='grc' dir='ltr'>πολλὸν</span> <span class='ocrx_word' id='word_1_477' title='bbox 904 3615 1133 3676; x_wconf 81' lang='grc' dir='ltr'>ἀναλθέα</span> <span class='ocrx_word' id='word_1_478' title='bbox 1152 3614 1433 3696; x_wconf 86' lang='grc' dir='ltr'>τραύματα</span> <span class='ocrx_word' id='word_1_479' title='bbox 1454 3613 1646 3693; x_wconf 80' lang='grc' dir='ltr'>τεύχει·</span> <span class='ocrx_word' id='word_1_480' title='bbox 1734 3641 1843 3692; x_wconf 79' lang='lat' dir='ltr'><strong>quae</strong></span> <span class='ocrx_word' id='word_1_481' title='bbox 1864 3630 2118 3691; x_wconf 87' lang='lat' dir='ltr'><strong>postquam</strong></span> <span class='ocrx_word' id='word_1_482' title='bbox 2143 3628 2389 3677; x_wconf 81' lang='lat' dir='ltr'><strong>haeserunt</strong></span> <span class='ocrx_word' id='word_1_483' title='bbox 2410 3630 2460 3679; x_wconf 86' lang='lat' dir='ltr'><strong>et</strong></span> <span class='ocrx_word' id='word_1_484' title='bbox 2479 3643 2572 3678; x_wconf 91' lang='lat' dir='ltr'><strong>non</strong></span> <span class='ocrx_word' id='word_1_485' title='bbox 2596 3631 2807 3679; x_wconf 81' lang='lat' dir='ltr'><strong>sanabile</strong></span> <span class='ocrx_word' id='word_1_486' title='bbox 2831 3624 3006 3683; x_wconf 70' lang='lat' dir='ltr'><strong>vulnus</strong></span> 
     </span>
     <span class='ocr_line' id='line_1_39' title="bbox 180 3702 2768 3800; baseline 0.002 -38"><span class='ocrx_word' id='word_1_487' title='bbox 180 3705 358 3800; x_wconf 54' lang='grc' dir='ltr'>σάρκα</span> <span class='ocrx_word' id='word_1_488' title='bbox 382 3704 773 3784; x_wconf 82' lang='grc' dir='ltr'>μελαινομένην</span> <span class='ocrx_word' id='word_1_489' title='bbox 793 3704 977 3785; x_wconf 77' lang='grc' dir='ltr'>πικρὸς</span> <span class='ocrx_word' id='word_1_490' title='bbox 996 3704 1041 3763; x_wconf 87' lang='grc' dir='ltr'>δ’</span> <span class='ocrx_word' id='word_1_491' title='bbox 1066 3703 1422 3763; x_wconf 75' lang='grc' dir='ltr'>ὓποὸόσκεται</span> <span class='ocrx_word' id='word_1_492' title='bbox 1450 3702 1646 3784; x_wconf 74' lang='grc' dir='ltr'>ὕδρωψ,</span> <span class='ocrx_word' id='word_1_493' title='bbox 1735 3716 1977 3777; x_wconf 78' lang='lat' dir='ltr'><strong>inflixere,</strong></span> <span class='ocrx_word' id='word_1_494' title='bbox 1998 3729 2110 3765; x_wconf 85' lang='lat' dir='ltr'><strong>caro</strong></span> <span class='ocrx_word' id='word_1_495' title='bbox 2128 3716 2269 3775; x_wconf 82' lang='lat' dir='ltr'><strong>livet,</strong></span> <span class='ocrx_word' id='word_1_496' title='bbox 2293 3716 2520 3779; x_wconf 81' lang='lat' dir='ltr'><strong>virusque</strong></span> <span class='ocrx_word' id='word_1_497' title='bbox 2541 3719 2768 3781; x_wconf 82' lang='lat' dir='ltr'><strong>putrescit</strong></span> 
     </span>
    </p>
   </div>
   <div class='ocr_carea' id='block_1_4' title="bbox 64 3790 3190 4665">
    <p class='ocr_par' dir='ltr' id='par_1_4' title="bbox 64 3790 3190 4665">
     <span class='ocr_line' id='line_1_40' title="bbox 173 3790 2894 3876; baseline 0.001 -23"><span class='ocrx_word' id='word_1_498' title='bbox 173 3798 237 3876; x_wconf 79' lang='grc' dir='ltr'>ἷιρ</span> <span class='ocrx_word' id='word_1_499' title='bbox 268 3793 588 3870; x_wconf 79' lang='grc' dir='ltr'>σηπόμενον</span> <span class='ocrx_word' id='word_1_500' title='bbox 618 3796 673 3853; x_wconf 86' lang='grc' dir='ltr'>δὲ</span> <span class='ocrx_word' id='word_1_501' title='bbox 702 3792 852 3874; x_wconf 78' lang='grc' dir='ltr'>μύδῳ</span> <span class='ocrx_word' id='word_1_502' title='bbox 880 3792 1194 3874; x_wconf 74' lang='grc' dir='ltr'>ἐκρήγνυται</span> <span class='ocrx_word' id='word_1_503' title='bbox 1222 3790 1387 3873; x_wconf 84' lang='grc' dir='ltr'>ἔρφος.</span> <span class='ocrx_word' id='word_1_504' title='bbox 1736 3804 1983 3867; x_wconf 80' lang='lat' dir='ltr'><strong>vipereum</strong></span> <span class='ocrx_word' id='word_1_505' title='bbox 1999 3840 2012 3863; x_wconf 94' lang='lat'><strong>,</strong></span> <span class='ocrx_word' id='word_1_506' title='bbox 2037 3806 2181 3866; x_wconf 89' lang='lat' dir='ltr'><strong>atque</strong></span> <span class='ocrx_word' id='word_1_507' title='bbox 2205 3804 2332 3852; x_wconf 87' lang='lat' dir='ltr'><strong>cutis</strong></span> <span class='ocrx_word' id='word_1_508' title='bbox 2355 3817 2407 3852; x_wconf 88' lang='lat' dir='ltr'><strong>se</strong></span> <span class='ocrx_word' id='word_1_509' title='bbox 2429 3804 2542 3853; x_wconf 89' lang='lat' dir='ltr'><strong>tabo</strong></span> <span class='ocrx_word' id='word_1_510' title='bbox 2567 3804 2661 3854; x_wconf 76' lang='lat' dir='ltr'><strong>ieta</strong></span> <span class='ocrx_word' id='word_1_511' title='bbox 2681 3807 2894 3856; x_wconf 87' lang='lat' dir='ltr'><strong>resolvit.</strong></span> 
     </span>
     <span class='ocr_line' id='line_1_41' title="bbox 253 3876 2964 3961; baseline 0.001 -19"><span class='ocrx_word' id='word_1_512' title='bbox 253 3882 373 3942; x_wconf 82' lang='grc' dir='ltr'><strong>Ἢν</strong></span> <span class='ocrx_word' id='word_1_513' title='bbox 402 3881 465 3941; x_wconf 78' lang='grc' dir='ltr'>δὲ</span> <span class='ocrx_word' id='word_1_514' title='bbox 500 3881 559 3940; x_wconf 83' lang='grc' dir='ltr'>τὸ</span> <span class='ocrx_word' id='word_1_515' title='bbox 590 3878 826 3953; x_wconf 81' lang='grc' dir='ltr'>Μηδείης</span> <span class='ocrx_word' id='word_1_516' title='bbox 851 3876 1147 3961; x_wconf 75' lang='grc' dir='ltr'>Κολχηΐδος</span> <span class='ocrx_word' id='word_1_517' title='bbox 1172 3879 1451 3960; x_wconf 80' lang='grc' dir='ltr'>ἐχθόμενον</span> <span class='ocrx_word' id='word_1_518' title='bbox 1478 3884 1583 3959; x_wconf 82' lang='grc' dir='ltr'>π’ῠρ</span> <span class='ocrx_word' id='word_1_519' title='bbox 1802 3891 1853 3942; x_wconf 85' lang='lat' dir='ltr'><strong>si</strong></span> <span class='ocrx_word' id='word_1_520' title='bbox 1876 3892 2130 3954; x_wconf 88' lang='lat' dir='ltr'><strong>quisquam</strong></span> <span class='ocrx_word' id='word_1_521' title='bbox 2152 3890 2350 3940; x_wconf 78' lang='lat' dir='ltr'><strong>infestos</strong></span> <span class='ocrx_word' id='word_1_522' title='bbox 2373 3892 2556 3941; x_wconf 58' lang='lat' dir='ltr'><strong>Medeae</strong></span> <span class='ocrx_word' id='word_1_523' title='bbox 2575 3894 2815 3943; x_wconf 82' lang='lat' dir='ltr'><strong>colchidis</strong></span> <span class='ocrx_word' id='word_1_524' title='bbox 2833 3894 2964 3957; x_wconf 84' lang='lat' dir='ltr'><strong>ignes</strong></span> 
     </span>
     <span class='ocr_line' id='line_1_42' title="bbox 68 3960 2832 4050; baseline 0.002 -24"><span class='ocrx_word' id='word_1_525' title='bbox 68 3984 137 4026; x_wconf 62' lang='lat' dir='ltr'><strong>uo</strong></span> <span class='ocrx_word' id='word_1_526' title='bbox 172 3969 319 4031; x_wconf 79' lang='grc' dir='ltr'>κεῖνό</span> <span class='ocrx_word' id='word_1_527' title='bbox 348 3994 443 4037; x_wconf 86' lang='grc' dir='ltr'><strong>τις</strong></span> <span class='ocrx_word' id='word_1_528' title='bbox 468 3968 735 4039; x_wconf 70' lang='grc' dir='ltr'>ἐνδείξηται</span> <span class='ocrx_word' id='word_1_529' title='bbox 759 3969 1037 4050; x_wconf 80' lang='grc' dir='ltr'>ἐφήμερον,</span> <span class='ocrx_word' id='word_1_530' title='bbox 1066 3960 1127 4027; x_wconf 71' lang='grc' dir='ltr'><strong>οὗ</strong></span> <span class='ocrx_word' id='word_1_531' title='bbox 1150 3967 1271 4047; x_wconf 79' lang='grc' dir='ltr'>περὶ</span> <span class='ocrx_word' id='word_1_532' title='bbox 1293 3966 1448 4048; x_wconf 88' lang='grc' dir='ltr'>χείλη</span> <span class='ocrx_word' id='word_1_533' title='bbox 1738 3980 1962 4029; x_wconf 85' lang='lat' dir='ltr'><strong>incautus</strong></span> <span class='ocrx_word' id='word_1_534' title='bbox 1985 3980 2188 4042; x_wconf 85' lang='lat' dir='ltr'><strong>gustarit</strong></span> <span class='ocrx_word' id='word_1_535' title='bbox 2205 3978 2492 4043; x_wconf 87' lang='lat' dir='ltr'><strong>ephemeron</strong></span> <span class='ocrx_word' id='word_1_536' title='bbox 2508 4018 2521 4040; x_wconf 91' lang='lat'><strong>,</strong></span> <span class='ocrx_word' id='word_1_537' title='bbox 2543 3980 2622 4029; x_wconf 85' lang='lat' dir='ltr'><strong>ille</strong></span> <span class='ocrx_word' id='word_1_538' title='bbox 2641 3988 2832 4045; x_wconf 86' lang='lat' dir='ltr'><strong>repente</strong></span> 
     </span>
     <span class='ocr_line' id='line_1_43' title="bbox 177 4055 2711 4135; baseline 0.001 -20"><span class='ocrx_word' id='word_1_539' title='bbox 177 4057 479 4135; x_wconf 81' lang='grc' dir='ltr'>δευομένου</span> <span class='ocrx_word' id='word_1_540' title='bbox 511 4057 830 4123; x_wconf 84' lang='grc' dir='ltr'>δυσάλυκτος</span> <span class='ocrx_word' id='word_1_541' title='bbox 856 4056 1103 4116; x_wconf 85' lang='grc' dir='ltr'>ἶάπτεται</span> <span class='ocrx_word' id='word_1_542' title='bbox 1131 4055 1296 4114; x_wconf 82' lang='grc' dir='ltr'>ἔνδοθι</span> <span class='ocrx_word' id='word_1_543' title='bbox 1324 4056 1577 4135; x_wconf 83' lang='grc' dir='ltr'>κνηθμός·</span> <span class='ocrx_word' id='word_1_544' title='bbox 1741 4068 1896 4117; x_wconf 89' lang='lat' dir='ltr'><strong>uritur</strong></span> <span class='ocrx_word' id='word_1_545' title='bbox 1913 4066 2114 4116; x_wconf 85' lang='lat' dir='ltr'><strong>internis</strong></span> <span class='ocrx_word' id='word_1_546' title='bbox 2133 4078 2262 4115; x_wconf 80' lang='lat' dir='ltr'><strong>saeva</strong></span> <span class='ocrx_word' id='word_1_547' title='bbox 2283 4068 2520 4129; x_wconf 84' lang='lat' dir='ltr'><strong>prurigine</strong></span> <span class='ocrx_word' id='word_1_548' title='bbox 2538 4068 2711 4131; x_wconf 87' lang='lat' dir='ltr'><strong>labris;</strong></span> 
     </span>
     <span class='ocr_line' id='line_1_44' title="bbox 174 4136 2744 4225; baseline 0.002 -22"><span class='ocrx_word' id='word_1_549' title='bbox 174 4136 263 4204; x_wconf 71' lang='grc' dir='ltr'><strong>οἷά</strong></span> <span class='ocrx_word' id='word_1_550' title='bbox 291 4150 347 4205; x_wconf 88' lang='grc' dir='ltr'>τ’</span> <span class='ocrx_word' id='word_1_551' title='bbox 372 4146 503 4222; x_wconf 79' lang='grc' dir='ltr'><strong>ὀπῷ</strong></span> <span class='ocrx_word' id='word_1_552' title='bbox 530 4142 755 4225; x_wconf 85' lang='grc' dir='ltr'>νιφόεντι</span> <span class='ocrx_word' id='word_1_553' title='bbox 778 4142 974 4223; x_wconf 77' lang='grc' dir='ltr'>κράδης</span> <span class='ocrx_word' id='word_1_554' title='bbox 1000 4140 1037 4214; x_wconf 83' lang='grc' dir='ltr'>ἢ</span> <span class='ocrx_word' id='word_1_555' title='bbox 1070 4141 1259 4224; x_wconf 86' lang='grc' dir='ltr'>τρηχέῖ</span> <span class='ocrx_word' id='word_1_556' title='bbox 1280 4142 1427 4222; x_wconf 81' lang='grc' dir='ltr'>κνίδῃ</span> <span class='ocrx_word' id='word_1_557' title='bbox 1740 4162 1797 4207; x_wconf 92' lang='lat' dir='ltr'><strong>ut</strong></span> <span class='ocrx_word' id='word_1_558' title='bbox 1819 4155 1899 4205; x_wconf 89' lang='lat' dir='ltr'><strong>cui</strong></span> <span class='ocrx_word' id='word_1_559' title='bbox 1923 4154 1999 4205; x_wconf 82' lang='lat' dir='ltr'><strong>vel</strong></span> <span class='ocrx_word' id='word_1_560' title='bbox 2024 4154 2101 4203; x_wconf 83' lang='lat' dir='ltr'><strong>lici</strong></span> <span class='ocrx_word' id='word_1_561' title='bbox 2125 4167 2268 4204; x_wconf 86' lang='lat' dir='ltr'><strong>succo</strong></span> <span class='ocrx_word' id='word_1_562' title='bbox 2291 4155 2524 4206; x_wconf 88' lang='lat' dir='ltr'><strong>candente</strong></span> <span class='ocrx_word' id='word_1_563' title='bbox 2547 4158 2622 4206; x_wconf 82' lang='lat' dir='ltr'><strong>vel</strong></span> <span class='ocrx_word' id='word_1_564' title='bbox 2646 4158 2744 4207; x_wconf 87' lang='lat' dir='ltr'><strong>acri</strong></span> 
     </span>
     <span class='ocr_line' id='line_1_45' title="bbox 169 4228 2918 4313; baseline -0.001 -16"><span class='ocrx_word' id='word_1_565' title='bbox 169 4236 365 4313; x_wconf 73' lang='grc' dir='ltr'>χρῶτα</span> <span class='ocrx_word' id='word_1_566' title='bbox 400 4228 771 4311; x_wconf 58' lang='grc' dir='ltr'>μαινόμενος,</span> <span class='ocrx_word' id='word_1_567' title='bbox 792 4229 828 4302; x_wconf 81' lang='grc' dir='ltr'>ἢ</span> <span class='ocrx_word' id='word_1_568' title='bbox 853 4229 945 4289; x_wconf 73' lang='grc' dir='ltr'><strong>καὶ</strong></span> <span class='ocrx_word' id='word_1_569' title='bbox 966 4228 1245 4310; x_wconf 74' lang='grc' dir='ltr'>σπεῑρῶδεϊ</span> <span class='ocrx_word' id='word_1_570' title='bbox 1266 4229 1429 4311; x_wconf 78' lang='grc' dir='ltr'>κόρσῃ</span> <span class='ocrx_word' id='word_1_571' title='bbox 1744 4244 1926 4306; x_wconf 83' lang='lat' dir='ltr'><strong>urtica,</strong></span> <span class='ocrx_word' id='word_1_572' title='bbox 1948 4242 2033 4291; x_wconf 82' lang='lat' dir='ltr'><strong>aut</strong></span> <span class='ocrx_word' id='word_1_573' title='bbox 2045 4242 2194 4292; x_wconf 65' lang='lat' dir='ltr'><strong>scillae</strong></span> <span class='ocrx_word' id='word_1_574' title='bbox 2213 4242 2492 4307; x_wconf 64' lang='lat' dir='ltr'><strong>perfrictum</strong></span> <span class='ocrx_word' id='word_1_575' title='bbox 2513 4245 2692 4294; x_wconf 81' lang='lat' dir='ltr'><strong>vertice</strong></span> <span class='ocrx_word' id='word_1_576' title='bbox 2713 4258 2918 4308; x_wconf 84' lang='lat' dir='ltr'><strong>corpus,</strong></span> 
     </span>
     <span class='ocr_line' id='line_1_46' title="bbox 174 4316 3011 4399; baseline 0.004 -25"><span class='ocrx_word' id='word_1_577' title='bbox 174 4322 441 4391; x_wconf 75' lang='grc' dir='ltr'>σκίλλης,</span> <span class='ocrx_word' id='word_1_578' title='bbox 471 4317 554 4389; x_wconf 75' lang='grc' dir='ltr'>ἥτ’</span> <span class='ocrx_word' id='word_1_579' title='bbox 586 4318 829 4397; x_wconf 83' lang='grc' dir='ltr'>ἔκπαγλα</span> <span class='ocrx_word' id='word_1_580' title='bbox 852 4317 975 4390; x_wconf 85' lang='grc' dir='ltr'>νέην</span> <span class='ocrx_word' id='word_1_581' title='bbox 1005 4316 1265 4399; x_wconf 82' lang='grc' dir='ltr'>φοινίξατο</span> <span class='ocrx_word' id='word_1_582' title='bbox 1295 4317 1487 4398; x_wconf 87' lang='grc' dir='ltr'>σάρκα.</span> <span class='ocrx_word' id='word_1_583' title='bbox 1742 4330 2037 4382; x_wconf 84' lang='lat' dir='ltr'><strong>horrendum</strong></span> <span class='ocrx_word' id='word_1_584' title='bbox 2061 4329 2108 4379; x_wconf 89' lang='lat' dir='ltr'><strong>in</strong></span> <span class='ocrx_word' id='word_1_585' title='bbox 2132 4332 2298 4380; x_wconf 75' lang='lat' dir='ltr'><strong>tenera</strong></span> <span class='ocrx_word' id='word_1_586' title='bbox 2320 4344 2433 4393; x_wconf 82' lang='lat' dir='ltr'><strong>quae</strong></span> <span class='ocrx_word' id='word_1_587' title='bbox 2455 4331 2582 4381; x_wconf 88' lang='lat' dir='ltr'><strong>tollit</strong></span> <span class='ocrx_word' id='word_1_588' title='bbox 2605 4346 2750 4381; x_wconf 84' lang='lat' dir='ltr'><strong>carne</strong></span> <span class='ocrx_word' id='word_1_589' title='bbox 2769 4334 3011 4385; x_wconf 86' lang='lat' dir='ltr'><strong>ruborem.</strong></span> 
     </span>
     <span class='ocr_line' id='line_1_47' title="bbox 64 4403 3190 4487; baseline 0.004 -24"><span class='ocrx_word' id='word_1_590' title='bbox 64 4422 133 4463; x_wconf 64' lang='lat' dir='ltr'><strong>us</strong></span> <span class='ocrx_word' id='word_1_591' title='bbox 170 4411 285 4467; x_wconf 79' lang='grc' dir='ltr'><strong>Τοῦ</strong></span> <span class='ocrx_word' id='word_1_592' title='bbox 314 4406 423 4467; x_wconf 73' lang='grc' dir='ltr'><strong>καὶ</strong></span> <span class='ocrx_word' id='word_1_593' title='bbox 454 4403 827 4486; x_wconf 73' lang='grc' dir='ltr'>ἐπισχομένοιο</span> <span class='ocrx_word' id='word_1_594' title='bbox 854 4404 975 4487; x_wconf 79' lang='grc' dir='ltr'>περὶ</span> <span class='ocrx_word' id='word_1_595' title='bbox 1003 4405 1270 4485; x_wconf 84' lang='grc' dir='ltr'>στόμαχον</span> <span class='ocrx_word' id='word_1_596' title='bbox 1301 4404 1457 4485; x_wconf 88' lang='grc' dir='ltr'>βάρος</span> <span class='ocrx_word' id='word_1_597' title='bbox 1476 4406 1574 4477; x_wconf 60' lang='grc' dir='ltr'>ἵζει</span> <span class='ocrx_word' id='word_1_598' title='bbox 1744 4422 1846 4471; x_wconf 83' lang='grc' dir='ltr'><strong>Ηοο</strong></span> <span class='ocrx_word' id='word_1_599' title='bbox 1864 4418 1948 4469; x_wconf 90' lang='lat' dir='ltr'><strong>ubi</strong></span> <span class='ocrx_word' id='word_1_600' title='bbox 1968 4422 2244 4481; x_wconf 82' lang='lat' dir='ltr'><strong>suseeptum</strong></span> <span class='ocrx_word' id='word_1_601' title='bbox 2267 4422 2369 4479; x_wconf 85' lang='lat' dir='ltr'><strong>est,</strong></span> <span class='ocrx_word' id='word_1_602' title='bbox 2392 4420 2641 4469; x_wconf 87' lang='lat' dir='ltr'><strong>stomacho</strong></span> <span class='ocrx_word' id='word_1_603' title='bbox 2659 4434 2803 4483; x_wconf 84' lang='lat' dir='ltr'><strong>grave</strong></span> <span class='ocrx_word' id='word_1_604' title='bbox 2817 4421 3004 4485; x_wconf 84' lang='lat' dir='ltr'><strong>pondus</strong></span> <span class='ocrx_word' id='word_1_605' title='bbox 3017 4424 3065 4473; x_wconf 91' lang='lat' dir='ltr'><strong>in</strong></span> <span class='ocrx_word' id='word_1_606' title='bbox 3085 4423 3190 4487; x_wconf 84' lang='lat' dir='ltr'><strong>ipso</strong></span> 
     </span>
     <span class='ocr_line' id='line_1_48' title="bbox 170 4492 2882 4577; baseline 0.002 -23"><span class='ocrx_word' id='word_1_607' title='bbox 170 4496 349 4577; x_wconf 80' lang='grc' dir='ltr'>πρῶτ’</span> <span class='ocrx_word' id='word_1_608' title='bbox 384 4495 831 4576; x_wconf 81' lang='grc' dir='ltr'>ἀνερεπτόμενον,</span> <span class='ocrx_word' id='word_1_609' title='bbox 852 4492 1142 4573; x_wconf 82' lang='grc' dir='ltr'>’μετέπειτα</span> <span class='ocrx_word' id='word_1_610' title='bbox 1170 4493 1227 4553; x_wconf 82' lang='grc' dir='ltr'>δὲ</span> <span class='ocrx_word' id='word_1_611' title='bbox 1253 4494 1419 4573; x_wconf 83' lang='grc' dir='ltr'>λοιγέῖ</span> <span class='ocrx_word' id='word_1_612' title='bbox 1445 4500 1631 4577; x_wconf 83' lang='grc' dir='ltr'>συρμῷ</span> <span class='ocrx_word' id='word_1_613' title='bbox 1744 4506 1947 4568; x_wconf 88' lang='lat' dir='ltr'><strong>insidet,</strong></span> <span class='ocrx_word' id='word_1_614' title='bbox 1966 4506 2010 4556; x_wconf 82' lang='lat' dir='ltr'><strong>is</strong></span> <span class='ocrx_word' id='word_1_615' title='bbox 2030 4510 2187 4556; x_wconf 85' lang='lat' dir='ltr'><strong>ructat</strong></span> <span class='ocrx_word' id='word_1_616' title='bbox 2209 4506 2445 4571; x_wconf 87' lang='lat' dir='ltr'><strong>primum,</strong></span> <span class='ocrx_word' id='word_1_617' title='bbox 2464 4514 2575 4571; x_wconf 83' lang='lat' dir='ltr'><strong>post</strong></span> <span class='ocrx_word' id='word_1_618' title='bbox 2598 4510 2755 4559; x_wconf 86' lang='lat' dir='ltr'><strong>ulcera</strong></span> <span class='ocrx_word' id='word_1_619' title='bbox 2777 4510 2882 4560; x_wconf 83' lang='lat' dir='ltr'><strong>diro</strong></span> 
     </span>
     <span class='ocr_line' id='line_1_49' title="bbox 172 4580 3036 4665; baseline 0.003 -24"><span class='ocrx_word' id='word_1_620' title='bbox 172 4584 383 4665; x_wconf 72' lang='grc' dir='ltr'>ῥιζόθεν</span> <span class='ocrx_word' id='word_1_621' title='bbox 416 4580 752 4654; x_wconf 70' lang='grc' dir='ltr'>ἐλκωθέντα,</span> <span class='ocrx_word' id='word_1_622' title='bbox 786 4582 949 4642; x_wconf 80' lang='grc' dir='ltr'>κακὸν</span> <span class='ocrx_word' id='word_1_623' title='bbox 974 4584 1016 4641; x_wconf 86' lang='grc' dir='ltr'>δ’</span> <span class='ocrx_word' id='word_1_624' title='bbox 1046 4582 1315 4663; x_wconf 76' lang='grc' dir='ltr'>ἀποήρυγε</span> <span class='ocrx_word' id='word_1_625' title='bbox 1344 4585 1539 4664; x_wconf 79' lang='grc' dir='ltr'>δειρῆς,</span> <span class='ocrx_word' id='word_1_626' title='bbox 1744 4594 1983 4645; x_wconf 84' lang='lat' dir='ltr'><strong>contrahit</strong></span> <span class='ocrx_word' id='word_1_627' title='bbox 2001 4608 2060 4644; x_wconf 87' lang='lat' dir='ltr'><strong>ex</strong></span> <span class='ocrx_word' id='word_1_628' title='bbox 2077 4594 2262 4644; x_wconf 78' lang='lat' dir='ltr'><strong>vomitu</strong></span> <span class='ocrx_word' id='word_1_629' title='bbox 2278 4632 2293 4656; x_wconf 86' lang='lat'><strong>,</strong></span> <span class='ocrx_word' id='word_1_630' title='bbox 2318 4594 2572 4659; x_wconf 77' lang='lat' dir='ltr'><strong>soedusque</strong></span> <span class='ocrx_word' id='word_1_631' title='bbox 2591 4610 2618 4647; x_wconf 91' lang='lat' dir='ltr'><strong>e</strong></span> <span class='ocrx_word' id='word_1_632' title='bbox 2639 4600 2832 4661; x_wconf 83' lang='lat' dir='ltr'><strong>gutture</strong></span> <span class='ocrx_word' id='word_1_633' title='bbox 2853 4598 3036 4663; x_wconf 81' lang='lat' dir='ltr'><strong>fertur,’</strong></span> 
     </span>
    </p>
   </div>
   <div class='ocr_carea' id='block_1_5' title="bbox 66 4668 3006 4932">
    <p class='ocr_par' dir='ltr' id='par_1_5' title="bbox 66 4668 3006 4932">
     <span class='ocr_line' id='line_1_50' title="bbox 172 4668 3006 4754; baseline 0.003 -25"><span class='ocrx_word' id='word_1_634' title='bbox 172 4671 309 4729; x_wconf 75' lang='grc' dir='ltr'>ὡσεί</span> <span class='ocrx_word' id='word_1_635' title='bbox 332 4696 399 4729; x_wconf 84' lang='grc' dir='ltr'><strong>τε</strong></span> <span class='ocrx_word' id='word_1_636' title='bbox 432 4669 645 4751; x_wconf 78' lang='grc' dir='ltr'>κρεάων</span> <span class='ocrx_word' id='word_1_637' title='bbox 669 4668 877 4753; x_wconf 78' lang='grc' dir='ltr'>θολερὸν</span> <span class='ocrx_word' id='word_1_638' title='bbox 898 4669 1083 4748; x_wconf 85' lang='grc' dir='ltr'>πλύμα</span> <span class='ocrx_word' id='word_1_639' title='bbox 1104 4669 1298 4751; x_wconf 89' lang='grc' dir='ltr'>χεύατο</span> <span class='ocrx_word' id='word_1_640' title='bbox 1328 4672 1531 4754; x_wconf 86' lang='grc' dir='ltr'>δαιτρός</span> <span class='ocrx_word' id='word_1_641' title='bbox 1545 4697 1558 4711; x_wconf 88' lang='grc'><em>·</em></span> <span class='ocrx_word' id='word_1_642' title='bbox 1745 4683 1969 4733; x_wconf 62' lang='lat' dir='ltr'><strong>carnibus</strong></span> <span class='ocrx_word' id='word_1_643' title='bbox 1991 4682 2166 4733; x_wconf 86' lang='lat' dir='ltr'><strong>ablutis</strong></span> <span class='ocrx_word' id='word_1_644' title='bbox 2183 4683 2372 4746; x_wconf 86' lang='lat' dir='ltr'><strong>qualem</strong></span> <span class='ocrx_word' id='word_1_645' title='bbox 2391 4698 2576 4749; x_wconf 80' lang='lat' dir='ltr'><strong>coquus</strong></span> <span class='ocrx_word' id='word_1_646' title='bbox 2599 4684 2788 4749; x_wconf 82' lang='lat' dir='ltr'><strong>abjicit,</strong></span> <span class='ocrx_word' id='word_1_647' title='bbox 2809 4688 3006 4753; x_wconf 84' lang='lat' dir='ltr'><strong>bumor;</strong></span> 
     </span>
     <span class='ocr_line' id='line_1_51' title="bbox 172 4756 2834 4842; baseline 0.004 -26"><span class='ocrx_word' id='word_1_648' title='bbox 172 4756 271 4816; x_wconf 69' lang='grc' dir='ltr'><strong>σὺν</strong></span> <span class='ocrx_word' id='word_1_649' title='bbox 302 4758 371 4817; x_wconf 78' lang='grc' dir='ltr'>δέ</span> <span class='ocrx_word' id='word_1_650' title='bbox 398 4781 473 4817; x_wconf 82' lang='grc' dir='ltr'><strong>τε</strong></span> <span class='ocrx_word' id='word_1_651' title='bbox 504 4756 594 4816; x_wconf 69' lang='grc' dir='ltr'><strong>καὶ</strong></span> <span class='ocrx_word' id='word_1_652' title='bbox 622 4756 777 4829; x_wconf 73' lang='grc' dir='ltr'>νηδὺς</span> <span class='ocrx_word' id='word_1_653' title='bbox 803 4756 1142 4837; x_wconf 84' lang='grc' dir='ltr'>μεμιασμένα</span> <span class='ocrx_word' id='word_1_654' title='bbox 1166 4758 1381 4837; x_wconf 87' lang='grc' dir='ltr'>λύματα</span> <span class='ocrx_word' id='word_1_655' title='bbox 1414 4762 1616 4842; x_wconf 87' lang='grc' dir='ltr'>βάλλει.</span> <span class='ocrx_word' id='word_1_656' title='bbox 1745 4772 1981 4836; x_wconf 81' lang='lat' dir='ltr'><strong>alvusque</strong></span> <span class='ocrx_word' id='word_1_657' title='bbox 2003 4772 2216 4836; x_wconf 85' lang='lat' dir='ltr'><strong>impuras</strong></span> <span class='ocrx_word' id='word_1_658' title='bbox 2239 4772 2440 4823; x_wconf 75' lang='lat' dir='ltr'><strong>effundit</strong></span> <span class='ocrx_word' id='word_1_659' title='bbox 2461 4774 2654 4825; x_wconf 83' lang='lat' dir='ltr'><strong>sordida</strong></span> <span class='ocrx_word' id='word_1_660' title='bbox 2677 4774 2834 4826; x_wconf 74' lang='lat' dir='ltr'><strong>faeces.</strong></span> 
     </span>
     <span class='ocr_line' id='line_1_52' title="bbox 66 4843 2858 4932; baseline 0.004 -29"><span class='ocrx_word' id='word_1_661' title='bbox 66 4860 135 4903; x_wconf 63' lang='lat' dir='ltr'><strong>m</strong></span> <span class='ocrx_word' id='word_1_662' title='bbox 170 4844 343 4905; x_wconf 78' lang='grc' dir='ltr'>Ἀλλὰ</span> <span class='ocrx_word' id='word_1_663' title='bbox 372 4845 451 4905; x_wconf 77' lang='grc' dir='ltr'><strong>σὺ</strong></span> <span class='ocrx_word' id='word_1_664' title='bbox 487 4844 721 4905; x_wconf 83' lang='grc' dir='ltr'>πολλάκι</span> <span class='ocrx_word' id='word_1_665' title='bbox 746 4843 843 4923; x_wconf 76' lang='grc' dir='ltr'><strong>μὲν</strong></span> <span class='ocrx_word' id='word_1_666' title='bbox 868 4844 1059 4926; x_wconf 78' lang='grc' dir='ltr'>χαίτην</span> <span class='ocrx_word' id='word_1_667' title='bbox 1082 4846 1231 4928; x_wconf 84' lang='grc' dir='ltr'>δρυὸς</span> <span class='ocrx_word' id='word_1_668' title='bbox 1251 4848 1449 4908; x_wconf 85' lang='grc' dir='ltr'>οὖλάδα</span> <span class='ocrx_word' id='word_1_669' title='bbox 1472 4850 1658 4932; x_wconf 82' lang='grc' dir='ltr'>κόψας,</span> <span class='ocrx_word' id='word_1_670' title='bbox 1746 4860 1886 4924; x_wconf 78' lang='lat' dir='ltr'><strong>Saepe</strong></span> <span class='ocrx_word' id='word_1_671' title='bbox 1907 4860 2200 4911; x_wconf 81' lang='lat' dir='ltr'><strong>salutiferam</strong></span> <span class='ocrx_word' id='word_1_672' title='bbox 2218 4874 2425 4925; x_wconf 87' lang='lat' dir='ltr'><strong>quercus</strong></span> <span class='ocrx_word' id='word_1_673' title='bbox 2447 4862 2636 4927; x_wconf 80' lang='lat' dir='ltr'><strong>fagique</strong></span> <span class='ocrx_word' id='word_1_674' title='bbox 2656 4864 2858 4915; x_wconf 84' lang='lat' dir='ltr'><strong>virentis</strong></span> 
     </span>
    </p>
   </div>
   <div class='ocr_carea' id='block_1_6' title="bbox 172 4931 3161 5105">
    <p class='ocr_par' dir='ltr' id='par_1_6' title="bbox 172 4931 3161 5105">
     <span class='ocr_line' id='line_1_53' title="bbox 172 4931 3161 5021; baseline 0.004 -28"><span class='ocrx_word' id='word_1_675' title='bbox 172 4934 429 4994; x_wconf 77' lang='grc' dir='ltr'>πολλάκι</span> <span class='ocrx_word' id='word_1_676' title='bbox 464 4931 565 4992; x_wconf 75' lang='grc' dir='ltr'><strong>καὶ</strong></span> <span class='ocrx_word' id='word_1_677' title='bbox 600 4941 789 5015; x_wconf 85' lang='grc' dir='ltr'>φηγοῖο</span> <span class='ocrx_word' id='word_1_678' title='bbox 820 4932 999 5016; x_wconf 85' lang='grc' dir='ltr'>πόροις</span> <span class='ocrx_word' id='word_1_679' title='bbox 1024 4935 1292 4996; x_wconf 85' lang='grc' dir='ltr'>ἀκύλοισιν</span> <span class='ocrx_word' id='word_1_680' title='bbox 1320 4937 1498 5020; x_wconf 82' lang='grc' dir='ltr'>ὁμήρη</span> <span class='ocrx_word' id='word_1_681' title='bbox 1512 4962 1527 4975; x_wconf 91' lang='grc'><em>·</em></span> <span class='ocrx_word' id='word_1_682' title='bbox 1746 4948 1881 5000; x_wconf 68' lang='lat' dir='ltr'><strong>crede</strong></span> <span class='ocrx_word' id='word_1_683' title='bbox 1903 4961 2092 4999; x_wconf 81' lang='lat' dir='ltr'><strong>comam</strong></span> <span class='ocrx_word' id='word_1_684' title='bbox 2112 4949 2430 5013; x_wconf 86' lang='lat' dir='ltr'><strong>glandemque</strong></span> <span class='ocrx_word' id='word_1_685' title='bbox 2446 4950 2616 5013; x_wconf 88' lang='lat' dir='ltr'><strong>simul,</strong></span> <span class='ocrx_word' id='word_1_686' title='bbox 2634 4965 2746 5016; x_wconf 78' lang='lat' dir='ltr'><strong>quae</strong></span> <span class='ocrx_word' id='word_1_687' title='bbox 2770 4954 2946 5017; x_wconf 88' lang='lat' dir='ltr'><strong>pendet</strong></span> <span class='ocrx_word' id='word_1_688' title='bbox 2967 4954 3017 5004; x_wconf 92' lang='lat' dir='ltr'><strong>in</strong></span> <span class='ocrx_word' id='word_1_689' title='bbox 3040 4954 3161 5021; x_wconf 85' lang='lat' dir='ltr'><strong>illis;</strong></span> 
     </span>
     <span class='ocr_line' id='line_1_54' title="bbox 172 5018 3010 5105; baseline 0.005 -28"><span class='ocrx_word' id='word_1_690' title='bbox 172 5018 237 5089; x_wconf 72' lang='grc' dir='ltr'><strong>ἠὲ</strong></span> <span class='ocrx_word' id='word_1_691' title='bbox 260 5020 335 5079; x_wconf 86' lang='grc' dir='ltr'><strong>σύ</strong></span> <span class='ocrx_word' id='word_1_692' title='bbox 368 5044 443 5101; x_wconf 77' lang='grc' dir='ltr'><strong>γε</strong></span> <span class='ocrx_word' id='word_1_693' title='bbox 480 5020 707 5100; x_wconf 82' lang='grc' dir='ltr'>βδήλαιο</span> <span class='ocrx_word' id='word_1_694' title='bbox 733 5019 845 5080; x_wconf 80' lang='grc' dir='ltr'>νέον</span> <span class='ocrx_word' id='word_1_695' title='bbox 868 5022 1063 5102; x_wconf 86' lang='grc' dir='ltr'>γλάγος</span> <span class='ocrx_word' id='word_1_696' title='bbox 1084 5022 1249 5084; x_wconf 81' lang='grc' dir='ltr'>ἔνδοθι</span> <span class='ocrx_word' id='word_1_697' title='bbox 1275 5024 1491 5098; x_wconf 86' lang='grc' dir='ltr'>πέλλης·</span> <span class='ocrx_word' id='word_1_698' title='bbox 1748 5042 1799 5088; x_wconf 91' lang='lat' dir='ltr'><strong>et</strong></span> <span class='ocrx_word' id='word_1_699' title='bbox 1814 5036 1890 5087; x_wconf 81' lang='lat' dir='ltr'><strong>lae</strong></span> <span class='ocrx_word' id='word_1_700' title='bbox 1907 5036 1958 5087; x_wconf 91' lang='lat' dir='ltr'><strong>in</strong></span> <span class='ocrx_word' id='word_1_701' title='bbox 1981 5037 2233 5088; x_wconf 85' lang='lat' dir='ltr'><strong>mulctram</strong></span> <span class='ocrx_word' id='word_1_702' title='bbox 2253 5038 2535 5102; x_wconf 85' lang='lat' dir='ltr'><strong>subducite,</strong></span> <span class='ocrx_word' id='word_1_703' title='bbox 2555 5043 2790 5105; x_wconf 84' lang='lat' dir='ltr'><strong>coctaque</strong></span> <span class='ocrx_word' id='word_1_704' title='bbox 2809 5041 3010 5103; x_wconf 88' lang='lat' dir='ltr'><strong>mande,</strong></span> 
     </span>
    </p>
   </div>
   <div class='ocr_carea' id='block_1_7' title="bbox 170 5106 3048 5209">
    <p class='ocr_par' dir='ltr' id='par_1_7' title="bbox 170 5106 3048 5209">
     <span class='ocr_line' id='line_1_55' title="bbox 170 5106 3048 5209; baseline 0.005 -42"><span class='ocrx_word' id='word_1_705' title='bbox 170 5108 353 5191; x_wconf 68' lang='grc' dir='ltr'>αὐτὰρ</span> <span class='ocrx_word' id='word_1_706' title='bbox 392 5106 429 5167; x_wconf 77' lang='grc'><strong>8</strong></span> <span class='ocrx_word' id='word_1_707' title='bbox 466 5112 570 5167; x_wconf 76' lang='grc' dir='ltr'><strong>τοῦ</strong></span> <span class='ocrx_word' id='word_1_708' title='bbox 600 5107 835 5191; x_wconf 79' lang='grc' dir='ltr'>κορέοιτο</span> <span class='ocrx_word' id='word_1_709' title='bbox 860 5109 953 5170; x_wconf 81' lang='grc' dir='ltr'><strong>καὶ</strong></span> <span class='ocrx_word' id='word_1_710' title='bbox 988 5112 1043 5171; x_wconf 75' lang='grc' dir='ltr'><strong>ἐν</strong></span> <span class='ocrx_word' id='word_1_711' title='bbox 1082 5111 1432 5192; x_wconf 74' lang='grc' dir='ltr'>στομάτεσσιν</span> <span class='ocrx_word' id='word_1_712' title='bbox 1466 5113 1659 5197; x_wconf 70' lang='grc' dir='ltr'>ἕρύξαι.</span> <span class='ocrx_word' id='word_1_713' title='bbox 1698 5112 1713 5173; x_wconf 94' lang='grc' dir='ltr'>Ι</span> <span class='ocrx_word' id='word_1_714' title='bbox 1747 5124 1866 5175; x_wconf 88' lang='lat' dir='ltr'><strong>dum</strong></span> <span class='ocrx_word' id='word_1_715' title='bbox 1888 5124 2188 5177; x_wconf 78' lang='lat' dir='ltr'><strong>stomachum</strong></span> <span class='ocrx_word' id='word_1_716' title='bbox 2203 5126 2372 5189; x_wconf 84' lang='lat' dir='ltr'><strong>saties,</strong></span> <span class='ocrx_word' id='word_1_717' title='bbox 2395 5129 2445 5178; x_wconf 90' lang='lat' dir='ltr'><strong>et</strong></span> <span class='ocrx_word' id='word_1_718' title='bbox 2464 5128 2606 5192; x_wconf 86' lang='lat' dir='ltr'><strong>pleno</strong></span> <span class='ocrx_word' id='word_1_719' title='bbox 2623 5129 2812 5181; x_wconf 81' lang='lat' dir='ltr'><strong>contine</strong></span> <span class='ocrx_word' id='word_1_720' title='bbox 2835 5130 2880 5180; x_wconf 89' lang='lat' dir='ltr'><strong>in</strong></span> <span class='ocrx_word' id='word_1_721' title='bbox 2900 5144 3000 5181; x_wconf 87' lang='lat' dir='ltr'><strong>ore.</strong></span> <span class='ocrx_word' id='word_1_722' title='bbox 3037 5190 3048 5209; x_wconf 51' lang='lat'><em>&#39;</em></span> 
     </span>
    </p>
   </div>
  </div>
 </body>
</html>
