3767 5825
1092 368 1507 430 TflEocssrn
1549 368 1916 430 IDYLLION
1957 369 2176 431 xxm.
3155 379 3228 427 47

147 504 231 561 αλλ’
248 502 377 557 ἑνθὼν
400 498 559 557 ἔκλαιε
579 496 703 555 παντὶ
731 506 989 575 στυγνοῖσι
1013 499 1311 580 μελάθροις,

144 588 207 647 καὶ
228 586 326 646 κύσε
345 585 427 645 τὰν
453 584 617 667 φλιάν,
641 583 776 645 οὕτω
799 586 843 644 δ’
868 587 1163 646 ἀνενείκατο
1184 588 1385 668 φωνάν·

201 674 315 754 ἅγριε
333 682 417 733 παῖ
436 672 519 733 καὶ
544 672 731 751 στυγνέ
746 718 765 749 ,
794 682 959 741 κακᾶς
986 674 1293 757 ἁνάθρεμμα
1320 674 1553 749 λεαίνας,

91 784 127 821 2⁰
144 762 247 821 λάινε
265 769 347 821 παῖ
368 760 447 820 καὶ
474 758 653 840 ἔρωτος
676 758 849 829 ἀνάξιε
866 805 883 833 ,
908 762 1050 841 δῶρά
1073 785 1153 821 τοι
1176 754 1325 835 ἦνθον

142 851 293 908 λοίσθια
314 854 460 907 ταῦτα
490 847 676 929 φέρων,
700 848 785 907 τὸν
812 849 937 927 ἐμὸν
963 847 1167 929 βρόχον·
1196 848 1370 909 οὐκέτι
1390 850 1491 932 γάρ
1511 874 1567 909 σε
1584 895 1601 928 ,

140 938 250 1015 κῶρ’,
269 936 402 993 ἐθέλω
423 936 593 994 λυπεῖν
614 934 989 1015 κεχολωμένον,
1019 934 1154 995 ἀλλὰ
1178 937 1370 1017 βαδίζω

142 1022 229 1080 ἔνθα
248 1022 298 1079 τύ
314 1045 396 1097 μευ
415 1021 738 1101 κατέκρινας,
769 1021 873 1101 ὅπῃ
901 1022 1049 1102 λόγος
1073 1012 1210 1101 ἦμεν
1236 1022 1507 1105 ἀταρπέων

141 1108 249 1175 ξυνὸν
268 1110 401 1167 τοῖσιν
424 1111 571 1190 ἐρῶσι
591 1109 653 1168 τὸ
676 1108 974 1191 φάρμακον,
1000 1109 1119 1169 ἔνθα
1146 1110 1207 1170 τὸ
1225 1112 1396 1179 λᾶθος.

88 1214 123 1253 z
142 1195 241 1253 ἀλλὰ
261 1196 335 1254 καὶ
349 1196 405 1268 ἢν
425 1196 535 1257 ὅλον
564 1198 689 1257 αὐτὸ
706 1196 889 1257 λαὸὼν
920 1198 1044 1257 ποτὶ
1072 1201 1246 1278 χεῖλος
1272 1198 1486 1277 ἆμέλξω
1498 1244 1513 1271 ,

142 1282 225 1340 οὐδέ
241 1306 287 1341 κε
304 1282 389 1351 τὼς
410 1284 611 1344 σὸέσσω
632 1284 721 1344 τὸν
749 1284 873 1363 ἐμὸν
895 1285 1073 1347 πόθον.
1101 1285 1219 1367 ἄρτι
1246 1288 1300 1345 δὲ
1327 1286 1527 1368 χαίρειν

138 1380 237 1430 τοῖσι
250 1380 355 1439 τεοῖς
372 1372 625 1456 προθύροις
653 1374 1029 1454 ἐπιὸάλλομαι.
1056 1366 1173 1435 οἶδα
1190 1375 1250 1435 τὸ
1278 1376 1483 1454 μέλλον.

140 1458 205 1515 καὶ
222 1458 268 1517 τὸ
290 1459 411 1541 ῥόδον
428 1461 583 1521 καλόν
611 1465 750 1535 ἐστι,
777 1462 868 1521 καὶ
891 1465 919 1520 ὃ
943 1462 1127 1544 χρόνος
1155 1463 1280 1522 αὐτὸ
1309 1463 1565 1544 μαραίνει.

137 1546 201 1603 καὶ
217 1547 263 1605 τὸ
286 1546 349 1607 ἴον
364 1548 507 1607 καλόν
533 1551 675 1608 ἐστιν
703 1552 757 1609 ἐν
784 1549 947 1631 εἴαρι,
969 1550 1060 1610 καὶ
1086 1549 1223 1630 ταχὺ
1250 1560 1410 1632 γηρᾷ.

86 1648 121 1687 ω
138 1632 271 1691 λευκὸν
288 1634 337 1693 τὸ
360 1634 510 1715 κρίνον
534 1635 675 1711 ἐστί,
704 1636 1011 1717 μαραίνεται
1034 1638 1189 1696 ἁνίκα
1214 1636 1406 1717 πίπτῃ·

137 1718 341 1801 ἇδὲχιῶν
356 1722 526 1796 λευκά,
558 1722 651 1783 καὶ
674 1722 889 1783 τάκεται
916 1718 1069 1785 ἁνίκα
1091 1730 1288 1805 παχθῇ.

137 1806 201 1863 καὶ
215 1809 369 1875 κάλλος
392 1810 539 1869 καλόν
569 1814 679 1871 ἐστι
704 1812 765 1871 τὸ
784 1812 1042 1887 παιδικόν,
1066 1812 1180 1873 ἀλλ’
1202 1813 1373 1893 ὀλίγον
1408 1818 1487 1893 ζῇ.

136 1892 216 1962 ἥξει
238 1896 385 1976 καιρὸς
406 1900 615 1972 ἐκεῖνος,
642 1899 865 1959 ὁπανίκα
892 1900 985 1959 καὶ
1006 1900 1069 1959 τὺ
1092 1902 1326 1983 φιλάσεις
1339 1949 1358 1980 ,

135 1980 249 2041 ἁνίκα
266 1984 347 2043 τὰν
370 1985 579 2065 κραδίαν
605 1986 918 2066 ὀπτεύμενος
940 1986 1151 2069 ἁλμυρὰ
1176 1987 1434 2055 κλαύσεις.

82 2082 117 2121 ⁸
136 2068 237 2127 ἀλλὰ
255 2072 330 2145 τύ,
357 2076 461 2147 παῖ,
486 2074 589 2133 κᾶν
610 2080 761 2135 τοῦτο
782 2075 1111 2135 πανύστατον
1142 2076 1239 2134 ἁδύ
1260 2099 1311 2135 τι
1341 2074 1497 2156 ῥέξον·

112 2148 311 2215 ’ὁπόταν
338 2159 528 2228 ἐξενθὼν
554 2161 846 2243 ἠρτημένον
875 2164 929 2221 ἐν
956 2150 1283 2243 προθύροισιν

133 2244 404 2305 τοῖσιτεοῖσιν
429 2249 535 2327 ἴδῃς
562 2248 654 2307 τὸν
678 2248 947 2328 τλάμονα,
981 2248 1057 2328 μή
1082 2274 1148 2327 με
1176 2252 1463 2330 παρένθῃς,

137 2337 252 2390 στᾶθι
272 2334 317 2393 δὲ
341 2337 421 2394 καὶ
446 2335 616 2417 βραχὺ
645 2340 891 2413 κλαῦσον,
917 2338 1221 2405 ἐπισπείσας
1246 2338 1299 2398 δὲ
1322 2337 1381 2397 τὸ
1409 2338 1569 2419 δάκρυ

132 2419 247 2477 λῦσον
260 2424 322 2479 τῶ
345 2424 523 2502 οχοίνω
544 2449 613 2503 με
643 2426 735 2485 καὶ
758 2424 975 2507 ἀμφίθες
992 2427 1053 2485 ἔκ
1076 2425 1260 2501 ῥεθέων
1290 2429 1392 2485 σῶν

76 2518 113 2555 ⁴⁰
131 2502 275 2577 εἵματα
293 2508 371 2567 καὶ
391 2510 579 2593 κρύψον
609 2514 706 2589 με’,
729 2510 838 2571 τόδ’
860 2503 927 2571 αὗ
942 2511 1183 2589 πύματόν
1207 2536 1272 2588 με
1294 2512 1531 2592 φίλασον,

128 2590 201 2649 κᾶν
222 2601 359 2677 νεκρῷ
386 2599 595 2679 χάρισαι
624 2599 692 2659 τὰ
720 2598 790 2659 σὰ
816 2598 1015 2681 χείλεα.
1046 2599 1121 2679 μή
1144 2624 1210 2676 με
1233 2600 1475 2681 φοὸαθῇς·

126 2681 169 2737 οὗ
192 2680 379 2759 δύναμαι
404 2691 510 2761 ζῆν,
534 2687 604 2761 ἤν
637 2710 699 2747 σε
722 2686 1001 2769 διαλλάξῃς
1028 2711 1094 2765 με
1114 2687 1352 2768 φιλάσας·

125 2770 245 2843 χῶμα
262 2772 308 2829 δέ
334 2797 413 2850 μοι
434 2775 694 2850 κοίλανον,
716 2774 749 2834 ὅ
772 2798 873 2853 μευ
901 2774 1087 2855 κρύψει
1111 2774 1200 2834 τὸν
1224 2774 1411 2856 ἔρωτα.

128 2853 201 2935 [⁴³]
219 2856 301 2929 κῆν
320 2859 490 2942 ἀπίῃς,
506 2862 631 2922 τόδε
650 2885 739 2940 μοι
760 2862 867 2945 τρὶς
889 2860 1173 2922 ἕπάπυσον·
1194 2850 1239 2920 ὦ
1266 2860 1399 2943 φίλε,
1421 2862 1608 2924 κεῖσαι.

73 2953 107 2990 ⁴⁵
122 2939 169 3010 ἢ*
186 2945 231 3002 δέ
250 2969 299 3023 γε
322 2950 437 3028 λῇς,
460 2950 552 3010 καὶ
574 2955 747 3010 τοῦτο·
765 2948 923 3018 καλὸς
942 2948 999 3008 δέ
1026 2972 1115 3026 μοι
1140 2947 1288 3010 ὤλεθ’
1317 2949 1531 3030 ἑταῖρος.

125 3031 275 3112 γράψον
291 3034 371 3094 καὶ
388 3035 501 3097 τόδε
526 3036 782 3120 γράμμα,
804 3035 865 3096 τὸ
890 3045 997 3104 σοῖς
1021 3037 1240 3117 τοίχοισι
1260 3035 1492 3118 χαράξω·

122 3141 141 3166 ι
160 3124 301 3178 τοῦτον
326 3121 445 3202 ἔρως
475 3125 715 3184 ἔκτεινεν·
742 3121 1007 3203 ὁδοιπόρε,
1030 3123 1104 3201 μὴ
1131 3122 1477 3204 παροδεύσῃς,

123 3205 223 3262 &M
244 3207 350 3275 στὰς
368 3209 481 3269 τόδε
504 3210 674 3280 λέξον·
700 3211 903 3284 ἀπηνέα
925 3202 1066 3291 εἶχεν
1094 3213 1295 3290 ἑταῖρον
1322 3237 1365 3270 υ.

176 3283 247 3352 ὧδ’
264 3294 406 3356 εἰπὼν
420 3298 561 3360 λίθον
586 3289 748 3376 εἶλεν,
771 3297 1100 3379 ἐρεισάμενος
1118 3300 1167 3356 δ’
1188 3299 1272 3357 ἐπὶ
1295 3296 1455 3377 τοίχῳ

72 3389 103 3430 ⁵⁰
120 3377 213 3458 ἄχρι
235 3383 386 3458 μέσων
413 3387 574 3445 οὓδῶν
609 3385 827 3466 φοὸερὸν
851 3385 1009 3459 λίθον,
1036 3378 1199 3458 ἦπτεν
1224 3385 1314 3443 ἀπ’
1341 3387 1482 3442 αὐτῶ

116 3463 186 3523 τὰν
200 3469 367 3531 λεπτὸν
389 3476 655 3554 σχοινῖδα,
685 3473 874 3556 βρόχον
909 3474 955 3531 δ’
983 3471 1219 3551 ἔμὸαλλε
1240 3471 1491 3553 τραχήλῳ
1514 3515 1531 3548 ,

115 3551 185 3610 τᾶν
207 3556 337 3636 ἕδραν
362 3562 407 3618 δ’
436 3561 675 3625 ἐκύλισεν
706 3559 842 3621 ὑπὲκ
867 3559 1051 3632 ποδός,
1079 3560 1164 3632 ἠδ’
1184 3559 1479 3638 ἐκρεμάσθη

115 3661 263 3721 ’apoc-
290 3649 317 3706 ὁ
346 3647 391 3706 δ’
412 3639 527 3708 αὖτ’
555 3647 681 3718 ὤιξε
713 3648 871 3729 θύρας
897 3647 991 3708 καὶ
1015 3647 1103 3706 τὸν
1132 3647 1313 3729 νεκρὸν
1342 3637 1470 3705 εἶδεν
1531 3677 1539 3684 ·

116 3729 239 3798 αὐλᾶς
261 3731 305 3801 ἔξ
334 3735 461 3804 ἰδίας
482 3734 808 3818 ἠρτημένον,
836 3737 940 3794 οὔδ’
974 3734 1224 3815 ἔλυγίχθη

74 3831 97 3871 ⁸
114 3813 183 3872 τὰ*
203 3821 375 3902 ψυχάν,
402 3825 461 3884 οὗ
479 3827 687 3884 κλαῦσε
712 3822 825 3883 νέον
852 3821 1027 3904 φόνον,
1059 3824 1187 3895 ἀλλ’,
1206 3820 1293 3881 ἐπὶ
1316 3825 1480 3900 νεκρῷ

113 3900 261 3978 εἵματα
282 3910 429 3970 πάντ’
454 3911 669 3989 ἐμίανεν
692 3909 953 3994 ἕφαὸικά,
981 3910 1126 3990 βαῖνε
1148 3909 1194 3968 δ’
1216 3911 1267 3976 ἐς
1289 3908 1456 3974 ἅθλως

114 3999 384 4070 γυμνασιῶν,
407 3996 501 4056 καὶ
524 3999 655 4070 τῆλε
683 3997 847 4078 φασιν
874 3996 1152 4073 ὶπεμαίετο
1172 3997 1424 4075 λουτρῶν,

111 4077 177 4135 καὶ
195 4083 301 4140 ποτὶ
327 4084 410 4144 τὸν
442 4085 558 4144 θεὸν
586 4077 742 4160 ἦνθε,
768 4084 857 4144 τὸν
886 4082 1093 4164 ὗὸρισε·
1124 4082 1330 4150 λαῖνέας
1360 4084 1415 4140 δέ

111 4161 249 4225 ἵπτατ·
273 4171 368 4230 ἀπὸ
388 4175 643 4253 κρηπῖδος
662 4175 717 4242 ἃς
742 4172 906 4232 ὕδατα
924 4195 938 4209 ·
968 4175 1044 4253 τῷ
1068 4170 1112 4228 δ’
1130 4169 1409 4250 ἐφύπερθεν

74 4251 239 4315 'flato
260 4259 343 4318 καὶ
365 4260 663 4340 τῶγαλμα,
690 4259 852 4320 κακὸν
880 4259 925 4318 δ’
950 4259 1171 4318 ἔκτεινεν
1202 4256 1411 4338 ἔφαὸον·

112 4349 223 4418 νᾶμα
242 4347 281 4404 δ’
300 4350 563 4430 ἕφοινίχθη
580 4371 599 4390 ·
628 4347 813 4417 παιδὸς
836 4346 882 4407 δ’
908 4346 1194 4426 ἐπενάχετο
1214 4345 1379 4427 φωνά·
1438 4341 1442 4346 ’

171 4458 191 4482 ⁸
206 4434 399 4518 χαίρετε
422 4441 507 4497 τοὶ
534 4435 806 4518 φιλέοντες
821 4460 836 4475 ·
865 4439 894 4494 δ
915 4434 1017 4515 γὰρ
1041 4437 1209 4512 μισῶν
1231 4433 1494 4513 ἐφονεύθη.

110 4516 302 4597 τέργετε
326 4525 371 4581 δ’
395 4523 571 4603 ὔμμες
593 4525 757 4584 ᾶῖται·
784 4528 813 4583 ὃ
835 4521 939 4604 γὰρ
966 4521 1077 4588 θεὸς
1102 4511 1209 4581 οἶδε
1237 4520 1477 4588 δικάζειν.
1506 4545 1530 4568 ι·

674 4738 1017 4766 «ψ-
1034 4737 1039 4744 ’

1691 510 1775 560 aed
1800 508 1994 560 veniens
2011 508 2078 559 ad
2095 508 2282 559 tristem
2306 507 2504 557 domum
2532 506 2706 569 nebat,

1695 600 1747 649 et
1760 597 2004 649 osculatus
2028 597 2103 647 est
2121 596 2294 658 limen,
2321 595 2542 658 hancque
2558 594 2732 644 extulit
2753 606 2920 643 vocem
2943 612 2955 643 ε

1754 698 1882 736 aaeve
1907 698 2027 749 puer
2045 686 2096 735 et
2110 684 2286 746 tristis,
2305 684 2445 733 malae
2470 682 2629 747 proles
2648 682 2814 733 leoenoe
2826 718 2841 743 ‚

1692 785 1833 823 saxee
1858 786 1978 836 puer
2003 774 2053 823 et
2077 786 2240 822 amore
2255 771 2476 834 indigne,
2499 769 2626 821 dona
2647 770 2736 821 tibi
2752 770 2863 821 veni

1694 859 1863 910 ultima
1878 861 1986 911 haec
2006 862 2160 911 serena
2173 898 2186 923 ,
2211 861 2440 923 laqueum
2461 872 2653 921 meum3
2673 872 2770 908 nou
2788 856 2917 909 enim
2943 857 3148 921 amplius
3171 861 3243 919 tc,

1694 962 1831 1012 puer,
1847 948 1961 999 volo
1985 948 2204 999 molestia
2218 948 2408 999 afficere
2424 948 2602 999 iratum
2612 984 2629 1011 ,
2648 947 2732 999 sed
2748 947 2868 997 abeo

1694 1050 1791 1099 quo
1812 1036 1956 1087 abire
1975 1040 2032 1087 tu
2051 1050 2130 1087 me
2152 1036 2478 1087 oondemnasti
2489 1072 2505 1100 ,
2525 1049 2624 1099 quo
2640 1034 2809 1085 dicunt
2825 1048 2926 1085 σιω
2943 1035 3182 1085 malorum

1695 1138 1951 1175 eommune
1967 1125 2238 1175 amantibus
2259 1123 2554 1187 remedium,
2579 1120 2666 1173 ubi
2691 1122 2887 1174 oblivio.

1696 1214 1748 1261 at
1770 1212 1957 1262 etiamsi
1981 1225 2088 1263 eam
2109 1214 2264 1262 totam
2287 1212 2360 1262 ori
2375 1211 2620 1261 admotam
2639 1210 2903 1261 exhausero
2915 1247 2932 1272 ,

1697 1311 1759 1349 ne
1773 1299 1843 1349 aio
1858 1297 2056 1362 quidem
2073 1298 2338 1349 restinxero
2350 1312 2518 1349 meum
2535 1297 2836 1349 desiderium.
2853 1297 2954 1360 iam
2971 1310 3085 1347 vero
3102 1300 3158 1346 ut
3169 1296 3246 1345 ul-

1701 1389 1883 1437 timum
1903 1386 2011 1437 vale
2027 1384 2204 1451 dicun]
2227 1390 2314 1437 tuo
2338 1385 2578 1437 vestibulo
2593 1398 2674 1436 me
2689 1384 2938 1435 admoveo.
2958 1383 3071 1434 novi
3083 1420 3099 1446 ,
3118 1383 3244 1446 quod

1698 1474 1916 1523 futurum
1938 1472 2049 1537 est]
2069 1476 2117 1525 et
2145 1487 2253 1525 rosa
2274 1473 2444 1537 pulcra
2463 1475 2562 1536 est,
2589 1474 2640 1523 et
2658 1474 2850 1536 tempus
2871 1486 2976 1523 eam
3001 1472 3246 1521 ilat-‚eidam

1698 1560 1894 1624 reddit.]
1913 1563 1962 1611 et
1981 1562 2105 1612 viola
2122 1562 2289 1625 pulcra
2305 1563 2378 1612 est
2394 1560 2445 1611 in
2465 1574 2578 1611 vere
2590 1598 2607 1623 ,
2624 1562 2675 1611 et
2691 1560 2788 1610 cito
2807 1558 3026 1611 senescit.

1699 1647 1957 1698 madidum
1979 1650 2052 1698 eet
2072 1648 2224 1698 lilium
2236 1683 2253 1711 ,
2277 1646 2514 1699 flaccescit
2534 1660 2688 1711 quum
2705 1646 2910 1709 decidit3

1698 1734 1785 1785 nix
1802 1748 1998 1799 quoque
2015 1736 2216 1785 candida
2233 1738 2335 1792 est,
2361 1738 2410 1787 et
2426 1736 2627 1801 liquitur
2648 1749 2802 1799 quum
2817 1734 3061 1797 congelata
3083 1734 3186 1785 fuit.

1699 1824 1749 1872 et
1774 1823 1928 1873 forma
1943 1824 2138 1885 puerilis
2151 1824 2318 1887 pulcra
2335 1826 2407 1875 est
2418 1860 2432 1886 ,
2451 1823 2537 1873 aed
2553 1824 2700 1873 breve
2717 1827 2915 1885 tempus
2939 1822 3097 1873 durat.

1698 1909 1862 1959 veniet
1883 1912 2078 1973 tempus
2102 1909 2221 1960 illud
2233 1945 2249 1972 ‚
2273 1910 2467 1975 qua‘ndo
2484 1911 2630 1961 etiam
2647 1912 2704 1961 tu
2721 1910 2929 1973 amabis,

1699 1996 1893 2059 quando
1908 1999 2036 2047 tosto
2057 1996 2201 2047 corde
2221 2010 2382 2048 amare
2400 1997 2550 2049 flebis.

1699 2083 1784 2135 sed
1807 2086 1861 2134 tu
1877 2121 1893 2146 ,
1918 2097 2057 2148 puer,
2077 2086 2169 2135 hoc
2188 2088 2460 2139 extremum
2479 2088 2608 2135 oerte
2625 2084 2744 2135 mihi
2760 2083 3054 2149 gratificare3

1700 2168 1894 2231 quando
1919 2182 2132 2232 egressus
2146 2184 2428 2233 suspensum
2447 2171 2497 2221 in
2517 2171 2754 2224 vestibulo

1700 2255 1849 2306 boooe
1874 2260 1962 2307 tuo
1979 2257 2154 2308 videris
2180 2271 2260 2309 me
2279 2260 2510 2311 miserum
2522 2298 2538 2323 ,
2555 2272 2619 2310 ne
2635 2272 2717 2311 me
2732 2262 2988 2323 praetereas
2999 2296 3014 2322 ,

1701 2340 1786 2392 sed
1801 2342 2003 2392 oonaiste
2023 2345 2072 2393 et
2092 2344 2291 2405 paulum
2307 2345 2581 2408 lacrimare,
2601 2345 2845 2409 libataque
2865 2346 3062 2397 lacrima

1701 2429 1833 2478 solve
1850 2443 1930 2480 me
1946 2430 2120 2494 laqueo
2142 2432 2191 2480 et
2208 2432 2455 2482 olrcumda
2481 2432 2543 2483 de
2568 2433 2796 2483 membris
2812 2433 2908 2485 tuia

1701 2517 1985 2567 vestimenta
2001 2520 2051 2568 et
2063 2532 2142 2569 me
2154 2520 2259 2595 tege
2269 2556 2286 2583 ,
2305 2521 2355 2571 et
2373 2533 2504 2570 nuno
2517 2522 2814 2586 postremum
2827 2534 2907 2571 me
2928 2520 3144 2571 osculare
3153 2556 3170 2581 ‚

1701 2606 1849 2666 atque
1866 2608 2058 2655 mortuo
2084 2608 2215 2656 certe
2235 2594 2426 2671 indulge
2443 2608 2530 2657 tua
2545 2608 2688 2657 labia.
2700 2598 2778 2659 'ne
2794 2622 2874 2659 me
2894 2608 3148 2669 metuet-iu

1702 2686 1799 2741 nd
1816 2704 2010 2755 possum
2027 2692 2170 2743 vivus
2193 2707 2296 2745 esso
2305 2730 2323 2757 ,
2350 2694 2392 2744 si
2406 2696 2457 2745 te
2473 2694 2734 2745 mutaveris
2756 2709 2837 2745 me
2853 2696 3122 2757 osculatus;

1702 2778 1952 2829 tumulum
1982 2792 2100 2829 vero
2124 2779 2242 2830 mibi
2259 2793 2440 2831 exoava
2452 2819 2468 2845 ,
2493 2782 2579 2845 qui
2604 2794 2767 2832 meum
2785 2783 3008 2845 contegat
3021 2794 3251 2831 amorem.

1702 2880 1952 2932 quumque
1977 2868 2172 2932 abieris,
2193 2868 2287 2920 hoo
2302 2869 2422 2920 mibi
2437 2872 2512 2921 ter
2527 2869 2740 2920 acclama
2762 2890 2774 2920 :
2795 2884 2826 2920 o
2851 2870 3030 2932 amioe,
3049 2870 3256 2920 molliter

1702 2954 1781 3004 hic
1797 2955 1984 3020 cubas]
2011 2956 2051 3006 ai
2074 2957 2284 3008 volueris
2294 2993 2311 3020 ,
2339 2957 2484 3008 etiam
2499 2957 2594 3006 hoo
2611 2957 2748 3008 adde
2769 2976 2782 3008 z
2808 2958 2973 3021 pulcer
2989 2957 3106 3007 mihi
3119 2956 3257 3020 periit

1702 3041 1913 3108 sodalis]
1949 3043 2154 3094 inscribe
2173 3045 2224 3094 et
2245 3043 2341 3094 boo
2370 3057 2590 3107 carmen,
2610 3043 2742 3108 quod
2772 3044 2870 3095 tuis
2893 3044 3152 3108 parietibus
3180 3044 3255 3094 iu-

1703 3130 1919 3192 sculpam
1941 3129 1974 3194 ε]
1995 3149 2020 3174 α
2049 3131 2180 3182 hunc
2196 3145 2332 3182 amor
2348 3131 2552 3194 oooidit;
2582 3119 2756 3195 viator,
2785 3145 2849 3182 ne
2869 3134 3108 3195 transeas,

1703 3206 1785 3256 sed
1808 3207 2069 3258 oonsiatens
2093 3208 2187 3258 hoe
2204 3207 2351 3258 dicito
2376 3228 2388 3257 ε
2417 3208 2662 3259 crudelem
2689 3209 2858 3259 hahuit
2880 3209 3106 3259 sodalem.
3139 3230 3166 3254 ι»

1754 3294 1823 3344 sio
1830 3295 2021 3346 locutus
2032 3295 2435 3360 sumsitlapidem,
2447 3297 2498 3346 et
2505 3310 2658 3360 quum
2666 3296 2954 3347 advolvisset
2961 3295 3024 3346 ad
3031 3297 3268 3360 parietem

1704 3395 1856 3444 usque
1900 3382 1962 3432 ad
1995 3383 2207 3433 medium
2252 3383 2399 3434 limen
2441 3383 2720 3434 horribilem
2760 3382 2995 3447 lapidem,
3029 3384 3253 3434 annexuit

1704 3464 1832 3532 inde]
1849 3470 2045 3518 tenuem
2063 3469 2254 3532 restim,
2272 3468 2599 3533 laqueumque
2615 3469 2776 3533 iniecit
2793 3471 2917 3522 eollo
2927 3509 2944 3534 ‚

1705 3555 1755 3603 et
1778 3554 1939 3606 sedem
1961 3555 2172 3606 devolvit
2187 3569 2218 3606 a
2233 3555 2432 3621 pedibus
2443 3594 2458 3620 ,
2477 3560 2624 3621 atque
2639 3558 2864 3622 pependit

1704 3643 1940 3693 mortuus.
1960 3645 2068 3693 tum
2085 3643 2167 3694 ille
2183 3643 2371 3708 aperuit
2386 3645 2512 3695 fores
2529 3647 2579 3695 et
2595 3647 2843 3696 mortuum
2861 3645 2984 3696 vidit

1703 3729 1813 3778 aula
1831 3743 1894 3780 ex
1915 3745 2002 3781 sua
2021 3744 2301 3795 suspensum
2313 3769 2330 3796 ,
2349 3746 2507 3796 neque
2523 3733 2706 3784 fractus
2726 3736 2801 3784 est

1702 3817 1863 3867 animo
1875 3854 1891 3879 ,
1911 3832 2008 3868 non
2025 3818 2216 3870 deflevit
2226 3819 2488 3881 juvenilem
2504 3834 2673 3872 necem
2683 3858 2699 3884 ,
2719 3821 2864 3872 sedin
2881 3823 3074 3872 mortuo

1706 3905 1988 3954 vestimenta
2006 3907 2166 3956 omnia
2188 3906 2360 3969 polluit
2374 3907 2598 3970 puerilia,
2615 3907 2812 3972 ibatque
2829 3908 2892 3958 ad
2908 3909 3166 3960 certamina

1704 3992 1932 4054 gymnasii
1945 4029 1960 4054 ,
1980 3995 2028 4042 et
2045 3994 2211 4056 procul
2229 3995 2364 4056 grata
2379 3993 2653 4056 requirebat
2673 3994 2864 4046 lavacra
2875 4032 2891 4059 ,

1704 4081 1754 4128 et
1779 4079 1839 4128 ad
1858 4079 2004 4130 deum
2029 4081 2188 4142 venit,
2217 4093 2364 4143 quem
2380 4081 2594 4143 laeserat3
2612 4081 2715 4145 jam
2742 4096 2805 4133 ex
2819 4082 3004 4146 lapidea

1705 4166 1945 4229 crepidine
1967 4167 2135 4217 ruebat
2148 4167 2196 4217 in
2222 4179 2396 4231 aquas;
2423 4171 2530 4218 tum
2554 4183 2670 4220 vero
2694 4169 2897 4234 desuper

1706 4253 1877 4304 exsiliit
1904 4254 2047 4304 etiam
2072 4254 2382 4305 simulacrum
2409 4257 2458 4306 et
2483 4256 2758 4320 improbum
2787 4257 2962 4308 occidit
2983 4258 3244 4308 adolescen-

1704 4349 1805 4398 tem
1816 4347 1852 4412 3]
1871 4335 2001 4397 unda
2015 4350 2265 4398 cruentata
2279 4348 2513 4411 irrubuit,
2533 4349 2762 4412 puerique
2785 4349 3032 4399 innatabat
3049 4362 3144 4398 vox
3166 4368 3178 4398 :

1773 4455 1798 4479 ιι
1826 4435 2028 4498 gaudete
2053 4438 2294 4498 amantem
2313 4449 2426 4492 nam
2444 4437 2530 4499 qui
2547 4437 2714 4487 oderat
2738 4437 3016 4487 interfectus
3032 4437 3120 4487 est.

1710 4537 1890 4586 vosque
1905 4523 2084 4588 diligite
2096 4561 2111 4586 ‚
2139 4524 2331 4586 amasii3
2356 4537 2469 4574 nam
2485 4523 2606 4574 deus
2622 4523 2756 4573 novit
2768 4523 2996 4586 iudicare.
3023 4543 3047 4568 ιο

2309 4731 2628 4756 -000—
