3767 5825
532 365 642 421 ιω
1612 352 2021 414 onmium·
2064 339 2534 415 ΑλῑΕι-Τικοιι
2577 355 2642 414 Ε.

642 485 695 552 ὅς
720 507 808 542 κεν
832 481 962 542 ἑκὼν
988 480 1220 561 δελφῖσιν
1246 479 1632 563 ἐπιφράσσηται
1661 481 1890 564 ὄλεθρον.

524 594 602 634 iao
640 563 767 634 Ἴσα
794 569 897 652 γὰρ
922 567 1279 648 ἀνδρομέοισιν
1310 569 1687 651 ἀπεχθαίρουσι
1716 571 1923 652 φόνοισι

639 657 883 737 δαίμονες
909 656 1148 716 εἶναλίων
1176 656 1324 716 ὀλοὸν
1352 657 1511 738 μόρον
1538 658 1839 739 ἡγητήρων·

633 739 733 807 ἶσα
763 747 863 830 γὰρ
892 744 1209 827 ἀνθρώποισι
1230 745 1475 824 νοήματα
1496 745 1587 806 καὶ
1613 747 1924 828 προπόλοισι

637 836 803 909 Ζηνὸς
826 833 1174 913 ἆλιγδούποιο·
1200 835 1261 894 τὸ
1288 834 1380 892 καὶ
1404 834 1645 917 φιλότητι
1675 837 1920 915 γενέθλης

636 925 954 1006 κέχρηνται,
982 921 1120 1000 μέγα
1148 921 1193 980 δ’
1218 921 1319 980 εἰσὶ
1348 921 1655 1002 συνάρθμιοι
1686 923 2007 994 ἀλλήλοισιν.

520 1033 597 1074 ηε
636 1011 782 1085 Ἤδη
811 1011 913 1091 γὰρ
942 1012 1171 1092 δελφῖνες
1199 1009 1373 1080 ἐνηέες
1400 1009 1651 1092 ἀνδράσιν
1678 1011 1791 1084 οἵην

637 1101 805 1183 ἄγρην
834 1097 1116 1179 εὖθήρητον
1144 1097 1227 1155 ἐπ’
1252 1096 1456 1178 ἰχθύσιν
1482 1098 1819 1158 ὡπλίσσαντο

634 1186 779 1270 νήσῳ
807 1189 860 1246 ἐν
890 1185 1092 1266 Εὖὸοίῃ
1120 1184 1257 1264 μετὰ
1283 1182 1513 1262 κύμασιν
1540 1187 1848 1265 Αἷγαίοισιν·

633 1267 748 1335 εῧτε
769 1274 871 1356 γὰρ
900 1272 1146 1350 ἑσπερίης
1174 1272 1335 1354 Θήρης
1363 1271 1521 1332 πόνον
1550 1275 1856 1353 ἐγκονέωσιν

636 1363 933 1444 ἰχθυόόλοι,
958 1360 1238 1420 νεπόδεσσι
1262 1359 1425 1442 πυρὸς
1449 1362 1719 1443 φορέοντες
1747 1361 1998 1441 ὁμοκλὴν,

516 1471 593 1512 4³0
634 1455 781 1511 ἰπνοῦ
810 1449 1077 1531 χαλκείοιο
1104 1449 1218 1508 θοὸν
1248 1447 1433 1532 σέλας,
1467 1453 1515 1508 οἱ
1543 1449 1588 1509 δ’
1617 1449 1895 1532 ἐφέπονται

632 1541 895 1622 δελφῖνες,
924 1537 1176 1618 σύνθηρον
1207 1537 1606 1606 ἐπισπεύδοντες
1633 1539 1859 1620 ὄλεθρον.

631 1625 781 1689 Ἔνθ’
809 1631 857 1686 οἳ
886 1625 981 1706 μὲν
1008 1626 1313 1707 τρομέοντες
1343 1627 1716 1708 ἅποτροπάδην
1746 1627 1990 1687 εἱλέονται

633 1715 833 1798 ἰχθύες,
860 1718 909 1774 οἱ
938 1717 984 1774 δ’
1014 1715 1254 1774 ἔκτοσθεν
1283 1710 1619 1783 ἐπαίσσοντες
1642 1721 1849 1798 ὁμαρτῇ

636 1808 867 1887 δελφῖνες
894 1802 1142 1886 φοὸέουσι
1166 1801 1257 1862 καὶ
1286 1801 1521 1882 ἱεμένους
1548 1803 1636 1862 ἐπὶ
1668 1803 1872 1884 βύσσαν

514 1915 592 1954 435
632 1899 941 1974 τρωπᾶσθαι
970 1890 1091 1951 ποτὶ
1117 1891 1310 1974 χέρσον
1336 1891 1585 1971 ἀνάρσιον
1616 1891 1888 1965 ἐξελόωσι,

633 1981 828 2042 πυκνὸν
852 1978 1292 2062 ἐπιθρώσκοντες,
1319 1979 1402 2039 ἅτ’
1432 1979 1655 2061 ἀνδράσι
1677 1985 1970 2062 θηρητῆρσι

632 2077 765 2154 θῆρα
794 2070 943 2138 κύνες
970 2069 1205 2137 σεύοντες
1232 2069 1515 2149 ἀμοιὸαίῃς
1544 2072 1791 2150 ὑλακῇσι.

630 2158 767 2225 Τοὺς
792 2159 838 2216 δ’
866 2161 1033 2238 ἀγχοῦ
1063 2157 1185 2216 ποτὶ
1208 2157 1401 2239 χέρσον
1432 2156 1777 2234 ἀτυζομένους
1806 2158 1984 2228 ἁλιῆες

632 2246 843 2327 ῥηϊδίως
868 2246 1153 2326 βάλλουσιν
1179 2245 1459 2326 ἐῦγλώχινι
1480 2245 1706 2326 τριαίνῃ·

512 2355 591 2394 cto
630 2343 767 2394 τοῖσι
785 2337 829 2394 δ’
858 2335 1065 2419 ἄφυκτα
1084 2334 1333 2406 κέλευθα,
1357 2337 1685 2416 διορχεῦνται
1704 2335 1752 2392 δ’
1786 2333 1861 2394 ἐνὶ
1879 2333 2084 2414 πόντῳ,

631 2424 721 2484 καὶ
748 2424 874 2506 πυρὶ
902 2424 993 2483 καὶ
1020 2426 1255 2504 δελφῖσιν
1278 2423 1615 2500 ἐλαυνόμενοι
1644 2425 1962 2503 βασιλεῦσιν.

634 2513 771 2572 Ἀλλ’
798 2510 993 2571 ὁπόταν
1017 2511 1178 2592 θήρης
1204 2510 1443 2594 εὖαγρέος
1471 2509 1620 2594 ἔργον
1650 2516 1837 2584 ἄνηται
1852 2555 1871 2588 ,

630 2599 695 2672 δὴ
723 2599 831 2660 τότ’
860 2599 1193 2669 ἀπαιτίζουσι
1220 2599 1558 2680 παρασχεδὸν
1588 2599 1986 2679 ἐμπελάσαντες

633 2689 817 2768 μισθὸν
840 2687 1229 2772 ὁμοφροσύνης,
1258 2688 1417 2770 θήρης
1448 2689 1779 2766 ἀποδάσμιον
1812 2679 1986 2747 αἶσαν·

512 2799 593 2839 445
634 2777 685 2837 οἳ
708 2779 757 2837 δ’
778 2781 873 2838 οὔκ
900 2777 1189 2858 ἠνῇναντο,
1217 2776 1375 2859 πόρον
1404 2779 1452 2836 δ’
1482 2777 1705 2858 εὐαγρέα
1738 2785 1924 2855 μοῖραν

634 2865 924 2934 ἀσπασίως·
947 2865 1011 2939 ἢν
1039 2865 1143 2949 γάρ
1169 2890 1245 2935 τις
1273 2865 1608 2949 ὑπερφιάλως
1636 2865 1914 2943 ἀλίτηται,

629 2956 804 3016 οὐκέτι
832 2960 879 3016 οἱ
910 2958 1141 3038 δελφῖνες
1170 2955 1420 3037 ἀρηγόνες
1448 2954 1577 3014 εἰσὶν
1607 2955 1689 3013 ἐπ’
1719 2954 1906 3035 ἄγρην.

710 3044 823 3106 Καὶ
849 3044 943 3121 μέν
970 3067 1047 3110 τις
1076 3043 1306 3104 Λέσὸοιο
1333 3040 1669 3126 παλαίφατον
1698 3040 1846 3123 ἔργον
1874 3044 2051 3102 ἀοιδοῦ

628 3132 829 3207 ἔκλυεν,
857 3136 929 3201 ὥς
955 3134 1187 3215 δελφῖνος
1214 3132 1544 3212 ὀχησάμενος
1569 3131 1690 3213 περὶ
1718 3130 1867 3212 νώτῳ

510 3242 591 3282 ιω
631 3228 777 3300 κῦμα
809 3220 974 3300 μέλαν
1012 3221 1281 3301 περάασκε
1318 3219 1638 3298 καθήμενος,
1674 3218 1900 3301 ἄτρομος
1925 3210 2081 3302 ἦτορ,

630 3309 834 3381 ἀείδων,
863 3308 955 3368 καὶ
978 3310 1179 3386 πότμον
1209 3307 1473 3389 ὑπέκφυγε
1497 3307 1819 3389 ληῖστήρων,

629 3396 889 3477 Ταιναρίῃ
914 3397 959 3455 τ’
985 3396 1273 3455 ἐπέλασσεν
1303 3397 1391 3455 ἐπὶ
1418 3392 1711 3477 προὸολῇσι
1737 3396 2022 3457 Λακώνων.

630 3485 742 3546 Καί
762 3484 863 3544 πού
891 3508 969 3552 τις
998 3484 1191 3550 Λίὸυος
1218 3482 1405 3564 κούρου
1429 3483 1587 3543 πόθον
1614 3475 1749 3543 οἶδεν
1778 3484 2001 3557 ἀκούων,

628 3579 719 3633 τοῦ
749 3571 1268 3650 ποτὲ·ποιμαίνοντος
1290 3571 1553 3650 ἐράσσατο
1573 3572 1761 3653 θερμὸν
1789 3571 1960 3652 ἔρωτα

512 3682 590 3721 466
630 3660 831 3743 δελφὶς,
862 3660 955 3719 σὺν
986 3662 1029 3719 δ’
1057 3660 1217 3741 ἤθυρε
1242 3659 1369 3738 παρ’
1395 3657 1551 3739 ᾐόσι,
1581 3657 1672 3717 καὶ
1700 3660 1973 3740 κελαδεινῇ

626 3748 943 3831 τερπόμενος
967 3747 1174 3827 σύριγγι
1200 3747 1433 3808 λιλαίετο
1459 3746 1656 3806 πώεσιν
1690 3748 1859 3815 αὐτοῖς

628 3839 906 3918 μίσγεσθαι
924 3836 1109 3897 πόντον
1127 3860 1184 3897 τε
1200 3838 1373 3897 λιπεῖν
1392 3834 1641 3914 ξυλόχους
1660 3839 1706 3893 τ’
1729 3834 2011 3915 ἀφικέσθαι

630 3925 767 3987 Ἀλλ’
795 3924 906 3983 οὐδ’
931 3923 1127 3997 ἠΐθέοιο
1152 3924 1341 3991 πόθους
1366 3925 1453 3985 ἐπὶ
1476 3933 1625 3983 πᾶσα
1652 3922 1908 3994 λε’λησται

630 4014 823 4082 Αἰολίς·
852 4010 965 4072 οὔτι
991 4011 1237 4085 παλαιὸν,
1262 4014 1341 4095 ἐφ’
1368 4012 1601 4092 ἡμετέρῃ
1630 4011 1685 4070 δὲ
1713 4010 1947 4091 γενέθλη·

514 4125 589 4163 'ano
628 4100 801 4183 δελφὶς
827 4100 897 4167 ὥς
916 4124 1043 4160 ποτε
1070 4101 1259 4168 παιδὸς
1284 4101 1547 4182 ἐράσσατο
1574 4099 1829 4173 νησαίοιο·

628 4191 771 4272 νήσῳ
800 4189 843 4248 δ’
873 4188 1183 4261 ἐνναίεσκεν,
1207 4189 1289 4248 ἀεὶ
1313 4189 1358 4247 δ’
1382 4189 1471 4269 ἔχε
1501 4188 1755 4268 ναύλοχον
1780 4187 1960 4267 ὅρμον,

608 4278 785 4358 ,ἀστὸς
810 4277 983 4349 ὅπως,
1012 4274 1193 4358 ἕταρον
1228 4277 1283 4336 δὲ
1310 4280 1485 4337 λιπεῖν
1514 4278 1755 4349 ἠναίνετο
1782 4280 1957 4357 θυμῷ,

630 4369 748 4427 ἀλλ’
776 4369 933 4425 αὐτοῦ
964 4365 1188 4442 μίμναζε
1212 4364 1492 4446 παρέστιος
1519 4363 1653 4433 ἐξέτι
1674 4369 1890 4437 τυτθοῧ,

632 4454 858 4534 σκύμνος
884 4454 1143 4526 ἅεξηθεὶς,
1168 4454 1339 4533 ὀλίγον
1371 4454 1584 4535 βρέφος,
1612 4454 1764 4525 ἤθεσι
1783 4453 1968 4519 παιδὸς

511 4566 589 4605 ⁴⁶5
630 4544 923 4627 σύντροφος·
955 4542 1071 4602 ἀλλ’
1101 4541 1176 4603 80²
1202 4539 1376 4602 ἵκοντο
1398 4544 1542 4609 τέλος
1568 4541 1841 4621 γυιαλκέος
1867 4541 2028 4615 ἥὸης,

630 4633 719 4691 καί
750 4633 793 4715 ῥ’
822 4636 850 4691 ὁ
875 4629 971 4710 μὲν
998 4631 1216 4703 ἧῑθέοισι
1244 4630 1589 4711 μετέπρεπεν,
1620 4629 1787 4712 αὐτὰρ
1816 4634 1845 4687 ὁ
1871 4629 2046 4711 πόντῳ

632 4720 896 4787 ὠκύτατος
922 4719 1095 4797 δελφὶς
1118 4719 1307 4801 ἑτέρων
1330 4717 1744 4801 προφερέστατος
1769 4708 1879 4790 ἦεν,

634 4810 697 4883 δή
720 4814 785 4889 ῥα
808 4808 914 4867 τότ’
934 4806 1195 4886 ἔκπαγλόν
1214 4831 1273 4866 τε
1292 4808 1383 4865 καὶ
1406 4809 1464 4865 οὗ
1489 4806 1651 4888 φατὸν
1672 4806 1777 4864 οὐδ’
1796 4804 2078 4864 ἐπίελπτον

635 4896 830 4974 θάμὸος
855 4894 943 4967 ἔην
972 4894 1177 4962 ξείνοισι
1206 4894 1297 4953 καὶ
1320 4892 1620 4972 ἐνναέτῃσιν
1647 4893 1860 4951 ἰδέσθαι·

520 5006 595 5045 wo
635 4983 857 5051 πολλοὺς
882 4985 929 5042 δ’
954 4981 1121 5063 ὤρορε
1148 4987 1313 5063 φῆμις
1336 4984 1460 5041 ἰδεῖν
1488 4981 1647 5047 σε’ὅας
1674 4980 1994 5060 ὁρμηθέντας·

634 5072 806 5143 ἠΐθεον
836 5072 1031 5153 δελφῖνι
1060 5070 1424 5141 συνηὸώοντας
1452 5069 1698 5149 ἑταίρους·

634 5158 827 5218 πολλαὶ
856 5158 899 5216 δ’
924 5157 1111 5229 ἠϊόνων
1141 5156 1327 5237 ἀγοραὶ
1348 5156 1511 5222 πέλας
1537 5147 1683 5234 ἦμαρ
1707 5157 1787 5213 ἐπ’
1812 5147 1960 5234 ἦμαρ

2179 492 2262 559 qui
2284 491 2446 544 (le-ind
2453 493 2600 542 usti-ta
2621 491 2860 556 delphinis
2877 494 3278 546 machinatus-est
3293 497 3536 548 interitum.

2179 579 2333 642 AEque
2351 579 2481 628 enim
2503 579 2862 628 cum-humanis
2881 578 3142 629 abhorrent
3157 580 3368 632 caedibus

2181 661 2248 712 dii
2269 665 2560 713 marinorum
2575 664 2816 714 exitialem
2837 677 3005 714 necem
3025 665 3234 728 ducum;

2179 752 2358 802 similes
2377 753 2507 802 enim
2529 756 2660 803 sunt
2689 753 2967 803 hominibus
2986 755 3296 818 cogitationes
3317 760 3367 806 et
3383 759 3586 807 ministris
3714 819 3715 826 γ

2179 839 2316 888 Jovis
2333 841 2782 903 in·mari·sonantis;
2811 841 3037 902 quocirca
3059 842 3203 890 etiam
3231 856 3392 892 amore
3413 847 3576 906 generis
3599 847 3658 892 sui
3714 859 3715 884 ι

2181 929 2402 986 utuntur,
2427 925 2566 974 valde
2589 929 2750 974 eutem
2767 929 2884 976 sunt
2895 925 3139 988 conjuncti
3155 929 3452 978 sibi-mutuo.

2179 1013 2287 1059 Jam
2305 1012 2434 1060 enim
2457 1011 2708 1075 delphines
2733 1013 2875 1063 mites
2899 1013 3177 1064 hominibus
3195 1015 3384 1077 qualem

2179 1103 2424 1161 capturam
2445 1098 2629 1148 facilem
2649 1099 2698 1149 in
2718 1100 2873 1162 pisces
2897 1101 3142 1150 instruunt

2179 1183 2334 1233 insula
2353 1184 2400 1234 in
2421 1185 2604 1234 Euboea
2623 1185 2671 1234 in
2697 1185 2922 1236 fluctibus
2944 1188 3146 1249 AEgaeisl

2179 1272 2304 1320 Cum
2329 1271 2458 1320 enim
2476 1273 2765 1335 vespertinae
2781 1273 3062 1336 piscationis
3079 1274 3240 1324 labore
3263 1279 3544 1338 occupantur

2178 1358 2440 1421 piscatores
2455 1395 2470 1420 ,
2495 1359 2708 1423 piscibus
2733 1362 2853 1424 ignis
2872 1362 3078 1412 serentes
3095 1361 3543 1422 terriculamentum,

2177 1445 2413 1508 lampadis
2431 1459 2580 1496 aeneae
2607 1448 2742 1496 velox
2765 1448 2958 1510 lumen;
2983 1453 3098 1499 tnnc
3117 1453 3362 1499 sectantur
3378 1463 3456 1499 eos

2177 1530 2448 1594 delphines,
2467 1533 3062 1598 ausoniam-piscationem
3083 1536 3359 1588 testinantes
3375 1539 3658 1600 perniciosam.
3714 1519 3715 1576 ᾗ

2178 1619 2248 1669 lbi
2271 1620 2466 1680 quidem
2490 1622 2751 1670 trementes
2776 1621 3013 1672 recessim
3031 1622 3276 1672 declinant

2179 1706 2334 1767 pisces
2345 1744 2360 1769 ,
2379 1709 2429 1757 at
2447 1709 2662 1758 exterius
2682 1709 2916 1758 irruentes
2933 1709 3228 1770 coniunctim

2176 1797 2424 1860 delphines
2445 1800 2608 1862 fugant
2626 1813 2707 1850 eos
2727 1803 2778 1850 et
2797 1799 3046 1863 cupientes
3063 1799 3125 1850 ad
3147 1801 3432 1864 profundum

2177 1886 2296 1935 verti
2319 1885 2382 1936 ad
2405 1891 2581 1936 terrani
2605 1889 3098 1953 exosam'impellunt,
3260 1885 3266 1892 ’

2175 1973 2344 2024 crebro
2363 1975 2650 2038 insilientes,
2675 1977 2811 2028 velut
2831 1978 2950 2026 viris
2975 1978 3282 2028 venatoribus

2175 2063 2326 2115 seram
2344 2079 2490 2115 canes
2512 2067 2745 2128 agitantes
2763 2067 2958 2118 alternis
2981 2068 3250 2117 latratibus.

2175 2155 2276 2202 Hos
2299 2166 2416 2202 vero
2439 2168 2586 2217 prope
2605 2154 2666 2203 ud
2689 2157 2866 2204 terram
2891 2157 3170 2218 perterritos
3189 2156 3446 2217 piscatores

2175 2240 2309 2290 facile
2329 2242 2571 2304 configunt
2589 2248 2731 2293 acuto
2756 2243 2989 2306 tridente;

2175 2328 2251 2377 his
2267 2331 2430 2378 autem
2455 2331 2728 2380 interclusae
2748 2335 2876 2382 sunt
2901 2333 2994 2382 viae
3007 2368 3023 2394 ,
3043 2332 3223 2382 saliunt
3245 2335 3402 2381 autem
3421 2333 3463 2380 in
3487 2333 3595 2380 niari

2173 2421 2226 2467 et
2245 2417 2438 2480 rib-igne
2459 2425 2510 2469 et
2532 2419 2822 2483 a·delphinis
2839 2420 3038 2483 impulsi
3060 2421 3267 2482 regibus.

2173 2507 2265 2557 Sed
2289 2513 2546 2572 postquam
2571 2509 2848 2572 piscationis
2872 2509 3027 2560 felicis
3046 2523 3170 2572 opus
3193 2509 3566 2566 consectum-est,

2173 2595 2291 2645 tunc
2307 2609 2424 2646 sane
2445 2596 2643 2660 exigunt
2661 2611 2812 2662 prope
2836 2597 3118 2648 accedentes

2171 2684 2444 2734 mercedem
2465 2687 2733 2746 societatis,
2751 2687 3028 2750 piscationis
3049 2687 3254 2736 divisam
3275 2687 3552 2750 portionem

2172 2772 2313 2822 atilli
2329 2786 2428 2822 non
2449 2774 2694 2836 abnuunt,
2717 2775 2804 2825 sed
2827 2775 3045 2839 proebeut
3061 2775 3427 2838 bonas-capturae
3446 2781 3606 2838 partem
3714 2799 3715 2822 ι

2174 2860 2406 2925 libenter;
2431 2863 2472 2911 si
2491 2863 2620 2912 enim
2639 2863 2748 2927 quis
2767 2863 2916 2928 impie
2938 2863 3128 2912 violarit
3146 2876 3256 2921 eos,
3714 2916 3715 2933 γ

2173 2951 2498 3014 non-amplius
2513 2951 2606 3015 ipsi
2630 2952 2886 3016 delphines
2904 2952 3216 3003 auxiliatores
3233 2958 3345 3002 sunt
3367 2952 3424 3001 ad
3441 2955 3666 3015 capturam.

2233 3042 2297 3089 Et
2317 3038 2514 3103 quidem
2533 3038 2708 3102 aliquis
2725 3039 2883 3089 Lesbii
2907 3040 3160 3103 antiquum
3179 3054 3343 3091 casum
3363 3041 3558 3091 cantoris
3714 3022 3715 3045 ¹

2170 3127 2384 3189 audivit,
2410 3128 2654 3191 quomodo
2675 3128 2892 3191 delphini
2910 3134 3080 3179 vectus
3105 3134 3238 3192 tergo

2170 3217 2370 3267 fluctum
2389 3218 2584 3279 nigrum
2597 3218 2834 3280 trajecerit
2861 3218 3033 3267 sedens
3045 3255 3061 3279 ,
3085 3218 3332 3268 interritus
3348 3201 3610 3281 iri-pectore,

2171 3318 2375 3367 canens,
2398 3307 2448 3354 et
2465 3318 2628 3356 necem
2653 3306 2994 3369 subterfugerit
3014 3308 3275 3367 latronum,

2171 3394 2538 3457 Taenariumque
2561 3394 2890 3457 propinquat-it
2908 3394 2970 3443 ud
2989 3394 3150 3444 littora
3171 3398 3426 3445 Laconum.

2170 3486 2233 3532 Et
2249 3483 2506 3545 aliquando
2527 3484 2638 3546 quis
2656 3483 2821 3546 Libyci
2845 3483 2984 3546 pueri
3001 3496 3215 3533 amorem
3233 3486 3446 3547 cognovit
3469 3484 3616 3539 sanilo,

2169 3585 2314 3635 quem
2338 3572 2584 3635 quondam
2606 3578 2882 3635 pascentem
2903 3573 3085 3622 amavit
3105 3572 3260 3621 calido
3281 3585 3440 3621 amore

2168 3660 2364 3723 delphin
2377 3696 2392 3721 ,
2411 3662 2461 3709 et
2477 3660 2670 3710 collusit
2686 3663 2733 3709 ei
2753 3661 2892 3723 juxta
2915 3660 3102 3722 littora,
3119 3665 3171 3711 et
3193 3674 3364 3710 sonora

2168 3748 2434 3799 delectatus
2457 3749 2617 3799 fistula
2635 3749 2860 3813 cupiebat
2881 3749 3153 3813 pecudibus
3171 3750 3290 3813 ipsis

2169 3837 2355 3887 misceri
2375 3849 2599 3901 mareque
2619 3837 2886 3901 relinquere
2907 3843 2957 3888 et
2975 3836 3038 3887 ad
3061 3838 3234 3887 silvam
3257 3838 3432 3888 venire.

2168 3926 2260 3977 Sed
2281 3939 2344 3975 ne
2361 3926 2556 3989 quidem
2573 3926 2891 3975 adolescentis
2909 3940 3122 3976 amorem
3143 3927 3366 3977 universa
3383 3926 3604 3977 oblita—isi

2169 4015 2316 4067 AEolis
2329 4052 2346 4077 ,
2371 4014 2701 4077 (nequaquam
2724 4010 2840 4064 olim
2854 4052 2869 4077 ,
2889 4015 2976 4065 sed
2994 4021 3158 4065 nostra
3179 4019 3323 4065 aetate
3337 4016 3354 4077 )
3367 4050 3382 4075 ‚

2167 4103 2366 4167 delphin
2385 4102 2712 4166 utaliquando
2733 4116 2938 4167 puerum
2959 4104 3130 4153 amarit
3151 4103 3426 4154 insulanum

2168 4192 2374 4242 insulam
2396 4194 2558 4241 autem
2580 4192 2818 4241 incolebat
2845 4205 3130 4255 semperque
3165 4192 3360 4243 tenebat
3387 4192 3587 4241 navalem
3609 4202 3692 4253 por·
3714 4212 3715 4215 =

2169 4280 2293 4344 tum]
2319 4285 2548 4343 tanquam
2601 4280 2753 4341 civis,
2793 4280 3006 4329 sodalem
3035 4294 3151 4331 vero
3177 4280 3440 4344 relinquere
3481 4277 3692 4329 recusabat
3714 4288 3715 4311 ³

2167 4369 2376 4433 animo,]
2399 4368 2486 4419 sed
2508 4369 2662 4433 ipsius
2685 4369 2908 4418 manebat
2923 4368 3172 4418 convictor
3195 4369 3474 4433 inde-nsque
3505 4378 3690 4430 a-parw‘,

2167 4458 2354 4507 catulus
2375 4458 2596 4517 adultus,
2618 4470 2794 4520 parvus
2811 4456 2992 4517 iurans,
3017 4457 3232 4508 moribus
3251 4459 3388 4521 pueri

2166 4546 2465 4597 assuefactus
2477 4563 2493 4607 ;
2508 4550 2559 4595 at
2573 4548 2828 4609 postquam
2843 4542 3105 4607 attigerunt
3117 4546 3263 4597 tinem
3277 4546 3490 4597 robustae
3503 4546 3689 4608 puberta-
3713 4554 3715 4565 ¹

2169 4634 2271 4697 tis,]
2289 4637 2339 4685 et
2360 4635 2438 4684 hic
2455 4634 2652 4697 quidem
2670 4635 2794 4684 inter
2827 4634 3154 4685 adolescentes
3179 4636 3456 4695 excellebat,
3476 4634 3554 4684 sed
3576 4634 3639 4681 illc.¹
3654 4632 3688 4675 in

2166 4721 2322 4787 wari]
2345 4722 2624 4772 celerrimus
2644 4722 2838 4785 delphin
2857 4722 2964 4771 aliis
2984 4723 3287 4786 praestantior
3305 4725 3431 4784 erat,

2166 4818 2285 4862 tunc
2306 4825 2420 4862 sane
2437 4810 2726 4874 stupendum
2749 4816 2798 4861 et
2820 4809 3060 4861 ineffabile
3078 4814 3128 4861 et
3145 4812 3438 4875 insperatum

2169 4901 2450 4949 miraculum
2473 4906 2576 4949 erat
2594 4899 2852 4961 peregrinis
2870 4904 2920 4948 et
2939 4899 3103 4949 incolis
3123 4900 3262 4962 visu3

2167 4989 2345 5039 multos
2365 4992 2530 5037 autem
2555 4988 2792 5037 excitabat
2811 4987 2936 5037 sama
2953 4987 3296 5039 rid-videndam
3316 4990 3537 5053 pietatem
3556 4982 3691 5046 impul·

2165 5074 2290 5138 soS,]
2316 5076 2664 5125 adolescentem
2683 5076 3039 5139 cum-delphine
3063 5077 3490 5140 una-pubescentes
3509 5074 3689 5125 sodales

2167 5164 2334 5213 multae
2360 5178 2474 5215 vero
2495 5176 2643 5227 prope
2664 5164 2824 5213 littora
2845 5168 3048 5215 catervae
3065 5164 3114 5213 in
3137 5164 3242 5217 dies
3259 5164 3469 5229 singulos
