3767 5825
500 389 535 436 4
1375 379 1569 440 omn
1612 379 1872 440 ΣΤΙΧΟΙ
1915 377 2102 440 ΠΕΡΙ
2140 377 2344 440 ΖΩΩΝ
2387 375 2808 438 ΙΔῙΟΤΗΤΟΣ.

1041 540 1221 600 ΠΕΡΙ
1264 541 1538 602 ΑΕΤΩΝ.

522 691 576 730 ω
616 673 751 738 Τοὺς
776 673 985 746 ἀετοὺς,
1016 673 1289 755 κράτιστε,
1314 675 1433 745 τοὺς
1465 676 1809 760 ὕψιδρόμους,

596 763 775 836 ,ποτοῦ
800 763 1006 840 θεωρῶν
1049 757 1277 843 ’ἀκριὸῶς
1300 766 1637 847 ὑπερτέρους,

616 845 821 916 τέθηπα
842 843 931 903 τὸν
953 843 1205 902 κτίσαντα
1236 841 1330 912 τὴν
1358 841 1552 900 τούτων
1576 841 1747 923 φύσιν.

614 931 811 1010 Ἐχρῆν
832 930 936 1013 γὰρ
966 928 1150 997 αὐτοὺς
1178 933 1247 998 ὡς
1274 928 1580 1011 κρατίστους
1609 929 1838 1009 ὀρνίθων,

518 1020 584 1100 (s)
608 1023 788 1079 παθῶν
818 1023 1065 1102 ἐπαχθῶν
1094 1023 1363 1100 εὑρεθῆναι
1384 1017 1696 1100 κρείττονας.

518 1130 569 1168 55
614 1105 763 1179 Πλὴν
792 1106 1065 1187 ὀξυδερκής
1094 1109 1230 1166 ἐστιν
1254 1109 1283 1166 ὁ
1314 1105 1711 1186 πτηνοκρᾶτωρ,

610 1197 702 1254 καὶ
726 1195 883 1275 μέχρι
906 1197 1063 1268 σητὸς
1078 1242 1093 1269 ,
1119 1197 1179 1254 ἐκ
1206 1199 1372 1276 νεφῶν
1392 1195 1566 1256 πάντα
1597 1194 1795 1274 βλέπει.

610 1283 813 1344 Τούτου
846 1283 901 1344 δὲ
928 1285 1019 1343 καὶ
1031 1283 1118 1342 τὸν
1150 1287 1314 1366 ῥοῖζον
1340 1282 1566 1352 ἀκούσας
1592 1284 1799 1365 δράκων

611 1371 797 1443 ἔπτηξε
826 1378 1159 1454 παραχρῆμα
1176 1418 1193 1445 ,
1222 1373 1311 1432 καὶ
1336 1373 1657 1446 συνεστάλη,

493 1461 580 1538 (ιο)
621 1459 715 1517 καὶ
743 1459 860 1527 τοὺς
881 1459 1079 1540 μυχοὺς
1104 1461 1299 1532 ὑπῆλθε
1323 1460 1439 1528 τοὺς
1458 1461 1815 1543 ἀποκρύφους,

520 1569 573 1607 so
616 1549 691 1626 μὴ
718 1553 903 1607 θᾶττον
933 1547 1087 1607 αὐτὸν
1120 1547 1397 1608 συλλαὸὼν
1422 1549 1709 1629 διατι-πάσῃ.

604 1637 763 1718 Θηρᾷ
791 1634 845 1695 δὲ
871 1636 962 1697 καὶ
986 1636 1072 1695 τὸν
1095 1641 1263 1717 χῆνα,
1290 1637 1382 1696 καὶ
1409 1637 1506 1710 τὴν
1530 1638 1759 1720 δορκάδα

610 1725 701 1782 καὶ
728 1724 817 1784 τὸν
839 1723 1064 1803 λαγωὸν,
1095 1725 1185 1784 καὶ
1211 1725 1271 1784 τὸ
1298 1729 1401 1784 τῶν
1424 1725 1629 1808 ταύρων
1651 1724 1813 1806 γίνος.

608 1811 710 1880 ⁶0<
735 1810 852 1879 τοὺς
874 1810 1109 1880 νεοττοὺς
1130 1813 1283 1881 ὄντας
1310 1816 1545 1886 ἀπτῆνας
1570 1814 1699 1883 τέως

492 1900 581 1976 (15)
611 1899 697 1957 ἐπὶ
724 1897 871 1972 ξένην
894 1901 1121 1980 βάσανον
1130 1899 1213 1968 ib<
1242 1901 1416 1969 νόθους
1444 1899 1604 1980 ἄγων,

515 2005 569 2044 ss
619 1987 758 2046 ποιεῖ
783 1987 1035 2060 δικαστὴν
1061 1988 1351 2071 πρακτικὸν
1376 1991 1464 2049 τὸν
1480 1989 1771 2073 φωσφόρον.

608 2073 676 2136 Ὁ
703 2073 797 2152 μὲν
822 2074 926 2157 γὰρ
957 2079 1115 2136 αὐτοῦ
1138 2079 1251 2146 ταῖς
1276 2079 1454 2158 βολαῖς
1476 2079 1800 2138 ἀντιὸλὲπων

608 2167 710 2223 τῶν
738 2163 997 2245 φιλτάτων
1032 2157 1102 2232 εἷς
1124 2166 1262 2240 ἐστι,
1286 2165 1375 2225 καὶ
1401 2170 1503 2226 τῶν
1527 2169 1795 2248 ἐκκρίτων,

608 2252 777 2334 ὀφθεὶς
803 2252 1028 2335 καθαρὸς
1056 2255 1327 2334 δυσγενοῦς
1345 2255 1589 2330 ὑποψίας.

491 2347 581 2424 (2⁰)
612 2343 684 2407 Ὅ
716 2343 771 2405 δὲ
798 2346 925 2426 πρὸς
953 2346 1106 2405 αὐτὸν
1142 2347 1538 2428 σκαρδαμύξας,
1568 2347 1753 2417 εὐθέως

515 2451 571 2492 '70
604 2432 881 2514 ἀλλοτρίου
905 2432 1201 2516 σπέρματος
1222 2433 1400 2514 εὑρέθη
1428 2435 1605 2504 τόκος,

604 2520 696 2580 καὶ
720 2525 811 2594 τῆς
837 2524 1023 2590 καλιᾶς
1046 2523 1313 2602 δυστυχῶς
1338 2523 1612 2603 ἀπεκρίθη.

606 2599 763 2671 Εἶναι
794 2610 852 2669 δί
876 2633 977 2669 που
1002 2609 1145 2690 λέγει
1172 2635 1247 2678 τις
1278 2614 1433 2669 ἀετοῦ
1456 2609 1601 2690 γένος

608 2701 773 2779 κρεῶν
804 2697 1051 2781 ἀφεστὸς,
1068 2697 1161 2758 καὶ
1188 2696 1488 2776 σιτούμενον
1513 2697 1690 2780 χλόης.

488 2787 580 2864 (2⁸)
606 2785 791 2868 Θήρας
820 2809 879 2865 γε
903 2785 1007 2865 μὴν
1034 2789 1222 2854 ἐκεῖνος
1249 2790 1277 2845 ὁ
1300 2785 1587 2868 κρεωὸόρος

512 2891 564 2936 75
604 2875 699 2934 οὐκ
723 2871 785 2935 ἂν
826 2873 957 2944 ὅλως
986 2874 1177 2958 ἅψαιτο
1203 2879 1296 2949 τῆς
1318 2875 1625 2958 ἀλλοτρίας.’

612 2962 709 3024 Ἐν
733 2962 963 3043 ἄσθματι
992 2964 1047 3023 δὲ
1076 2970 1293 3047 φυσικῆς
1321 2964 1631 3042 δυσοδμίας,

608 3049 675 3110 τὰ
701 3054 794 3123 τῆς
814 3056 1005 3135 τροφῆς
1020 3052 1245 3134 λείψανα
1263 3056 1439 3133 τηρῶν
1464 3056 1535 3121 ὣς
1562 3054 1716 3128 λέων,

604 3138 797 3207 παντὸς
815 3145 1050 3201 πετεινοῦ
1080 3142 1363 3219 δυσμενοῦς
1391 3140 1549 3221 εἴργει
1568 3141 1781 3223 θράσος,

488 3228 578 3307 (30)
600 3230 671 3294 ὣς
693 3225 757 3285 ἂν
784 3224 866 3287 ἐπ’
895 3226 1030 3287 αὐτὰ
1052 3230 1323 3309 δυστυχῶν
1343 3228 1671 3313 ὕποστρέφοι.

508 3336 563 3375 so
604 3311 807 3393 Πτερδν
832 3310 887 3372 δὲ
908 3321 1014 3373 πᾶν
1030 3314 1257 3397 ἔφθειρεν
1287 3320 1321 3387 ἡ
1344 3314 1525 3376 τούτου
1552 3315 1770 3399 πτέρυξ,

604 3401 665 3461 ἂν
688 3400 715 3459 ὃ
735 3400 1006 3482 πτερωτὴς
1029 3408 1132 3463 τῶν
1164 3406 1329 3483 βελῶν
1343 3409 1432 3463 τοῦ
1456 3404 1663 3473 τοξότου

602 3492 861 3549 λαθοῢσαν
887 3491 1051 3562 αὐτὴν
1080 3492 1151 3558 εἷς
1176 3492 1436 3574 φαρέτραν
1461 3492 1688 3573 ἐμὸἄλῃ.

604 3575 831 3650 Τούτου,
870 3580 1085 3657 βασιλεῦ
1102 3624 1119 3653 ,
1138 3578 1228 3639 τὸν
1250 3579 1413 3639 πολὺν
1436 3578 1583 3649 ζώοις
1599 3581 1727 3661 βίον,

488 3666 578 3745 (οι)
608 3664 689 3723 ἀεὶ
708 3669 961 3751 νεουργῶν
990 3666 1079 3727 καὶ
1102 3666 1369 3751 κρατύνων
1396 3666 1676 3751 τὴνφύσιν.

999 3940 1185 4001 ΠΕΡΙ
1227 3941 1549 4005 ΓΡΥῙῘΟΣ.

510 4104 563 4146 ss
604 4085 751 4166 Γρὺψ
778 4088 806 4145 ὁ
838 4086 1125 4167 πτερωτὸς,
1148 4088 1239 4149 καὶ
1264 4088 1451 4163 πολὺς,
1476 4088 1569 4149 καὶ
1596 4089 1880 4172 τετράπους

603 4173 794 4254 ὄνυχας
820 4174 947 4244 ὀξεῖς
966 4180 1072 4235 τῶν
1093 4178 1266 4237 ποδῶν
1290 4176 1567 4262 ὕπεκφύει,

607 4263 698 4323 καὶ
726 4270 1017 4345 πορφυροῦς
1052 4264 1147 4342 μέν
1171 4266 1280 4326 ἐστι
1298 4267 1402 4335 τοῖς
1422 4266 1779 4349 ἐμπροσθίοις,

604 4350 671 4410 τὰ
700 4351 745 4409 δ’
780 4352 917 4411 ἄλλα
940 4354 1147 4428 λευκὸς,
1170 4353 1265 4427 τήν
1292 4378 1350 4432 γε
1374 4354 1478 4433 μὴν
1502 4354 1654 4437 δέρην
1683 4357 1861 4434 μέλας·

488 4442 552 4521 (s)
611 4439 704 4498 καὶ
734 4446 841 4520 π’ῦρ
864 4440 1001 4522 χέων
1032 4441 1272 4523 ἄντικρυς
1294 4446 1353 4502 ἐκ
1379 4447 1481 4503 τῶν
1512 4445 1782 4523 ὀμμάτων.

516 4550 573 4589 oo
613 4518 695 4589 Οὗ
719 4527 813 4600 τὴν
834 4528 1086 4611 κεφαλὴν,
1120 4533 1355 4611 βασιλεῦ,
1397 4530 1487 4590 καὶ
1514 4532 1574 4593 τὸ
1597 4532 1769 4613 στόμα

606 4615 703 4675 κᾶν
723 4617 979 4697 μακρόθεν
1006 4617 1173 4700 βλέπῃ
1201 4643 1305 4694 τις,
1335 4618 1481 4687 ἀετός
1506 4618 1663 4699 λέγει.

606 4706 946 4785 [Ἀσπάζεται
972 4704 1068 4787 μὲν
1090 4707 1207 4776 τοὺς
1235 4708 1515 4791 ἐρημαίους
1536 4708 1751 4785 τόπους,

608 4793 798 4862 δεινοὺς
812 4796 938 4855 ἰδεῖν
960 4820 1017 4856 τε
1036 4797 1126 4857 καὶ
1156 4799 1368 4879 τραχεῖς
1403 4798 1531 4880 ὑπὲρ
1555 4798 1734 4881 φύσιν·

491 4886 579 4961 (ιο)
612 4874 672 4941 οὗ
700 4884 791 4942 καὶ
817 4892 1015 4966 χρυσοῦ
1040 4885 1298 4964 μέταλλον
1325 4892 1357 4959 ἡ
1381 4893 1447 4967 γῆ
1465 4888 1667 4971 ἐκφύει,

512 4992 565 5031 ss
608 4970 660 5040 ἐξ
682 4963 742 5032 οὗ
768 4976 937 5055 ἐαυτῷ
960 4973 1051 5034 καὶ
1078 4974 1264 5044 καλιὰς
1292 4974 1512 5037 ἐντύνειν

607 5063 660 5120 ἐν
688 5061 957 5134 ἠλιὸἄτοις
982 5067 1087 5123 τῶν
1114 5066 1246 5147 ὀρῶν
1276 5064 1320 5124 θ’
1351 5065 1672 5147 ὑπερτάτως.

611 5152 708 5234 Τῷ
734 5150 827 5211 καὶ
851 5150 1033 5213 λαὸεἶν
1060 5151 1256 5214 τέλειον
1286 5154 1382 5213 οὐκ
1412 5154 1523 5214 ἔστι
1550 5152 1755 5239 γρύπα,

2493 503 2550 609 ἰ.
2591 499 2704 608 ne
2734 545 3068 620 AQmms.

2137 689 2332 754 Aquites
2343 727 2358 754 ,
2374 689 2712 740 potentissime
2730 726 2747 753 ,
2767 689 3073 740 altivolantoe

2137 779 2308 830 videns
2327 781 2470 842 potus
2485 779 2760 844 planiffiime
2785 777 3154 841 contemptrices
3170 812 3187 839 ,

2141 847 2350 898 admiror
2367 847 2504 898 illum
2527 850 2612 911 qui
2628 847 2840 898 condidit
2863 849 3032 898 harum
3049 853 3288 898 naturum.

2143 937 2408 999 Oportebat
2425 937 2555 988 euim
2577 949 2685 1000 eas,
2711 939 2764 986 ut
2783 937 3106 988 validissimas
3123 937 3288 987 avium
3303 973 3318 1000 ,

2141 1023 2384 1076 doloribus
2403 1025 2620 1078 molestis
2637 1025 2838 1076 inveniri
2861 1026 3146 1090 superiores.

2143 1115 2380 1164 Praetere-
2402 1115 2498 1164 acri
2517 1114 2624 1166 visu
2649 1113 2878 1178 proeditus
2895 1120 2971 1167 est
2987 1128 3074 1166 rex
3093 1115 3261 1166 alitum
3273 1151 3290 1176 ,

2142 1203 2193 1252 et
2207 1201 2336 1252 tinea
2360 1215 2454 1253 non
2471 1207 2670 1268 excepta
2683 1239 2698 1266 ,
2722 1218 2750 1255 e
2771 1203 2982 1256 nubibus
2997 1205 3158 1254 omnia
3179 1204 3324 1254 videt.

2141 1290 2257 1352 Ejus
2279 1303 2395 1342 vero
2413 1291 2630 1354 clangore
2651 1295 2838 1342 tantum
2857 1293 3026 1344 audito
3044 1293 3186 1344 draco

2141 1380 2304 1429 statim
2325 1379 2586 1442 horrescit,
2604 1383 2652 1432 et
2673 1381 2874 1444 refugit,

2141 1469 2190 1518 et
2212 1467 2416 1518 latebras
2433 1469 2566 1519 subit
2578 1469 2890 1521 absconditas
2905 1507 2923 1534 ‚

2139 1569 2200 1606 ne
2221 1556 2358 1606 ocius
2378 1561 2572 1620 captum
2595 1571 2649 1608 se
2672 1557 2914 1610 dilaceret.

2138 1646 2351 1695 venatur
2371 1658 2487 1696 vero
2507 1647 2652 1696 etiam
2669 1660 2886 1698 anserem
2898 1683 2916 1709 ,
2937 1653 2987 1698 et
3003 1659 3248 1712 capream,

2139 1737 2188 1782 et
2209 1733 2447 1797 leporem,
2472 1737 2522 1786 et
2547 1739 2792 1786 taurorum
2811 1747 2980 1798 genus.

2140 1822 2234 1879 Qui
2256 1821 2434 1885 pullos,
2453 1823 2569 1874 dum
2592 1823 2850 1887 implumes
2871 1825 3001 1878 sunt.

2139 1908 2200 1958 ad
2225 1923 2400 1960 novam
2424 1911 2676 1962 obrussam
2693 1948 2710 1973 ,
2735 1912 2872 1976 quusi
2893 1912 3094 1972 nothos,
3113 1911 3246 1962 ducit

2137 2000 2188 2047 et
2203 1997 2532 2062 facltjudicem
2557 1999 2782 2050 idoneum
2797 2000 3066 2053 Luciferum
3093 1999 3301 2062 (solem).

2139 2087 2187 2136 ls
2207 2087 2335 2136 enim
2353 2087 2440 2152 qui
2459 2088 2602 2152 huius
2620 2089 2781 2140 radios
2803 2103 2865 2140 ex
2887 2089 3090 2140 adverso
3107 2088 3332 2152 adspicit,

2138 2175 2492 2225 carissimorum
2517 2191 2642 2226 uuus
2663 2183 2765 2238 est,
2790 2180 2840 2228 et
2857 2177 3169 2238 selectorum,

2138 2262 2272 2312 visus
2288 2277 2436 2326 purus
2453 2279 2482 2314 a
2501 2265 2770 2328 suspicione
2787 2265 3042 2316 adulterini
3057 2265 3258 2330 generis.

2139 2355 2187 2401 Is
2208 2356 2368 2401 autem
2393 2353 2474 2414 qui
2498 2353 2728 2404 adversus
2747 2355 2881 2404 illum
2903 2355 3142 2416 connivet,
3165 2353 3326 2405 statim

2139 2438 2282 2489 alieni
2297 2440 2498 2490 seminis
2523 2441 2764 2492 invenitur
2787 2443 2972 2506 proles,

2139 2532 2186 2576 et
2211 2540 2271 2578 ex
2290 2526 2404 2576 nido
2431 2529 2604 2579 misere
2625 2527 2876 2592 relegatur.

2139 2615 2256 2663 Esse
2275 2618 2436 2664 autem
2457 2614 2641 2678 uspiam
2655 2651 2671 2677 ,
2689 2615 2756 2665 sit
2779 2616 2974 2680 quidam
2987 2652 3002 2678 ,
3021 2616 3196 2680 aquilae
3218 2629 3364 2682 genus

2137 2713 2278 2752 carue
2294 2701 2539 2752 abstinens
2551 2739 2566 2766 ,
2585 2717 2643 2754 ac
2661 2716 2712 2754 se
2731 2705 2949 2756 nutriens
2971 2706 3200 2768 gramine.

2138 2793 2200 2840 At
2219 2789 2299 2840 illa
2317 2790 2512 2854 quidem
2534 2791 2780 2842 carnivora
2795 2799 2990 2856 pastum

2137 2877 2329 2929 omnlno
2345 2893 2440 2929 non
2461 2880 2663 2943 tetigerit
2683 2882 2910 2933 alienum.

2138 2968 2192 3015 ln
2213 2966 2424 3017 anhelitu
2449 2967 2676 3017 naturalis
2699 2969 2880 3019 t'oetoris

2139 3050 2350 3104 alimenti
2373 3055 2594 3118 reliquias
2612 3068 2838 3117 servans,
2862 3056 2933 3107 uti
2953 3056 3056 3117 leo,

2137 3142 2352 3203 cujusvis
2375 3143 2478 3192 avis
2503 3142 2687 3193 insestoe
2707 3144 2958 3209 propulsat
2976 3143 3252 3207 audaciam,

2137 3230 2193 3278 ut
2216 3228 2276 3279 ad
2295 3232 2422 3293 ipsas
2441 3231 2732 3281 infortunata
2751 3238 3030 3281 revertatur.

2137 3316 2323 3365 Pennas
2346 3327 2460 3366 vero
2481 3328 2652 3379 omnes
2669 3318 2912 3368 consumit
2935 3318 3080 3379 hujus
3101 3331 3283 3381 penna,

2136 3402 2176 3451 si
2200 3403 2358 3467 opifex
2375 3404 2458 3467 qui
2481 3406 2648 3467 pennis
2677 3406 2870 3455 iustruit
2887 3406 2984 3457 tela
3006 3405 3262 3467 sagittarii,

2136 3492 2372 3541 occultam
2402 3493 2552 3556 ipsam
2587 3494 2634 3543 in
2659 3496 2928 3558 pharetram
2951 3494 3177 3558 iniecerit.

2137 3578 2318 3643 Huius,
2343 3594 2452 3643 rex,
2471 3581 2657 3643 longam
2681 3582 2818 3632 vivas
2836 3581 2986 3633 vitam
3001 3618 3016 3643 ,

2137 3681 2326 3733 semper
2347 3682 2582 3721 renovans
2607 3676 2657 3721 et
2674 3670 2963 3721 confirmans
2979 3673 3216 3721 naturam.

2631 3960 2686 4011 2.
2729 3952 2834 4013 DE
2874 3952 3210 4015 GBYPHO.

2139 4108 2364 4172 Gryphus
2380 4110 2563 4173 slatus,
2590 4113 2642 4163 et
2655 4126 2856 4177 magnus
2867 4150 2884 4177 ,
2910 4118 2960 4165 et
2976 4114 3248 4179 quadrupes

2139 4211 2321 4261 ungues
2337 4204 2506 4251 acutos
2528 4213 2556 4252 e
2573 4196 2774 4263 pedibus
2794 4206 3042 4266 procreat,

2135 4288 2187 4336 et
2203 4299 2472 4350 purpureus
2493 4286 2690 4352 quidem
2715 4286 2792 4341 est
2823 4290 2876 4341 in
2893 4290 3046 4341 antica
3067 4293 3204 4355 parte
3215 4324 3234 4354 ,

2138 4374 2320 4439 reliqua
2338 4380 2498 4427 autem
2515 4376 2774 4441 candidus,
2797 4380 2924 4431 collo
2947 4383 3108 4431 tamen
3130 4378 3290 4443 ulgeri

2137 4468 2187 4513 et
2199 4463 2352 4527 lgne-
2375 4464 2578 4517 lundens
2598 4466 2828 4518 adversus
2845 4479 2908 4519 ex
2923 4468 3093 4521 oculis.

2137 4551 2287 4614 cuius
2308 4556 2479 4617 ceput,
2501 4568 2584 4605 rex
2597 4592 2615 4619 ,
2633 4560 2752 4606 etos

2139 4640 2180 4689 si
2201 4640 2393 4703 quidem
2417 4643 2582 4705 procul
2601 4644 2714 4707 quis
2733 4646 2940 4709 spectet,
2953 4646 3166 4709 aquilam
3189 4650 3296 4697 esse
3308 4642 3436 4695 dicit.

2135 4726 2317 4791 [Diligit
2335 4726 2530 4793 quidem
2549 4731 2679 4783 locos
2693 4731 2928 4797 desertos,

2138 4815 2372 4868 terribiles
2387 4825 2584 4883 aspectu
2607 4824 2658 4871 et
2677 4834 2874 4885 asperos
2895 4836 3044 4887 supra
3062 4822 3260 4875 modum
3283 4836 3298 4873 t

2139 4904 2222 4954 ubi
2239 4909 2289 4955 et
2309 4906 2414 4956 auri
2434 4908 2680 4959 metallum
2698 4914 2822 4961 terra
2838 4910 3050 4974 emittit,

2142 5005 2206 5043 ex
2227 4983 2324 5057 quo
2348 4994 2507 5045 sibiet
2525 4994 2664 5047 nidos
2681 5002 2851 5061 parare
2865 4998 3068 5051 dicitur

2139 5080 2189 5132 iu
2211 5080 2474 5134 inaccessis
2498 5085 2836 5151 montiumque
2859 5070 3102 5139 summis(
3165 5140 3172 5151 ,

2141 5171 2301 5229 Quare
2321 5174 2372 5223 οι
2391 5184 2562 5239 capam
2577 5160 2800 5225 ιαιίιιιιιιι
2815 5188 2918 5227 non
2939 5174 3054 5228 ιιωι
3068 5174 3302 5243 gryphum
3315 5211 3332 5239 ,

3329 372 3402 449 (9·
3445 371 3624 450 ¹⁰-¹⁸·)
