3767 5825
229 559 276 614 εἰ
305 553 361 614 δὲ
389 550 765 625 Σεληναίης
797 553 1087 633 Πυρόεις
1124 553 1501 635 καθυπέρτερος
1519 551 1630 625 εἴη,

31 660 102 701 Ιοει
134 642 174 713 ἢ
205 643 296 718 ὅγε
324 642 412 709 δυς
437 641 525 699 ὑπ’
544 641 714 721 ἐκείνῃ
735 640 828 720 ἔῃ,
851 646 1129 721 συνοχῇσιν
1155 641 1354 713 ἔδησεν.

141 720 268 788 ευτε
288 728 343 787 δὲ
363 729 452 787 καὶ
481 732 538 789 Φ
554 753 589 786 α
606 728 656 786 ίν
672 752 754 786 ων
785 728 944 807 Μηνῃ
976 726 1319 808 ἐπιμάρτυρος
1337 727 1436 801 εἴη,

143 816 392 875 ὑστάτιον
423 816 664 873 θανάτοιο
685 815 774 893 βίῃ
803 791 950 882 τέλός
978 813 1294 883 έξανύουσιν.

236 902 391 983 ἔξοχα
412 904 457 962 δ’
483 894 608 963 αὖτε
632 908 829 963 σινοῦσι
861 904 1072 983 βροτους
1091 907 1326 983 πληγῇσι
1355 904 1566 984 σιδήρου

143 992 184 1063 ἢ
208 992 407 1059 νούσοις
425 996 622 1074 ἱερῇσιν
649 988 712 1052 'A
729 1014 794 1071 ρε
811 1015 829 1049 ι
863 991 972 1053 Μ’
937 1016 972 1064 η
987 1017 1014 1051 ν
1029 1017 1063 1065 η
1094 1016 1339 1051 συνιουσα

37 1107 118 1146 ηιο
145 1081 397 1162 τέτρασιν
422 1082 476 1138 έν
499 1081 759 1158 κέντροισι
786 1080 877 1138 καὶ
902 1081 1142 1138 ἀντιόωσ’
1173 1081 1258 1138 ἐπὶ
1285 1080 1526 1161 κέντροις.

235 1172 282 1227 εἶ
313 1167 369 1227 δι’
390 1191 447 1227 τε
474 1169 564 1228 καὶ
587 1169 693 1227 Φα
709 1168 725 1224 ί
740 1190 856 1225 νων
880 1170 1033 1237 ὀλοὴν
1056 1171 1238 1226 ἀκτῖνα
1263 1168 1501 1249 βάλῃσιν,

151 1256 374 1336 ἄχθεσιν
395 1256 432 1328 ἢ
457 1256 644 1315 λαέσσι
666 1256 839 1332 δόμων
860 1259 908 1313 τ’
937 1258 1183 1337 ὀροφῇσιν
1205 1255 1430 1337 ἔθλιψεν.

239 1348 287 1404 εἰ
317 1344 376 1403 δέ
402 1348 450 1404 τ’
484 1346 577 1403 ἀπ’
601 1346 820 1402 ἀκτίνων
843 1340 902 1402 Ἄ
920 1368 948 1424 ρ
963 1368 984 1401 ε
996 1367 1025 1402 ο
1039 1370 1061 1411 ς
1097 1344 1356 1424 φεύγουσα
1387 1346 1433 1403 Σ
1449 1343 1558 1414 ελή
1574 1368 1600 1401 ν
1614 1368 1647 1414 η

151 1437 217 1495 Φ
234 1457 269 1490 α
287 1433 344 1491 ίν
359 1456 423 1492 ον
439 1456 470 1490 τ
485 1456 502 1489 ι
531 1430 766 1513 κρυόεντι
794 1431 1043 1490 συνάπτοι
1074 1431 1400 1510 δερκομένοιο

41 1536 120 1576 ⁶1⁵
155 1526 250 1582 Στ
265 1520 285 1581 ί
295 1524 330 1579 λ
341 1521 377 1580 6
387 1543 414 1579 ο
429 1544 457 1579 ν
475 1544 544 1580 το
560 1546 583 1587 ς
598 1565 614 1593 ,
645 1522 832 1587 δειναῖς
852 1519 1043 1599 νεύρων
1074 1519 1301 1579 νούσοισι
1323 1518 1598 1600 χαλέπτει.

237 1608 509 1687 ἀργαλέοις
532 1605 586 1666 δὲ
612 1608 809 1666 σίνεσσι
832 1609 1004 1687 βροτοι
1024 1608 1297 1681 κάμνουσι,
1315 1608 1406 1666 καὶ
1419 1605 1479 1666 Ἀ
1501 1631 1572 1688 ρη
1589 1632 1612 1673 ς

149 1696 354 1756 ὁππότε
386 1696 684 1807 δύνῃσιν,Μ
696 1695 730 1767 ή
743 1721 770 1754 ν
781 1719 815 1767 η
827 1720 851 1763 ς
869 1695 958 1755 συν
988 1720 1062 1777 τῳ
1085 1695 1362 1767 κατιούσης

151 1786 248 1844 καὶ
270 1790 317 1845 l(
337 1776 441 1865 ρον
455 1809 522 1843 ου
550 1786 859 1843 αἶπυτάτοιο
885 1789 1039 1862 γονῆς
1064 1784 1203 1866 ὥρην
1221 1785 1515 1866 ἐφέποντας.

238 1872 668 1943 εἰδέτεΜήν-ην
688 1872 783 1948 μὲν
804 1872 1104 1946 Φαίνων,
1135 1877 1380 1944 Τιτῆνα
1403 1874 1719 1953 δὲθοῧρος

41 1983 124 2025 eno
148 1960 419 2019 λεύσσειεν
443 1959 710 2019 κατέναντ’
731 1958 767 2030 ἢ
797 1961 1076 2039 μαρτυρέοι
1101 1960 1440 2040 τετράγωνος,

151 2048 334 2113 ὄσσοις
362 2047 706 2128 ἀμφοτέροισι
735 2052 906 2128 βροτῶ
939 2048 1074 2113 σίνος
1103 2049 1439 2108 ἐκτελέουσιν.

240 2125 332 2193 ευτ
331 2131 434 2193 ’ἂν
458 2136 504 2193 δ’
520 2133 668 2234 ὥρης
699 2133 792 2211 μὲν
821 2135 1106 2235 Πυρόεις
1127 2136 1434 2194 κατόπισθεν
1465 2136 1676 2211 ἕπηται,

153 2236 348 2297 φωτα
377 2214 422 2272 δ’
452 2212 535 2292 ἄρ’
560 2212 832 2284 ἀλληλοισι
861 2214 1134 2295 φαείνηται
1158 2216 1412 2294 διάμετροι

154 2302 194 2374 ἢ
224 2301 558 2381 τετράγωνα,
587 2302 785 2360 σίνεσσι
813 2302 1152 2373 δυσαλθήτοις
1181 2302 1470 2379 μογέουσιν,

43 2406 126 2445 ⁶25
152 2395 227 2457 ὣς
254 2390 345 2448 καὶ
369 2387 703 2468 ἐπεσὸολίῃσι
731 2389 870 2455 θεους
893 2388 1170 2447 στοὸέειν’
1147 2390 1235 2449 επὶ
1263 2388 1453 2471 νούσῳ.

158 2477 283 2536 ἀλλ’
314 2480 362 2536 εἰ
386 2475 482 2553 μέν
503 2480 585 2538 Ζε
600 2476 630 2535 b
648 2502 670 2544 ς
693 2482 827 2535 τοῖσι
851 2477 993 2558 φίλος
1013 2477 1102 2535 καὶ
1129 2478 1384 2557 μα’ρτυρος
1409 2476 1488 2549 εἴη
1507 2523 1521 2549 ,
1571 2482 1579 2491 ”

157 2563 412 2624 κινδύνων
445 2564 620 2645 ῥύεταί
639 2588 696 2623 τε
719 2563 810 2623 καὶ
833 2568 892 2623 ἐκ
913 2565 1163 2641 καμάτων
1192 2566 1442 2624 ἐσάωσεν.

251 2652 405 2711 ἀντία
429 2650 483 2711 δὲ
507 2656 552 2712 Ζ
566 2676 600 2723 η
618 2676 643 2708 ν
655 2652 684 2710 ὸ
697 2678 722 2719 ς
747 2652 981 2711 λεύσσων
1012 2655 1061 2712 K
1075 2678 1102 2733 ρ
1116 2654 1144 2711 ό
1157 2678 1184 2710 ν
1196 2678 1222 2713 ο
1237 2680 1262 2721 ς
1283 2653 1446 2733 ἄλγεα
1473 2654 1646 2735 τεύχει

158 2742 310 2814 ἕξειν,
331 2742 422 2799 καὶ
449 2743 628 2811 πενίην
655 2764 710 2799 τε
743 2742 860 2812 σίνη
884 2766 940 2799 τε
959 2741 1195 2821 χερείονα
1219 2745 1400 2803 δῶκεν.

45 2852 128 2889 ⁸³0
235 2830 422 2890 Τόσσα
450 2828 597 2906 μὲν’
568 2852 704 2908 αμφι
733 2832 955 2900 νόσων,
984 2830 1070 2889 ἐπι
1093 2832 1138 2888 δ’
1167 2831 1343 2889 εἴκελα
1367 2842 1502 2892 τοῖσι
1528 2832 1721 2892 δύναιτ’

159 3007 292 3074 ὶέξω
321 3009 366 3066 δ’
387 2999 454 3064 αὖ
474 3006 758 3080 μετέπειθᾎ
782 3010 852 3073 ὡς
879 2977 1254 3065 έκκτεάνων
1282 3033 1338 3066 τε
1367 3033 1456 3068 και
1484 2921 1722 3068 ὄλὸο[ιῗν

159 2921 446 2998 φράζεσθαι
465 2919 610 2995 μάλα
629 2917 800 2976 πολλὰ
819 2919 920 2998 νόῳ
960 2920 1282 2994 πεπνυμένος
1311 2921 1472 3001 ἀνήρ·

163 3085 308 3154 Αἶσα
336 3092 473 3164 κακὴ
505 3094 727 3171 κρυερὴν
761 3093 991 3165 πενίην
1031 3094 1117 3153 ἐπὶ
1141 3099 1313 3175 φῶτας
1337 3101 1520 3175 ἀγινεῖ.

239 3181 450 3261 κλήρων
469 3180 735 3248 ἐξελάουσι
758 3180 968 3260 βροτους
995 3185 1054 3242 Φ
1067 3206 1100 3239 α
1119 3184 1176 3240 ίν
1191 3207 1236 3240 ω
1249 3208 1276 3240 ν
1321 3187 1374 3244 Π
1390 3207 1421 3241 υ
1438 3209 1465 3265 ρ
1481 3184 1509 3243 ό
1524 3209 1546 3243 ε
1565 3209 1616 3253 ις
1637 3209 1720 3263 τε,

49 3291 130 3330 m
158 3270 214 3337 ὃς
241 3270 336 3346 μὲν
361 3270 582 3350 πρόσθεν
610 3268 702 3328 ἰὼν
729 3268 1158 3347 “Υπερίονος,
1192 3270 1294 3337 ὃς
1265 3271 1323 3330 οέ
1340 3277 1388 3330 τ’
1411 3273 1637 3333 ὄπισθεν.

241 3365 408 3418 ταῦτα
437 3357 493 3416 δὲ
522 3358 610 3417 καὶ
640 3357 869 3433 μεσᾶτου
897 3357 1030 3438 ῥέζει
1056 3359 1234 3425 κλίνας
1261 3358 1368 3417 ἀπο
1393 3360 1602 3440 κέντρου

167 3447 364 3554 ἀστήρ,
388 3437 505 3524 οἶγε
525 3445 680 3522 δόμος
707 3444 882 3510 κεδνὸς
904 3445 1020 3502 τόδε
1049 3446 1252 3530 κέντρον
1283 3447 1492 3526 ἐτύχθη.

241 3535 327 3592 ναὶ
357 3530 461 3609 μὴν
488 3533 578 3591 καὶ
610 3537 659 3593 Π
677 3533 826 3612 υρόε
843 3555 896 3599 ις
927 3532 1130 3612 βεὸαὼς
1158 3531 1274 3612 ζώῳ
1297 3536 1487 3614 βιότοιο

165 3619 359 3686 ἔξόπιθ’
379 3619 662 3699 ὧρονόμοιο
687 3619 930 3698 πατρώια
956 3621 1110 3678 πάντ’
1141 3622 1444 3680 ἐκέδασσεν·

51 3733 136 3772 uo
165 3708 321 3786 ἔξοχα
347 3707 389 3765 δ’
419 3706 468 3765 εἴ
484 3707 532 3765 κ’
557 3709 699 3786 αὐτῷ
727 3707 880 3784 συνέῃ
904 3707 1157 3787 κερόεσσα
1189 3710 1235 3767 Σ
1253 3731 1276 3766 ε
1291 3710 1483 3782 λήνη.

163 3797 265 3862 τὼς
281 3798 327 3854 δ’
344 3795 512 3870 ἀστὴρ
530 3794 738 3874 παρεὼν
760 3793 893 3876 ῥέζει
921 3795 1184 3874 σφετέροιο
1205 3800 1322 3854 κατ’
1351 3797 1493 3858 οἴκου
1509 3844 1524 3870 ,

164 3885 215 3949 ἐς
235 3881 344 3942 M&
373 3878 450 3939 ὅτ’
478 3879 542 3941 ἂν
561 3882 751 3961 δυτικῷ
779 3881 973 3962 κέντρῳ
993 3883 1261 3942 κατόπισθ’
1288 3884 1499 3958 ε’πιδύνῃ
1521 3909 1533 3922 ·

164 3969 256 4028 καὶ
275 3971 323 4027 δ’
357 3966 460 4048 ἄρα
485 3967 578 4027 καὶ
606 3968 819 4049 κλήροιο
836 3969 1000 4048 τύχης
1027 3971 1218 4045 μεδέων
1250 3972 1548 4052 ἀποίμερσεν

163 4057 350 4131 ὅλὸον,
379 4055 456 4114 ὅτ’
483 4054 636 4124 αὐτὸς
657 4055 731 4114 ἔοι
759 4056 954 4134 κλήρου
987 4058 1174 4134 βαίνων
1205 4061 1566 4139 προπάροιθεν.

51 4171 131 4211 005
245 4145 378 4225 πρὸς
395 4144 451 4204 δέ
470 4146 896 4225 μεσουρανέοντες
911 4149 1038 4221 ὁμοῦ
1065 4150 1124 4206 Φ
1136 4170 1170 4204 α
1185 4147 1330 4206 ίνων
1353 4173 1410 4206 τε
1433 4149 1524 4207 καὶ
1541 4145 1600 4209 Ἄ
1617 4173 1644 4228 ρ
1656 4172 1725 4220 ης

161 4237 361 4312 κλῆρον
389 4233 424 4303 ἢ
452 4234 547 4291 οὔκ
565 4233 845 4314 έμέρισσαν
877 4232 914 4304 ἢ
941 4225 1007 4292 αυ
1037 4235 1208 4301 δόντες
1227 4237 1275 4314 γ’
1301 4237 1641 4316 ἀπάμερσαν·

163 4323 236 4389 ὣς
257 4321 314 4379 δὲ
341 4321 432 4379 καὶ
457 4325 503 4380 εἰ
519 4321 636 4382 τόδε
661 4321 870 4402 κέντρον
895 4321 997 4380 ἀπὸ
1011 4325 1238 4402 πλευρῆς
1258 4325 1580 4403 τετραγώνου

161 4409 200 4480 ἢ
232 4409 501 4488 διάμετροι
523 4413 708 4490 δρῷεν,
737 4410 884 4490 ἄφνω
913 4411 1262 4490 ἀπενόσφισαν
1285 4411 1460 4472 ὄλὸον.

254 4499 306 4553 ἐν
337 4494 488 4574 πενίῃ
515 4495 568 4554 δὲ
597 4503 813 4572 μογεῦσι
831 4497 920 4554 καὶ
948 4497 1118 4564 ὄσσοις
1145 4501 1321 4576 φῶτα
1347 4499 1440 4556 δύ’
1466 4500 1604 4578 ὥρην

55 4608 136 4646 aso
165 4585 246 4661 μὴ
267 4582 496 4664 λεύσσῃ,
529 4585 756 4659 πάμπαν
779 4585 835 4643 δέ
857 4589 904 4643 τ’
926 4585 1249 4666 ἀπόστροφον
1270 4610 1415 4662 οιμον
1441 4587 1611 4667 ὁδεύῃ.

253 4673 345 4729 εἰ
317 4674 364 4728 o'
387 4671 490 4751 ἄρα
511 4671 574 4743 δὴ
603 4673 792 4744 Μήνη
807 4697 834 4729 ν
857 4673 1174 4732 δεκατεύωσ’
1201 4675 1408 4754 ἀστέρες
1437 4675 1595 4756 ἄμφω

164 4757 502 4838 Αρεοςήδὲ
526 4760 850 4840 Κρόνοιο,
877 4761 1024 4827 Διὸς
1049 4761 1104 4819 δέ
1127 4765 1173 4819 τ’
1194 4763 1514 4843 ἀπόστροφος
1539 4763 1704 4844 ἀστὴρ

170 4844 256 4916 εἴη
275 4889 291 4918 ,
319 4845 512 4926 ὀϊζυραὶ
535 4845 625 4906 καὶ
659 4847 951 4927 ἀχρήμονες
987 4847 1274 4923 ἐξεγένοντο
1291 4872 1304 4885 ·

171 4933 332 5012 ἔξοχα
357 4935 404 4992 δ’
437 4935 481 4992 εἴ
503 4933 592 4992 καὶ
617 4936 744 5002 ζῶον
765 4935 1074 4993 έπαντέλλον
1106 4936 1410 5010 μετόπισθεν

60 5047 141 5085 ⁶55
169 5021 369 5092 Μήνης
401 5023 460 5080 έκ
488 5021 652 5093 Ζηνὸς
675 5023 845 5080 κενεὸν
870 5022 958 5081 καὶ
987 5023 1283 5103 ἀμάρτυρον
1305 5022 1412 5093 εἴη·

175 5109 442 5186 δευόμενοι
464 5109 636 5188 βιότου
656 5109 758 5190 γὰρ
776 5111 1065 5191 ἀγείρουσιν
1085 5109 1221 5169 κατὰ
1242 5110 1394 5170 ἄστυ.

259 5199 304 5255 εἶ
321 5195 376 5255 δὲ
401 5196 558 5264 Διὸς
587 5195 680 5275 μὲν
708 5201 897 5280 ὁρῷτο,
925 5199 1086 5276 μέσου
1113 5197 1530 5279 ’Υπερίονος,
1552 5197 1730 5278 αἴγλη,

1088 402 1882 483 ΜΔΝΕΤΗΟΝΙΑΝΟΒΪῘΜ
1926 420 2077 479 LIB.
2120 420 2225 479 vl.
2276 418 2469 497 [HL]
3288 429 3356 480 ⁷1

1864 556 1947 606 Sin
1972 556 2122 607 Luna
2144 559 2291 608 Mars
2313 555 2529 619 superior
2548 556 2629 617 sit,

1802 647 1889 693 aut
1905 644 1985 692 hic
2005 644 2225 694 occidens
2241 644 2333 693 sub
2349 644 2432 693 illa
2444 644 2535 707 sit,
2564 642 2793 705 angustiis
2808 641 2991 704 ligavit.

1803 735 1967 789 Quum
1988 744 2103 780 vero
2123 734 2264 780 etiam
2291 735 2553 781 Saturnus
2570 734 2721 780 Lunae
2744 732 2881 781 testis
2902 732 2995 793 sit,

1805 820 2033 868 ultimum
2049 820 2163 868 vitae
2183 820 2323 867 tinem
2345 820 2391 867 vi
2410 818 2677 882 perficiunt.

1871 906 2090 967 lnprlmis
2103 908 2265 955 autem
2290 905 2501 967 affligunt
2516 906 2745 973 mortales
2760 906 2913 969 plagis
2938 906 3050 957 ferri

1806 998 1892 1043 aut
1908 995 2054 1044 sacris
2076 994 2257 1044 morbis
2273 996 2437 1045 Marti
2473 996 2633 1044 Venus
2650 986 2961 1057 congrediens

1807 1085 2039 1145 quattuor
2056 1082 2106 1132 in
2126 1082 2300 1132 centris
2320 1084 2370 1132 et
2390 1096 2648 1133 occursans
2672 1082 2733 1133 ad
2752 1086 2934 1133 centra.

1867 1173 1917 1219 Si
1940 1184 2053 1219 vero
2066 1172 2209 1221 etiam
2228 1174 2490 1221 Saturnus
2511 1171 2828 1234 perniciosum
2846 1172 3035 1220 radium
3046 1171 3216 1233 jecerit
3228 1208 3242 1231 ‚

1807 1258 2097 1321 ponderibus
2133 1262 2220 1309 aut
2269 1260 2509 1321 lapidibus
2542 1260 2897 1323 domorumque
2932 1259 3369 1321 contignationibus

1869 1350 1951 1397 Sin
1966 1362 1995 1395 a
2014 1347 2159 1397 radiis
2176 1350 2366 1398 Martis
2386 1348 2571 1410 fugiens
2586 1352 2735 1399 Luna
3133 1345 3366 1411 [obtrivit.

1809 1439 2038 1485 Saturno
2059 1435 2229 1497 frigido
2247 1434 2583 1498 congrediatur
2604 1437 2849 1499 spectante

1807 1526 2088 1584 Mercurio,
2111 1524 2337 1586 gravibus
2353 1535 2613 1573 nervorum
2636 1524 2815 1573 morbis
2831 1525 2991 1574 vexat.

1869 1612 2083 1661 Molestis
2102 1625 2218 1661 vero
2236 1612 2375 1661 noxis
2396 1612 2624 1661 mortales
2644 1612 2865 1662 laborant
2880 1612 3045 1671 etiam,
3071 1616 3218 1661 Mars

1807 1714 1958 1762 quum
1976 1698 2179 1764 occidat,
2188 1698 2333 1749 Luna
2356 1712 2469 1749 cum
2488 1712 2547 1749 eo
2564 1699 2882 1750 descendente

1808 1789 1858 1836 et
1878 1790 2105 1837 Saturno
2125 1786 2356 1836 altissimo
2372 1788 2637 1837 nativitatis
2659 1789 2825 1837 horam
2846 1790 3052 1851 regente.

1870 1876 1921 1924 Si
1941 1887 2059 1924 vero
2078 1879 2281 1924 Lunam
2299 1875 2494 1938 quidem
2508 1878 2791 1939 Saturnus,
2811 1878 2977 1926 Solem
2995 1878 3155 1926 autem
3177 1878 3321 1926 Mars

1811 1962 1983 2012 viderit
2004 1962 2293 2012 eit-adverso
2313 1966 2401 2012 aut
2417 1966 2622 2013 testetur
2638 1965 2919 2026 quadratus,

1809 2050 1965 2098 oculis
1986 2049 2220 2099 ambobus
2239 2050 2421 2099 homini
2438 2064 2617 2100 noxam
2639 2052 2908 2113 perficiunt.

1870 2137 2078 2194 Quando
2094 2140 2259 2187 autem
2279 2137 2412 2187 [ποι-ω
2426 2137 2623 2201 quidem
2647 2140 2791 2188 Mars
2805 2140 2997 2200 a-tergo
3018 2142 3263 2201 sequatur,

1811 2224 2015 2274 Iuntina
2033 2236 2149 2273 vero
2170 2224 2483 2275 sibi-invicem
2499 2228 2759 2287 appareant
2775 2225 2976 2274 adversa

1809 2315 1897 2361 aut
1912 2312 2144 2376 quadrata
2156 2347 2172 2372 ,
2196 2312 2334 2362 noxis
2358 2312 2788 2362 immedicabilibus
2807 2312 3042 2372 laborant,

1811 2403 1868 2449 ut
1888 2400 2035 2449 etiam
2053 2400 2281 2449 conviciis
2300 2399 2415 2450 deos
2440 2400 2679 2451 incessant
2696 2403 2887 2463 propter
2914 2401 3155 2450 morbum.

1812 2490 1875 2538 At
1896 2488 1935 2537 ai
1954 2488 2151 2551 quidem
2174 2490 2387 2552 Jupiter
2404 2488 2501 2540 illis
2515 2488 2703 2539 amicus
2721 2492 2771 2539 et
2788 2489 2927 2539 testis
2948 2489 3011 2537 sit
3023 2526 3039 2551 ,

1812 2576 2039 2639 periculis
2050 2574 2222 2627 liberat
2238 2582 2385 2639 atque
2402 2590 2465 2627 ex
2483 2577 2731 2643 laboribus,
2746 2581 2922 2628 servat.

1884 2668 2067 2716 contra
2088 2668 2250 2715 autem
2275 2668 2453 2717 Iovem
2469 2664 2735 2727 adspiciens
2756 2669 3021 2716 Saturnus
3051 2666 3173 2714 mata
3202 2666 3348 2715 etticit

1813 2753 2128 2815 tit-habeant,
2151 2756 2202 2804 et
2223 2753 2433 2817 inopiam
2451 2765 2703 2814 noxasque
2728 2753 2987 2805 deteriores
3016 2753 3165 2803 dedit.

1875 2846 1995 2891 Haec
2004 2840 2201 2905 quid·
2216 2839 2279 2891 de
2294 2840 2503 2897 morbis,
2522 2844 2756 2903 praeterea
2776 2844 2937 2890 autem
2955 2840 3127 2890 similia
3140 2840 3215 2889 liis
3231 2841 3380 2903 possit

1812 2930 2197 2980 animadvertere
2218 2928 2482 2980 admodum
2500 2929 2654 2980 multa
2673 2931 2835 2980 mente
2852 2929 3061 2992 prudens
3088 2931 3191 2990 vir;

1811 3019 1972 3068 dicam
1991 3029 2107 3068 vero
2126 3017 2329 3078 deinde,
2349 3017 2596 3082 quomodo
2614 3031 2680 3068 ex
2701 3019 2878 3080 opibus
2896 3021 3043 3080 atque
3054 3018 3287 3082 fortuna

1813 3109 1963 3156 Parca
1992 3106 2119 3156 mala
2141 3105 2365 3156 miseram
2380 3107 2616 3168 inopiam
2638 3105 2913 3155 hominibus
2932 3105 3133 3155 inducit.

1877 3192 2249 3244 naereditatibus
2268 3191 2517 3255 expellunt
2534 3194 2761 3242 mortales
2778 3196 3041 3244 Saturnus
3059 3195 3108 3243 et
3126 3196 3293 3255 Mars,

1813 3283 1936 3331 alter
1958 3281 2155 3344 quidem
2175 3279 2463 3332 antecedens
2481 3281 2665 3335 Solem,
2690 3281 2811 3331 alter
2829 3287 2989 3330 autem
3004 3296 3224 3344 sequens·

1877 3374 1992 3419 Hoec
2008 3371 2175 3420 autem
2193 3369 2339 3419 etiam
2365 3369 2525 3420 modio
2548 3369 2662 3418 facit
2679 3369 2925 3419 declinans
2948 3385 2975 3418 a
2995 3373 3162 3419 centro

1811 3459 1951 3509 atella
1963 3496 1979 3521 ,
2003 3458 2146 3521 culus
2162 3457 2361 3521 quidem
2375 3456 2552 3509 domus
2570 3458 2842 3508 veneranda
2863 3459 2953 3507 hoc
2968 3461 3187 3511 centrum
3207 3459 3378 3507 evasit.

1876 3547 2009 3619 Qnin
2027 3546 2174 3596 etiam
2190 3547 2337 3598 Han
2354 3545 2589 3607 ingressus
2611 3547 2745 3608 signo
2762 3546 2875 3595 vitae

1812 3637 1994 3696 a-tergo
2018 3634 2269 3683 horonomi
2288 3635 2488 3697 paterna
2506 3633 2668 3682 omnia
2686 3633 2958 3697 dissipavit3

1814 3723 2077 3785 proesertim
2101 3722 2143 3771 ai
2162 3735 2275 3771 cum
2295 3734 2357 3772 eo
2382 3725 2511 3771 meet
2529 3724 2731 3770 cornuta
2749 3712 2919 3771 Luna'.

1815 3815 1887 3859 lta
1910 3811 2043 3859 stella
2065 3822 2273 3871 praeaens
2296 3809 2411 3859 facit
2426 3821 2515 3858 sua
2528 3808 2580 3857 in
2600 3808 2768 3869 domo,

1813 3897 1862 3946 in
1879 3897 2092 3947 Africum
2112 3895 2305 3959 quando
2326 3895 2533 3944 occiduo
2549 3895 2683 3954 signo
2702 3897 2887 3956 a-tergo
2904 3895 3093 3944 occidat
3108 3913 3124 3957 ς

1813 3984 1931 4045 quin
1957 3984 2099 4032 etiam
2116 3983 2257 4031 nortia
2281 3983 2490 4030 fortunae
2518 3981 2771 4030 dominans
2788 3981 2995 4045 perdidit

1813 4070 2022 4131 divitias,
2032 4082 2187 4133 quum
2197 4070 2298 4132 ipsc
2309 4071 2527 4118 versetur
2543 4069 2761 4130 gradiens
2783 4071 2895 4118 ante
2911 4071 3104 4119 sortem.
3214 4069 3383 4134 [Mars

1879 4159 2115 4208 praetem
2130 4156 2779 4207 mulium-celum-tenentes
2796 4149 3218 4208 simul'Saturnus
3236 4161 3384 4221 atque

1815 4243 2131 4294 hereditatem
2163 4246 2251 4295 aut
2266 4257 2365 4293 non
2384 4244 2661 4294 tribuerunt
2686 4248 2772 4293 aut.
2806 4259 2972 4294 rursus
3004 4245 3165 4295 datam
3188 4247 3381 4295 ademe-

1815 4335 1883 4383 ηε
1911 4333 2055 4382 etiam
2074 4333 2115 4382 si
2142 4333 2237 4382 boc
2254 4335 2477 4382 centrum
2504 4345 2536 4382 a
2555 4333 2705 4382 latere
2722 4334 2958 4396 quadrato
3222 4333 3356 4398 [runt
3363 4351 3380 4397 ;

1816 4423 1901 4470 aut
1922 4420 2216 4470 ex-adverso
2232 4419 2454 4480 videant,
2482 4419 2643 4468 subito
2666 4419 2970 4468 abstulerunt
2987 4419 3190 4468 divitias.

1877 4511 1934 4557 ln
1946 4507 2102 4571 inopia
2110 4510 2271 4557 autem
2283 4507 2505 4556 laborant
2511 4507 2655 4556 etiam
2667 4506 3053 4570 quibuscumque
3063 4507 3164 4558 duo
3177 4507 3383 4557 lumina

1817 4609 1913 4645 non
1926 4595 2137 4656 videant,
2149 4597 2295 4657 atque
2307 4607 2503 4657 prorsus
2524 4607 2741 4644 aversam
2764 4595 2895 4643 viam
2916 4594 3155 4644 incedant.
3198 4595 3383 4658 [boram

1878 4682 1959 4732 Sin
1980 4694 2095 4730 vero
2117 4686 2325 4732 Lunam
2344 4681 2686 4732 decimaverlnt
2711 4681 2862 4731 steuae
2881 4682 3037 4731 amhae

1817 4773 2009 4822 Martis
2034 4773 2083 4819 et
2102 4772 2348 4832 Saturni,
2366 4771 2508 4820 Iovis
2525 4781 2641 4818 vero
2658 4781 2823 4819 aversa
2844 4769 2982 4819 stella

1816 4859 1879 4907 sit
1895 4895 1909 4918 ,
1936 4855 2097 4906 miseri
2110 4859 2161 4906 et
2177 4856 2346 4919 inopes
2360 4855 2603 4918 evadunt3

1818 4944 2081 5008 presertim
2098 4945 2139 4994 si
2155 4943 2301 4994 etiam
2316 4944 2503 5005 signum
2516 4942 2738 4994 exoriens
2754 4956 2807 4992 a·
2786 4945 2947 5006 -tergo

1824 5036 1987 5083 Lunae
2002 5045 2065 5082 ex
2086 5036 2209 5082 Jove
2225 5045 2433 5082 ⁷vacuum
2458 5035 2507 5082 et
2528 5033 2806 5082 intestatum
2833 5032 2921 5093 sit;

1821 5121 2013 5182 egentes
2035 5122 2164 5170 enlm
2188 5119 2317 5168 victu
2337 5119 2769 5181 stipem-colligunt
2787 5133 2871 5182 per
2898 5119 3085 5170 urbem.

1882 5208 1965 5258 Sin
1977 5211 2116 5259 Jonas
2125 5207 2318 5272 quidem
2328 5208 2664 5270 conspiciatur,
2676 5207 2814 5258 dum·
2816 5208 3093 5258 medius-est
3107 5209 3191 5258 sol
3192 5209 3369 5272 ‚splen-
