3767 5825
1524 389 1601 448 IN
1639 372 2061 450 'mximum

3215 407 3391 453 vau

261 528 402 582 592.
428 521 520 582 Cf.
551 521 728 580 Ther.
764 523 800 581 8
827 519 1063 597 ἀνιγροὺς
1089 521 1370 598 ἐρπηστας,
1416 541 1523 592 70¹
1567 524 1743 600 φῶτας
1832 521 1884 579 G
1920 523 2068 580 nihil
2116 501 2391 598 mutavit,-
2428 523 2541 580 nisi
2579 521 2736 599 quod
2764 517 3055 601 κελαινεφέϊ
3083 534 3141 578 et
3161 520 3273 596 ἅμα
3309 519 3392 600 δίῃ

181 612 260 684 εἰ,
295 612 387 668 ΑΙ.
423 611 694 685 36,'548.

258 705 394 761 600.
430 701 502 766 εἰς
539 701 740 780 vulgo,
773 700 824 766 ἐς
852 718 960 756 nos
988 717 1062 757 ex
1081 701 1371 758 constanti
1398 697 1574 776 liujus
1605 719 1737 759 usu.

176 818 255 828 —
272 809 360 843 κεν
395 786 505 846 ἕλοι
529 789 732 863 vulgo,
756 809 818 844 κε
840 785 988 844 πέλοι
1014 807 1142 847 nos.
1169 787 1359 846 Locus
1379 788 1548 846 varie
1565 800 1743 845 tenta-

179 886 286 933 tus.
316 875 370 931 D
399 876 514 932 658
549 889 606 933 et
636 879 748 933 662
783 895 891 954 pro
920 878 1087 954 φῶρας
1116 875 1274 953 conj.
1299 875 1412 956 φώρ
1431 899 1526 948 τις,
1557 875 1607 932 G
1639 899 1742 956 φω-

182 961 312 1041 ρεῦς,
355 983 528 1042 quam
577 966 819 1024 formam
866 965 994 1042 jam
1025 965 1096 1022 ad
1137 967 1250 1032 438
1289 965 1736 1024 commendavit.

173 1050 334 1108 Idem
364 1065 555 1110 tamen
592 1066 805 1111 rectam
831 1053 988 1110 viam
1021 1054 1237 1129 sensit,
1273 1051 1394 1132 ἔλθῃ
1422 1054 1486 1111 in
1517 1076 1606 1111 κεν
1629 1051 1740 1111 ἕλοι

171 1139 354 1198 latere
380 1142 738 1200 existimans.
764 1140 875 1198 Sed
895 1140 1197 1219 particulae
1220 1142 1524 1200 cumulatae
1559 1161 1594 1199 a
1623 1141 1736 1198 No-

169 1241 290 1286 stro
319 1249 438 1288 non
458 1227 775 1288 abhorrere
800 1228 1174 1306 videbantur,
1201 1231 1287 1288 uti
1309 1232 1480 1288 etiam
1499 1229 1736 1306 judica-

167 1317 255 1376 vit
277 1321 602 1377 Hermann.
624 1318 696 1376 ad
717 1317 874 1375 Lith.
899 1339 958 1377 v.
995 1326 1129 1390 247.

251 1408 396 1464 603.
429 1403 573 1472 ξυνὸν
595 1405 801 1480 vulgo,
829 1406 980 1476 ξυνὴν
1010 1426 1116 1464 nos
1139 1426 1172 1464 e
1195 1426 1346 1465 corr.
1380 1406 1430 1462 D
1460 1407 1596 1464 663.

246 1493 548 1552 605-610.
571 1495 710 1550 Haec
733 1493 796 1550 in
822 1491 914 1560 ER
949 1494 1030 1552 ita
1057 1495 1364 1570 leguntur3

286 1624 400 1680 Ζηνὶ
424 1625 718 1684 κελαινεφέα,
733 1624 934 1676 -κλὸπιον
951 1627 1092 1687 κτὲαρ
1112 1626 1300 1674 ὄλλυται
1321 1625 1476 1682 αὕτως

284 1695 377 1744 Ἢν
393 1695 434 1743 δ’
452 1696 568 1757 ῐσχῃ
589 1695 832 1758 Κρονίωνα
845 1697 1066 1755 σεληναίη
1090 1697 1268 1758 ἁμαδίη

283 1766 370 1814 Ἐν
389 1767 594 1828 γενέθλη,
619 1767 822 1828 παράδος
843 1785 920 1830 μιν
942 1768 1017 1817 ἐπ’
1042 1767 1238 1831 ἠγάθεον
1264 1764 1494 1828 φαέθοντα

286 1839 364 1887 Οὔ
389 1855 434 1886 τι
453 1837 554 1895 λίην
603 1838 810 1902 mopsos:
827 1839 868 1888 δ’
888 1839 1107 1901 ἐναίσιμα
1124 1839 1300 1898 γίνεται
1315 1839 1457 1888 ἐσθλὰ

285 1907 456 1971 Teios«
474 1909 792 1971 Κυπρογένεια
809 1911 890 1959 καὶ
915 1911 1118 1973 αἰγλήεις
1143 1911 1252 1965 Διὸς
1270 1909 1422 1973 ἀστὴρ

283 1979 400 2028 Ἡδὲ
418 1980 498 2028 καὶ
514 1979 808 2043 &nuspiam
834 1981 1109 2045 φερεπτὲρου
1127 1979 1420 2044 Ἑρμάωνος.

215 2289 401 2354 Sssflffl'
427 2289 690 2356 mutonis,
709 2291 802 2342 cal.
831 2293 1028 2342 Ianuar.
1055 2277 1326 2342 MDCCGL.

1833 632 1963 670 cum
1996 612 2046 668 D
2069 613 2182 670 663
2214 611 2473 689 scripsit,
2501 623 2559 668 et
2587 623 2805 689 puncto
2838 621 2972 687 post
3007 606 3204 681 αὔτως,
3236 631 3395 668 com-

1833 712 1985 758 mate
2030 712 2162 778 post
2196 697 2453 780 φαέθοντα
2486 712 2545 757 et
2588 699 2719 756 colo
2760 711 2897 776 post
2936 695 3055 769 λίην
3098 697 3391 758 distinxit.

1831 787 2063 848 Oblitus
2106 802 2295 847 autem
2341 801 2428 846 est
2476 788 2650 846 etiam
2694 783 2957 864 Σεληναίη
3010 805 3084 844 ex
3134 785 3393 864 ejusdem

1831 876 2235 936 emendatione
2262 877 2419 944 dare.
2458 875 2765 953 Equidem,
2798 875 2849 934 si
2891 873 3036 952 quid
3063 874 3261 947 video,
3296 873 3397 932 hie

1833 964 1983 1023 nihil
2012 965 2126 1025 nisi
2154 985 2341 1024 meras
2364 963 2634 1022 tenebras
2652 965 2847 1023 video.
2866 962 3013 1021 Nam
3036 982 3224 1040 neque
3249 982 3395 1040 quo·

1831 1053 2008 1110 modo
2039 1055 2256 1133 triplex
2282 1053 2453 1112 Jovis
2484 1052 2829 1112 memoratio
2866 1051 3149 1130 explicari
3174 1053 3393 1132 possit,

1832 1161 1937 1198 nec
1971 1143 2114 1219 quid
2152 1155 2253 1201 aut
2279 1143 2331 1200 ἐν
2368 1141 2583 1221 γενέθλη
2612 1141 2767 1220 apud
2801 1141 2959 1200 hunc
3000 1153 3255 1219 poetam,
3298 1154 3396 1200 aut

1829 1230 2059 1304 παράδος
2101 1254 2211 1307 μιν,
2244 1250 2352 1289 nec
2390 1229 2533 1308 quid
2573 1231 2833 1288 omnimo
2875 1249 2935 1287 V.
2979 1229 3092 1286 606
3138 1249 3228 1307 sq.
3271 1227 3393 1288 sibi

1831 1319 2033 1392 velint,
2068 1319 2401 1398 perspicere
2435 1319 2624 1378 valeo.
2658 1317 2807 1376 Hinc
2841 1318 2953 1376 hos
2990 1316 3151 1396 ipsos
3189 1337 3396 1376 versus

1828 1409 1997 1466 uncis
2031 1408 2265 1480 inclusi,
2298 1409 2521 1487 quippe
2551 1407 2917 1486 apertissime
2950 1405 3187 1464 aliunde
3208 1406 3396 1465 intru-

1828 1515 1956 1568 sos,
2006 1509 2063 1555 et
2100 1497 2322 1556 lacunae
2358 1497 2527 1572 signa
2561 1508 2697 1575 post
2722 1492 3016 1576 κελαινεφέϊ
3042 1497 3251 1572 posui,
3289 1493 3393 1554 ubi

1827 1584 2177 1661 sequebatur
2202 1584 2479 1643 Mercurii
2513 1597 2571 1643 et
2604 1583 2846 1643 Veneris
2880 1583 3390 1659 commemor-atie,

1826 1687 1882 1730 et
1906 1688 2037 1732 ante
2056 1671 2167 1731 οὔτι
2192 1671 2311 1744 λίην
2330 1717 2348 1748 ‚
2376 1673 2537 1753 quod
2566 1673 2741 1731 finem
2763 1673 3022 1731 eontinet
3041 1671 3392 1730 admonitio·

1827 1762 1939 1834 nis,
1980 1783 2052 1820 ne
2078 1769 2245 1819 nimis
2270 1763 2417 1821 velit
2443 1760 2521 1820 ob
2551 1781 2672 1820 rem
2700 1762 2856 1820 furto
2878 1759 3127 1819 ablatam
3149 1760 3392 1818 moerori

1825 1871 1887 1908 se
1908 1851 2118 1910 dedere
2148 1873 2161 1908 :
2199 1852 2273 1913 cf.
2308 1861 2421 1920 410
2442 1870 2562 1928 sq.,
2596 1849 2731 1934 579.

2268 2469 2639 2534 Anum-ms
2692 2465 3139 2548 KOECHLY.
