3767 5825
385 427 461 479 24
1586 423 1670 485 Μ.
1713 423 1975 488 TULLII
2014 423 2416 487 CICERONIS

384 552 474 599 189
504 547 724 599 Obscura
744 548 904 611 specie
921 548 1168 599 stellarum
1191 552 1460 613 cassiepea.

383 726 468 773 1⁹7
503 724 636 773 Hanc
655 724 818 772 autem
843 722 1016 773 illustri
1033 726 1254 773 versatur
1271 738 1472 787 corpore
1493 727 1688 789 propter

502 810 806 861 Andromede
825 812 1010 873 fugiens
1032 811 1313 875 adspectum
1334 816 1506 863 mtesta
1531 814 1758 876 parentis.

378 988 470 1037 205
503 985 626 1036 Huic
651 988 817 1049 Equus
832 986 912 1035 ille
927 986 1070 1047 jubas
1085 986 1306 1049 quatiens
1331 988 1512 1050 fulgore
1530 991 1739 1039 micante

499 1076 754 1123 summum
777 1074 1010 1135 contingit
1032 1075 1178 1136 caput
1199 1075 1312 1123 alvo
1327 1110 1342 1135 ‚
1365 1076 1599 1137 stellaque
1614 1076 1821 1139 jungens

503 1164 610 1211 Una
627 1164 760 1221 tenet
779 1160 996 1223 duplices
1019 1163 1264 1211 communi
1287 1163 1470 1212 lumine
1491 1148 1669 1213 formas
1684 1199 1700 1226 ,

500 1250 752 1301 AEternum
772 1262 832 1299 ex
849 1250 989 1299 astris
1008 1251 1205 1313 cupiens
1223 1255 1508 1301 connectere
1529 1252 1728 1303 nodum.

1081 1368 1234 1379 --——

375 1430 468 1477 225
499 1427 624 1477 Exin
645 1426 879 1477 contortis
897 1427 1031 1476 Aries
1053 1440 1166 1476 cum
1189 1427 1413 1477 cornibus
1432 1428 1598 1477 haeret.

376 1629 541 1691 (08oe
553 1632 848 1695 sequuntur
867 1628 1098 1679 versibus
1118 1632 1210 1679 230
1228 1642 1370 1693 seqq.
1403 1630 1554 1679 Arat'
1579 1629 1949 1693 respondentia

437 1716 752 1780 prodier-ime
797 1718 1018 1766 Venetiis
1042 1729 1094 1765 a.
1121 1720 1242 1766 1488
1267 1715 1422 1765 valde
1457 1722 1734 1781 corrupta,
1759 1718 1947 1769 deinde

437 1817 556 1855 eum
574 1804 642 1854 ab
659 1805 784 1855 aliis
803 1807 913 1854 tum
931 1806 1226 1867 presertim
1239 1804 1306 1853 ab
1329 1806 1524 1855 Orellio
1542 1808 1598 1857 tn
1617 1820 1799 1869 prom·-
1823 1812 1939 1859 1837

434 1904 503 1943 σω
518 1894 728 1955 optimu
745 1892 1006 1943 codicibus
1021 1895 1150 1942 sunt
1171 1892 1464 1943 mudum.
1481 1896 1499 1955 )

371 2046 413 2094 Ε.
432 2041 612 2107 quibus
627 2042 742 2093 hinc
761 2043 928 2093 subter
949 2042 1101 2107 possis
1126 2055 1414 2107 cognoscere
1435 2045 1633 2094 fultum.

371 2134 494 2183 Ram
512 2132 620 2183 celi
640 2132 848 2183 mediam
869 2136 1056 2195 partem
1077 2133 1218 2194 terit,
1244 2137 1301 2182 ut
1319 2134 1452 2196 prius
1475 2134 1568 2182 illae

374 2219 542 2271 Chelai
554 2257 569 2282 ‚
589 2222 694 2270 tum
715 2223 883 2283 peetus
901 2234 1098 2285 qnoque
1113 2222 1328 2271 cernitur
1347 2222 1550 2271 Orionis.

370 2310 436 2358 nt
451 2322 600 2372 pmpe
613 2310 874 2372 conspicies
893 2321 1094 2372 parvum
1109 2309 1202 2359 sub
1214 2311 1410 2372 pectore
1429 2310 1574 2359 clarae

370 2396 691 2447 andromedae
716 2400 935 2459 signum,
961 2397 1190 2447 Deltoton
1213 2396 1372 2447 dicere
1397 2398 1526 2448 Graii
1916 2406 1945 2449 5

370 2486 515 2549 Quod
533 2487 660 2536 soliti
675 2522 690 2548 ,
709 2486 852 2549 simili
872 2484 986 2547 quia
1000 2485 1154 2534 forma
1177 2485 1340 2535 littera
1359 2486 1507 2534 claret
1528 2500 1539 2533 :

369 2575 498 2627 Huic
519 2575 673 2636 spatio
693 2574 898 2623 ductum
921 2572 1064 2621 simili
1087 2572 1215 2621 latus
1231 2575 1391 2622 exstat
1407 2576 1694 2635 utrumque,

368 2664 546 2715 Atnon
568 2662 712 2711 tertia
742 2674 852 2723 pars
871 2660 1062 2721 lateris;
1087 2672 1298 2723 namque
1320 2664 1394 2709 est
1413 2662 1568 2710 minor
1594 2662 1713 2722 illis,

367 2748 467 2801 Sed
489 2749 638 2800 stellis
656 2749 794 2811 longe
811 2748 970 2797 densis
996 2747 1229 2809 praeclara
1257 2748 1454 2797 relucet.

351 2836 572 2907 ‚mergor
589 2836 753 2899 paullo
769 2839 840 2885 est
857 2834 1010 2895 Aries,
1029 2837 1080 2885 et
1097 2833 1273 2885 flamen
1297 2835 1357 2884 ad
1379 2837 1541 2887 Austri
1888 2845 1944 2889 lo

369 2927 674 2987 ineuntium
696 2928 842 2988 atque
861 2926 1010 2974 etiam
1027 2923 1363 2976 vehementius
1378 2925 1448 2975 illi

367 3016 526 3066 Pisces
539 3049 554 3074 ‚
572 3027 782 3077 quorum
805 3013 927 3063 alter
944 3011 1163 3076 paullum
1189 3013 1470 3076 praelabitur
1487 3016 1600 3064 ante

369 3106 432 3154 Et
451 3101 604 3166 magis
627 3102 888 3152 horrisonis
904 3099 1154 3166 Aquilonb
1169 3102 1384 3162 tangitur
1401 3101 1506 3152 alis.

369 3195 530 3255 Atque
548 3192 724 3241 horum
741 3203 770 3240 e
789 3189 957 3240 caudis
975 3188 1195 3254 duplices
1217 3190 1350 3239 velut
1368 3203 1466 3240 aere
1489 3194 1672 3240 catenat

368 3281 687 3342 Discessuque
704 3279 788 3328 diu
805 3291 959 3330 verm
985 3290 1071 3341 per
1093 3277 1278 3330 lumina
1303 3283 1531 3342 serpunt,
1888 3289 1941 3334 15

368 3372 528 3432 Atque
547 3382 644 3417 una
669 3369 832 3418 tamen
855 3366 1059 3418 instella
1077 3367 1402 3418 communiter
1421 3369 1629 3432 haerent,

368 3462 527 3516 Quem
548 3458 737 3506 veteres
754 3455 886 3505 soliti
907 3453 1150 3506 eoeloetoen
1167 3456 1328 3506 dicere
1345 3456 1553 3506 Nodum.

368 3543 690 3597 andromedae
707 3543 831 3593 laevo
849 3555 914 3593 ex
929 3541 1136 3594 humero
1151 3543 1189 3592 si
1211 3556 1426 3605 quoerere
1443 3559 1604 3606 perges
1617 3583 1630 3606 ,

351 3622 654 3695 'Adpositum
676 3631 854 3694 poteris
874 3629 1048 3693 supera
1064 3643 1350 3694 oognoscere
1373 3633 1570 3682 Piscem.

371 3725 408 3771 E
433 3721 630 3783 pedibus
647 3722 816 3768 natum
837 3731 1031 3768 summo
1049 3721 1172 3769 Jove
1189 3721 1360 3768 Persea
1381 3719 1502 3767 vises
1518 3757 1531 3779 ‚
1878 3729 1939 3772 20

369 3815 501 3869 Quos
524 3809 735 3858 humeris
758 3807 932 3857 retinet
953 3806 1115 3858 defixo
1135 3820 1333 3870 corpore
1351 3811 1547 3856 Perseus
1562 3843 1576 3867 ‚
1671 3833 1697 3860 ο

370 3900 528 3954 Quem
550 3907 739 3946 summa
757 3894 820 3944 ab
845 3893 1037 3956 regione
1055 3895 1304 3956 Aquilonis
1323 3893 1516 3943 flamina
1540 3905 1743 3957 pulsant.

367 3985 460 4036 uic
476 3983 698 4033 dextram
719 3981 780 4030 nd
803 3982 942 4031 sedes
961 3981 1168 4031 intendit
1197 3983 1464 4044 Cassiepeae
1477 4019 1491 4042 ,

367 4071 690 4133 Diversosque
708 4069 878 4132 pedes,
894 4070 1085 4118 vinctos
1105 4068 1339 4118 talaribus
1355 4071 1479 4132 aptis
1491 4105 1506 4130 ,

369 4158 742 4209 pulverulentus
766 4158 836 4206 uti
854 4157 917 4206 de
930 4160 1060 4206 terra
1077 4156 1259 4220 elapsu'
1279 4163 1478 4220 repente
1877 4167 1937 4210 25

367 4250 426 4298 ln
441 4247 614 4297 cmlum
637 4247 791 4295 victor
811 4258 982 4306 magno
1000 4245 1094 4295 sub
1113 4245 1324 4296 culmine
1341 4247 1517 4308 portat.

371 4337 435 4388 At
452 4337 648 4400 propter
665 4334 845 4383 laevum
865 4345 1016 4395 genus
1028 4333 1159 4382 omni
1179 4347 1241 4384 ex
1261 4337 1397 4396 parte
1422 4335 1600 4385 locatas

367 4426 547 4475 Parvas
568 4423 801 4484 Vergilias
819 4421 950 4470 tenui
971 4434 1086 4469 cum
1109 4422 1214 4470 luce
1241 4422 1440 4471 videbis.

366 4513 462 4563 Bm
477 4513 660 4574 septem
684 4510 826 4570 vulgo
845 4507 1158 4572 perhibentur
1177 4523 1313 4558 more
1331 4512 1522 4558 vetusto

368 4600 532 4652 stellae
547 4637 560 4660 ,
589 4601 856 4648 cernuntur
872 4609 989 4646 vero
1007 4609 1095 4646 sex
1119 4597 1332 4659 undique
1357 4610 1534 4658 parvm.
1875 4603 1937 4650 30

366 4689 432 4740 At
455 4699 552 4738 non
577 4685 810 4736 interiisse
826 4684 986 4748 putari
1005 4683 1231 4734 convenit
1249 4698 1414 4745 unam,

367 4778 460 4828 sed
485 4778 660 4827 frustra
679 4780 862 4825 temere
884 4787 916 4824 a
933 4773 1080 4836 vulgo
1101 4773 1282 4822 ratione
1298 4773 1400 4822 sine
1426 4773 1521 4821 nlla

365 4867 557 4928 Septem
580 4865 744 4924 dicier,
765 4865 821 4912 ut
840 4862 1255 4912 veteres-statuere
1276 4863 1428 4922 poetae
1441 4897 1454 4919 ,

367 4954 568 5006 aeterno
587 4955 788 5002 cunctas
803 4963 919 5001 nne
943 4951 1028 5012 qui
1053 4951 1245 4998 nomine
1266 4949 1452 5010 signant
1473 4967 1484 4996 :

369 5041 597 5104 Alcyone.
620 5043 926 5102 Meropeque,
952 5039 1165 5097 celoeno,
1190 5039 1514 5097 Taygeteque,
1873 5041 1934 5084 35

367 5127 576 5188 nm,
599 5129 896 5190 steropeque
909 5163 922 5186 ‚
941 5126 1084 5175 simul
1106 5123 1402 5172 sanctissima
1423 5122 1560 5170 Maia.

369 5215 457 5264 En
474 5215 645 5263 tenues
669 5223 817 5275 parvo
843 5210 1057 5260 labentes
1080 5209 1262 5258 lumine
1277 5208 1441 5256 lucent
1455 5226 1470 5268 ;

2042 557 2105 604 At
2124 568 2351 616 magnum
2374 565 2551 602 nomen
2572 552 2690 613 signi
2716 551 2999 614 clarumque
3019 552 3236 613 vocatur,

2043 640 2302 705 Propterea
2318 641 2451 704 quod
2471 644 2523 691 et
2538 641 2717 690 aestatis
2741 640 2999 703 primordia
3018 640 3197 700 clarat,

2040 734 2105 781 Et
2121 735 2229 793 post
2246 731 2433 779 hiberni
2452 728 2769 793 praependens
2786 728 3016 790 temporis
3040 732 3202 788 ortus,

2047 818 2285 868 Admonet
2304 822 2359 867 ut
2376 818 2607 867 mandent
2624 815 2851 866 mortales
2872 816 3053 864 semina
3079 815 3233 865 terris.

2044 906 2161 955 inde
2180 906 2321 955 Fides
2340 906 2507 954 leviter
2526 904 2678 967 posita
2694 907 2746 953 et
2764 916 2981 952 convexa
3000 902 3189 953 videtur
3202 940 3217 964 ,

2045 994 2315 1043 Mercurius
2334 1007 2509 1056 parvus
2526 991 2750 1042 manibus
2768 1005 2915 1053 quam
2932 991 3107 1040 dicitur
3125 992 3239 1040 olim

2046 1082 2251 1131 infirmis
2275 1081 2533 1130 fabricatus
2550 1081 2599 1129 in
2617 1080 2717 1129 alta
2737 1079 2849 1128 sede
2871 1079 3070 1128 locasse.

2044 1172 2162 1219 Haec
2188 1182 2339 1229 genus
2356 1168 2418 1218 ad
2442 1169 2618 1217 laevum
2640 1167 2750 1219 Nixi
2768 1166 2965 1229 delapsa
2984 1166 3159 1216 resedit

2041 1260 2202 1318 Atque
2224 1258 2346 1305 inter
2370 1256 2549 1305 flexum
2576 1268 2727 1317 genus
2748 1258 2799 1304 et
2824 1257 2971 1317 caput
2990 1255 3116 1304 alitis
3140 1255 3298 1303 haesit.
3378 1298 3391 1306 .

2042 1346 2261 1406 Namque
2282 1347 2355 1394 est
2377 1345 2475 1394 ales
2492 1344 2595 1393 avis
2609 1381 2626 1404 ,
2652 1344 2748 1393 lato
2766 1344 2857 1393 sub
2876 1346 3085 1405 tegmine
3102 1343 3207 1391 caeli

2045 1437 2168 1491 Quae
2191 1432 2323 1482 volat
2344 1434 2393 1481 et
2412 1419 2824 1493 serpens'geminis
2844 1432 2977 1479 secat
3000 1442 3112 1478 aera
3130 1429 3306 1491 pinnis.

2043 1521 2209 1571 Altera
2226 1534 2334 1583 pars
2356 1519 2473 1569 huic
2490 1518 2699 1569 obscura
2720 1520 2793 1569 est
2804 1520 2856 1567 et
2877 1517 3071 1567 luminis
3094 1530 3300 1579 expers:

2044 1610 2207 1659 Altera
2222 1622 2311 1657 nec
2330 1609 2489 1669 parvis
2506 1618 2596 1655 nee
2617 1605 2757 1655 claris
2771 1605 2957 1654 lucibus
2979 1606 3142 1665 ardet,

2044 1696 2137 1747 Sed
2160 1696 2401 1745 mediocre
2418 1694 2536 1757 jacit
2561 1694 2783 1757 quatiens
2798 1706 2829 1743 e
2854 1706 3056 1756 corpore
3074 1694 3258 1742 lumen.

2046 1788 2163 1835 Hoec
2184 1784 2403 1834 dextram
2428 1783 2607 1845 Cephei
2626 1783 2798 1832 dextro
2812 1782 2933 1845 pede
2950 1783 3126 1845 pellere
3148 1783 3361 1845 palmam

2044 1871 2199 1923 Gestit
2220 1891 2232 1920 r
2250 1872 2351 1933 jam
2378 1884 2490 1920 vero
2509 1871 2689 1919 clinata
2710 1872 2782 1920 est
2806 1869 2984 1931 ungula
3008 1870 3203 1918 vemens

2048 1959 2204 2009 Fortis
2232 1959 2355 2021 Equi
2382 1960 2574 2019 propter
2592 1957 2779 2021 pinnati
2798 1956 3011 2019 corporis
3026 1956 3171 2006 alam.

2044 2049 2149 2107 lpse
2166 2050 2328 2095 autem
2352 2046 2681 2095 labens·mutis
2706 2046 2877 2107 Equus
2893 2045 2972 2093 ille
3000 2046 3191 2093 tenetur

2050 2134 2263 2183 Piscibus
2285 2153 2297 2181 ε
2317 2134 2430 2181 huie
2447 2134 2610 2183 cervix
2636 2132 2810 2182 dextra
2828 2132 3067 2191 mulcetur
3088 2132 3283 2194 Aquari.

2048 2222 2211 2271 Serius
2234 2223 2340 2271 haec
2357 2222 2519 2271 obitus
2536 2223 2684 2270 terrai
2708 2220 2821 2269 visit
2842 2220 2967 2282 Equi
2991 2221 3063 2269 vis
3078 2256 3093 2281 ,

2044 2314 2200 2368 Quam
2228 2310 2435 2372 gelidum
2456 2309 2615 2358 valido
2633 2307 2694 2358 de
2718 2308 2911 2371 pectore
2932 2307 3079 2370 frigus
3094 2307 3295 2357 anhelat

2044 2401 2259 2459 Corpore
2282 2398 2505 2447 semifero
2528 2409 2701 2459 magno
2720 2397 3037 2459 capricornus
3058 2396 3107 2444 in
3132 2396 3253 2443 orbe
3278 2408 3293 2442 z

2044 2488 2201 2544 Quem
2221 2498 2371 2548 quum
2397 2487 2627 2547 perpetuo
2648 2485 2841 2533 vestivit
2860 2484 3041 2533 lumine
3054 2484 3213 2543 'litam

2044 2573 2257 2625 Brumali
2286 2574 2483 2622 flectens
2501 2575 2789 2633 contorquet
2802 2575 3019 2633 tempore
3035 2584 3231 2620 currum
3239 2606 3256 2633 ,

2046 2665 2152 2712 Hoc
2178 2674 2298 2711 cave
2320 2663 2371 2709 te
2390 2662 2437 2709 in
2460 2663 2660 2722 pontum
2680 2659 2875 2709 studeas
2894 2660 3194 2708 committere
3212 2672 3406 2717 mense;

2043 2751 2166 2800 Ram
2188 2762 2285 2798 non
2305 2748 2621 2811 longinquum
2639 2746 2847 2809 spatium
2875 2747 3037 2799 labere
3050 2746 3281 2795 diurnum
3299 2783 3315 2805 ‚

2046 2842 2150 2889 Non
2170 2838 2368 2887 hiberna
2390 2837 2486 2885 cito
2506 2835 2729 2885 volvetur
2746 2835 2989 2885 curriculo
3015 2847 3131 2884 nox.

2046 2927 2255 2976 Humida
2277 2939 2375 2976 non
2392 2939 2497 2975 sese
2516 2925 2687 2974 vestris
2703 2938 2877 2974 aurora
2892 2923 3100 2987 querelis

2046 3016 2196 3065 ocius
2216 3014 2436 3064 ostendet
2454 3013 2568 3062 clari
2596 3012 2867 3076 praenuntia
2884 3013 3024 3070 solis3

2044 3105 2108 3152 At
2133 3101 2301 3152 validis
2320 3115 2489 3163 aequor
2512 3101 2721 3163 pulsabit
2736 3100 2919 3150 viribus
2936 3103 3107 3150 Auster

2044 3193 2169 3240 Tum
2194 3190 2350 3238 fixum
2367 3188 2575 3238 tremulo
2604 3188 2849 3250 quatietur
2870 3187 3043 3249 frigore
3064 3200 3253 3250 corpus.

2046 3277 2140 3327 Sed
2158 3279 2319 3326 tamen
2344 3277 2453 3326 anni
2470 3277 2569 3337 jam
2590 3275 2817 3324 labuntur
2838 3277 3053 3338 tempore
3070 3276 3175 3324 toto
3187 3312 3202 3335 ,

2046 3369 2146 3416 Nec
2171 3367 2248 3414 eui
2272 3365 2515 3426 signorum
2540 3362 2746 3422 cedunt,
2766 3375 2924 3424 neque
2947 3361 3141 3410 {lamina
3164 3359 3345 3416 vitant,

2043 3455 2142 3504 Nec
2160 3457 2381 3502 metuunt
2405 3465 2549 3500 canos
2568 3449 2807 3500 minitanti
2835 3461 3083 3498 murmure
3097 3447 3287 3496 fluetus.

2046 3544 2199 3603 Atque
2222 3542 2365 3590 etiam
2384 3552 2558 3601 supero
2584 3539 2696 3587 navi
2720 3539 2983 3600 pelagoque
3002 3539 3173 3584 vacato
3250 3601 3261 3612 .

2046 3633 2232 3689 Mense,
2254 3627 2590 3690 Sagittipotens
2611 3626 2725 3676 solis
2742 3639 2892 3689 qnum
2911 3625 3114 3675 sustinet
3136 3624 3303 3672 orbem
3324 3643 3339 3671 ε

2044 3719 2161 3766 Nam
2184 3716 2285 3777 iam
2303 3719 2409 3764 tum
2434 3715 2576 3764 nimis
2593 3717 2765 3776 exiguo
2778 3715 2865 3762 lux
2880 3715 3099 3775 tempore
3116 3715 3291 3775 prato
3316 3715 3403 3760 est.

2044 3807 2149 3854 Hoc
2172 3803 2357 3863 signum
2376 3804 2572 3852 veniens
2594 3803 2822 3863 poterunt
2840 3811 3133 3861 praenoscere
3150 3801 3339 3858 mutan

2044 3894 2153 3941 Jam
2172 3904 2319 3954 prope
2341 3890 2671 3953 praecipitante
2692 3887 2852 3938 licebit
2866 3889 3016 3936 visere
3034 3889 3201 3944 noete,

2044 3983 2109 4030 Ut
2126 3993 2231 4029 sese
2248 3991 2493 4041 emergens
2511 3976 2735 4026 ostendat
2762 3976 2986 4036 Scorpius
3002 3974 3101 4023 alto
3114 4010 3129 4034 ‚

2045 4061 2309 4116 posteriore
2328 4064 2521 4112 trahens
2548 4061 2730 4111 flexum
2752 4062 2797 4108 vi
2820 4060 3033 4122 corporis
3052 4065 3249 4111 Arcum.

2041 4158 2149 4204 Jam
2172 4153 2343 4215 supera
2364 4163 2530 4200 cernes
2549 4149 2676 4198 Arcti
2698 4153 2843 4210 caput
2860 4161 2961 4198 esse
2986 4148 3182 4196 minoris

2044 4245 2107 4291 Et
2126 4241 2275 4302 magis
2301 4240 2515 4288 erectum
2530 4237 2588 4286 ad
2610 4249 2857 4284 summum
2881 4235 3113 4284 versarier
3140 4233 3319 4284 orbem.

2044 4333 2172 4380 Tum
2189 4341 2291 4377 sese
2314 4327 2462 4377 Orion
2484 4329 2585 4375 toto
2600 4325 2703 4386 jam
2732 4337 2929 4386 corpore
2954 4323 3128 4372 condet

2042 4421 2267 4467 Extrema
2287 4429 2431 4478 prope
2454 4417 2595 4463 nocte
2622 4416 2671 4462 et
2689 4411 2906 4474 cepheus
2927 4410 3152 4460 conditur
3167 4411 3263 4459 alte

2040 4505 2342 4554 Lumborum
2362 4506 2504 4552 tenus
2524 4515 2552 4549 a
2572 4501 2730 4562 palma
2743 4499 2974 4560 depulsus
2987 4497 3049 4546 ad
3068 4498 3277 4546 umbras.

2047 4593 2137 4642 Hic
2159 4591 2357 4640 missure
2378 4602 2555 4638 vacans
2584 4589 2767 4650 fulgens
2778 4584 2907 4648 jacet
2928 4599 3020 4634 una
3048 4585 3244 4646 Sagitta,

2044 4683 2201 4735 Quam
2224 4680 2417 4741 propter
2440 4678 2599 4724 nitens
2616 4676 2761 4738 pinna
2778 4675 3080 4723 convolvitur
3097 4673 3209 4722 ales.

2044 4769 2161 4818 lime
2178 4767 2351 4815 clinata
2369 4763 2516 4824 magis
2534 4762 2694 4825 paullo
2708 4762 2780 4812 est
2798 4761 3047 4823 Aquilonis
3068 4759 3129 4808 ad
3154 4773 3303 4808 auras.

2042 4858 2104 4904 At
2126 4857 2318 4915 propter
2332 4863 2382 4899 se
2400 4849 2574 4910 Aquila
2590 4847 2775 4898 ardenti
2796 4861 2907 4897 cum
2924 4861 3123 4910 corpore
3140 4851 3318 4910 portat,

2042 4941 2298 5004 Igniserum
2324 4937 2537 4986 mulcens
2561 4935 2885 4986 tremebundis
2906 4936 3087 4985 aethera
3114 4935 3265 4998 pinnis

2042 5033 2144 5080 Non
2164 5029 2303 5076 nimis
2328 5027 2503 5088 ingenti
2522 5037 2633 5074 cum
2656 5037 2883 5087 corpore,
2905 5025 2987 5074 sed
3010 5037 3153 5085 grave
3168 5021 3351 5071 moestis

2041 5117 2267 5166 Ostendit
2283 5116 2441 5165 nautis
2460 5114 2740 5176 perturbans
2753 5127 2949 5175 aequora
2972 5113 3175 5174 signum.

2044 5205 2165 5252 'l'nm
2189 5203 2344 5264 magni
2363 5215 2542 5252 curvus
2560 5202 2833 5264 Capricorni
2854 5215 3051 5262 corpora
3070 5201 3257 5262 propter

3540 2047 3589 2089 55

3538 2486 3591 2529 ⁶0

3542 2927 3593 2969 ⁶5

3538 3797 3591 3842 75

3538 5119 3589 5157 SR}
