3767 5825
436 414 506 462 ²8
1501 394 1896 455 OlllllANor
1942 395 2483 456 ΚΥΝΗΓΕΤΙΚΩΝ
2525 398 2590 455 Γ.

553 531 767 610 ἀρνειῶν
793 527 984 610 ἐρίφων
1010 551 1069 586 τε
1100 524 1433 586 πολυπλόκον
1462 527 1805 608 ἇρπακτῆρα,

552 617 646 688 τὴν
676 616 719 675 δ’
750 605 819 673 αὖ
840 613 1144 696 νυκτιπόρον
1167 614 1259 673 καὶ
1284 617 1683 686 νυκτιπλανῆτιν
1707 618 1918 691 ἐοῦσαν,

550 702 735 763 οὕνεκά
764 707 812 763 οἱ
840 703 925 762 διὰ
952 701 1115 762 νύκτα
1142 701 1297 784 φάος,
1326 701 1507 772 σκότος
1530 693 1655 762 αὔτε
1678 702 1789 780 μετ’
1820 705 1923 773 ἠῶ.

458 839 467 849 .
490 814 533 850 ,·»
560 791 719 852 Εἶδεα
748 791 793 849 δ’
822 788 1130 871 ἀμφοτέροις
1156 789 1398 868 ἀνομοίϊα
1422 790 1574 873 θηρσὶ
1602 791 1875 872 δαφοινοῖς·

548 876 636 936 τὸν
666 875 763 954 μὲν
790 877 891 958 γάρ
919 901 976 936 τε
1006 879 1216 938 κύνεσσι
1237 877 1544 938 πανείκελον
1572 879 1815 951 ὠπήσαιο

539 964 739 1044 μείζοσι
762 967 1107 1044 ποιμενικοῖς,
1134 965 1295 1038 λασίη
1320 967 1365 1024 δ’
1394 965 1699 1026 ἐπιέσπεται
1722 965 1869 1048 οὗρή·

544 1057 579 1124 ἡ
608 1049 666 1110 δέ
691 1075 749 1111 τε
773 1059 1051 1134 κυρτοῦται
1082 1053 1316 1130 μεσάτην
1347 1053 1519 1136 ῥάχιν,
1548 1054 1687 1136 ἀμφὶ
1714 1054 1770 1113 δὲ
1794 1052 1968 1124 πάντη

540 1138 850 1220 λαχνήεσσα
876 1144 1047 1221 κυρεῖ,
1076 1139 1213 1199 κατὰ
1241 1142 1286 1198 δ’
1318 1139 1577 1222 ἔγραπται
1606 1139 1768 1219 δέμας
1806 1139 1949 1198 αἰνὸν

450 1247 525 1286 275
548 1226 769 1308 κυανέῃς
798 1227 1073 1311 ἑκάτερθεν
1100 1227 1367 1310 ἐπήτριμα
1393 1229 1643 1310 ταινίῃσι·

546 1315 721 1388 στεινὴ
752 1315 799 1374 δ’
829 1317 1065 1384 ἕκτάδιός
1089 1341 1145 1376 τε
1174 1316 1323 1376 πέλει
1349 1317 1489 1376 κατὰ
1516 1323 1655 1377 νῶτα
1681 1316 1773 1377 καὶ
1800 1315 1976 1399 οὗρήν·

548 1402 685 1486 ῥινὸν
704 1403 749 1462 δ’
779 1403 1149 1488 ἀμφοτέροισιν
1180 1405 1526 1465 ἐπικλείουσιν
1554 1405 1719 1465 ἀοιδοὶ

540 1490 825 1572 ῥιγεδανόν·
850 1497 944 1550 τοῦ
978 1489 1073 1570 μέν
1094 1515 1145 1551 τι
1170 1491 1457 1570 διατμήξας
1482 1492 1603 1572 περὶ
1626 1491 1812 1553 ποσσὶν

543 1583 589 1638 εἶ
599 1580 816 1663 φορέοις,
828 1577 1029 1662 φορέοις
1043 1579 1321 1640 σκυλάκων
1333 1581 1469 1662 μέγα
1490 1582 1646 1659 δεῖμα
1662 1584 1946 1662 κραταιῶν,

446 1689 527 1731 ιω
545 1668 639 1729 καί
666 1692 725 1728 σε
752 1667 899 1736 κύνες
925 1666 1167 1728 κείνοισιν
1196 1669 1580 1747 ἐπεμὸεὸαῶτα
1606 1670 1834 1737 πεδίλοις

539 1756 713 1817 ἀντίον
741 1760 841 1837 οὐχ
870 1755 1085 1816 ὑλάουσι
1111 1757 1277 1838 πάρος
1304 1781 1365 1836 γε
1394 1755 1488 1836 μὲν
1518 1758 1855 1824 ὓλακόωντες.

543 1849 613 1908 Εἰ
642 1845 698 1905 δὲ
719 1846 877 1904 λύκον
908 1844 1079 1924 δείρας
1108 1849 1259 1928 ῥινῶν
1290 1845 1396 1905 ἄπο
1422 1846 1703 1918 τεκτήναιο

541 1931 817 2011 τύμπανον
839 1933 1139 2006 εὖκέλαδον,
1168 1933 1476 2012 Διδυμήῖον,
1506 1933 1887 2014 ὠλεσίκαρπον,

544 2021 734 2101 μοῦνόν
760 2044 843 2082 τοι
866 2020 1001 2100 μετὰ
1025 2029 1160 2081 πᾶσι
1191 2019 1525 2103 βαρύὸρομον
1554 2021 1773 2100 ἔκλαγεν
1797 2019 1957 2100 ἠχὴν,

446 2131 524 2171 aris
547 2109 637 2169 καὶ
662 2114 851 2188 μοῦνον
878 2111 1139 2190 παταγεῖ,
1166 2107 1234 2168 τὰ
1260 2111 1308 2168 δ’
1336 2111 1521 2190 ἐῢθροα
1554 2110 1776 2190 πρόσθεν
1800 2109 1950 2167 ἐόντα

539 2195 789 2276 τύμπανα
816 2195 1043 2276 σιγάζει,
1070 2195 1286 2278 κώφησέ
1313 2221 1371 2256 τε
1397 2207 1572 2256 πᾶσαν
1599 2197 1747 2268 ἷωήν.

542 2287 655 2349 Καὶ
682 2285 929 2370 φθίμεναι
954 2285 1057 2368 γὰρ
1084 2286 1161 2355 ὀῖς
1183 2287 1427 2370 φθίμενον
1454 2286 1613 2346 λύκον
1644 2287 1896 2369 ἐῤῥίγασι.
1915 2291 1928 2304 “

536 2379 735 2453 Θαῦμα
757 2374 813 2435 δὲ
831 2375 924 2435 καὶ
939 2375 1045 2435 τόδ’
1060 2374 1263 2435 ἄκουσα
1289 2375 1412 2458 περὶ
1434 2380 1703 2456 στικτῇσιν
1735 2375 1934 2442 ὓαίναις
1945 2420 1960 2448 ,

536 2463 730 2546 ἄρσενα
757 2463 850 2523 καὶ
877 2463 1088 2536 θήλειαν
1119 2462 1429 2542 ἀμείὸεσθαι
1455 2463 1775 2534 λυκάὸαντι,

445 2569 521 2612 tvo
546 2553 637 2612 καί
666 2575 795 2612 ποτε
830 2551 928 2631 μὲν
954 2550 1179 2612 τελέθειν
1207 2551 1491 2634 δυσδερκέα
1519 2555 1882 2633 νυμφευτῆρα,

540 2640 768 2720 νωλεμὲς
794 2641 1066 2722 ἱμείροντα
1092 2639 1301 2721 γάμων,
1330 2639 1457 2700 ποτὲ
1488 2643 1531 2699 δ’
1563 2635 1705 2705 αὖθις
1730 2644 1950 2720 δρᾶσθαι

536 2727 824 2810 θηλυτέρην
848 2728 1073 2810 νύμφην,
1101 2728 1286 2810 λοχίην
1310 2729 1405 2790 καὶ
1430 2727 1634 2810 μητέρα
1662 2727 1865 2800 κεδνήν.

618 2817 780 2878 Ἀλλὰ
807 2819 980 2878 λύκων
1005 2817 1202 2878 τελέθει
1226 2817 1536 2900 πολιότριχα
1563 2817 1717 2877 πέντε
1744 2817 1988 2896 γένεθλα,

536 2905 677 2967 εἴδεα
706 2906 752 2968 δ’
780 2905 1028 2979 ἀλλήλοις
1057 2905 1297 2985 ἅνομοίῖα
1323 2906 1657 2988 τεκμήραντο

442 3016 522 3057 2⁸5
542 2998 711 3077 φῶτες
738 2993 1036 3075 ἀμορὸἧες,
1068 3003 1233 3055 τοῖσιν
1261 2989 1383 3071 με’λε
1440 2992 1563 3065 δήϊα
1591 2994 1747 3074 φῦλα.

535 3086 734 3166 Πρῶτα
758 3082 854 3161 μὲν
882 3082 939 3143 ὃν
961 3081 1211 3144 καλέουσι
1242 3080 1573 3164 θρασύφρονα
1602 3080 1905 3162 τοξευτῆρα·

534 3170 709 3239 ξουθὸς
735 3169 831 3248 μὲν
859 3170 1069 3253 πρόπαν
1098 3160 1260 3247 εἶδος,
1289 3168 1423 3249 ἀτὰρ
1440 3168 1697 3251 περιηγέα
1725 3177 1849 3247 γυῖα

532 3258 623 3318 καὶ
650 3256 885 3340 κεφαλὴν
910 3257 1082 3339 φορέει
1108 3257 1243 3316 πολὺ
1273 3255 1484 3335 μείζονα
1519 3256 1613 3315 καὶ
1636 3255 1732 3315 θοὰ
1760 3258 1928 3315 κῶλα·

536 3344 769 3428 γαστέρα
799 3345 843 3404 δ’
874 3344 1220 3425 ἀργαίνουσαν
1250 3341 1359 3423 ἔχει
1388 3343 1549 3422 πολιῇ
1579 3342 1884 3426 ῥαθάμιγγι·

435 3462 516 3502 ³00
545 3440 865 3524 σμερδαλέω
896 3441 941 3499 δ’
970 3440 1113 3521 ἰάχει
1139 3464 1197 3499 τε
1224 3439 1314 3499 καὶ
1342 3440 1494 3521 ὑψόθι
1518 3437 1749 3517 πάμπαν
1778 3438 1965 3520 ὀρούει,

534 3528 646 3589 αἰὲν
673 3527 951 3589 ἰπισσείων
978 3526 1210 3609 κεφαλὴν
1239 3524 1428 3608 πυρόεν
1454 3550 1515 3586 τε
1543 3525 1821 3607 δεδορκώς.

611 3615 797 3684 Ἄλλος
816 3614 859 3675 δ’
880 3606 949 3675 «3
973 3613 1185 3694 μέγεθος
1206 3612 1301 3692 μὲν
1317 3612 1618 3695 ὑπέρτερος,
1639 3616 1777 3696 ἅψεα
1796 3614 1841 3673 δ’
1862 3606 1986 3673 α’ύτε

534 3704 851 3783 μηκεδανὸς,
879 3703 1134 3764 πάντεσσι
1161 3699 1409 3783 θοώτερος
1434 3691 1549 3761 ὦκα
1576 3698 1798 3761 λύκοισι·

532 3794 621 3853 τὸν
650 3790 873 3874 μέροπες
900 3790 1075 3872 κίρκον
1103 3814 1163 3851 τε
1189 3788 1281 3850 καὶ
1316 3788 1533 3871 ἅρπαγα
1562 3790 1923 3862 κικλήσκουσι.

439 3902 520 3944 806
544 3882 741 3963 Heni?
770 3880 862 3941 σὺν
892 3880 1044 3964 ῥοίζῳ
1072 3878 1129 3939 δὲ
1158 3878 1286 3957 μάλ’
1314 3878 1515 3959 ὄρθριος
1542 3868 1671 3937 εἶσιν
1702 3878 1785 3936 ἐπ’
1816 3878 1984 3959 ἄγρην

534 3970 719 4053 πρώτῃ
746 3970 835 4029 ὑπ’
853 3967 1142 4051 ἀμφιλύκη·
1172 3968 1265 4051 ῥέα
1285 3967 1389 4049 γάρ
1411 3967 1457 4025 τ’
1485 3965 1739 4026 ἐπιδεύετ’
1766 3968 1980 4038 ἐδωδῆς.

534 4062 701 4139 Χροιῇ
730 4058 777 4116 δ’
804 4058 1037 4141 ἀργυφέη
1067 4058 1281 4137 σελαγεῖ
1308 4054 1537 4136 πλευράς
1558 4078 1615 4113 τε
1648 4054 1739 4113 καὶ
1763 4055 1945 4135 οὗρήν·

534 4145 664 4206 ναίει
697 4145 742 4204 δ’
771 4144 927 4227 οὔρεα
956 4144 1155 4229 μακρά·
1182 4142 1253 4203 τὰ
1280 4144 1328 4201 δ’
1355 4142 1553 4203 ὁππότε
1580 4142 1833 4223 χείματος
1867 4142 1979 4225 ὥρη

536 4236 596 4293 ἐκ
619 4231 811 4316 νεφέων
837 4232 1163 4315 προχυθεῖσα
1184 4230 1317 4312 χιὼν
1346 4230 1607 4312 κρυόεσσα
1637 4228 1849 4310 καλύψῃ
1863 4275 1879 4302 ,

438 4344 519 4383 ain
546 4321 612 4394 δὴ
641 4320 762 4381 τότε
788 4320 879 4380 καὶ
906 4320 1084 4388 πόλιος
1111 4318 1277 4387 πέλας
1301 4316 1446 4378 ἵκετο
1470 4317 1569 4399 θὴρ
1596 4318 1886 4400 ὀλοόφρων,

534 4419 712 4469 πᾶσαν
745 4408 1011 4482 ἀναιδείην
1044 4406 1332 4487 ἐπιειμένος
1361 4406 1513 4466 εἵνεκ’
1541 4408 1763 4481 ἐδωδῆς,

532 4498 700 4579 λάθρη
728 4496 774 4556 τ’
800 4496 1053 4574 ἕμπελάει
1120 4494 1227 4555 άλα
1253 4495 1302 4554 τ’
1328 4496 1521 4577 ἤρεμος
1536 4540 1553 4568 ,
1582 4495 1779 4555 εἰσόκεν
1808 4494 1944 4579 ἄγρῃ

534 4584 823 4667 ἕγχρίμψῃ·
851 4583 948 4657 τὴν
972 4584 1016 4643 δ’
1046 4608 1079 4643 α
1100 4587 1178 4667 ψα
1206 4584 1341 4651 θοοῖς
1368 4581 1612 4663 ὀνύχεσσι
1636 4583 1889 4665 ἔμαρψεν.

609 4670 771 4734 Ἔστι
799 4670 856 4731 δέ
881 4696 961 4740 τις
986 4671 1220 4755 Ταύροιο
1244 4671 1591 4755 νιφοὸλήτους
1618 4672 1748 4753 ὑπὲρ
1779 4672 1941 4754 ἄκρας

322 4774 330 4781 ’
437 4782 516 4823 :¹15
542 4760 760 4822 ἔνδιάων
790 4760 1018 4829 Κίλικάς
1043 4785 1101 4821 τε
1134 4761 1335 4842 πάγους
1357 4762 1447 4820 καὶ
1476 4766 1685 4843 πρῶνας
1712 4762 1938 4839 Ἀμανοῢ
1958 4806 1976 4839 ,

532 4850 691 4918 καλὸς
709 4852 864 4924 ἰδεῖν,
893 4850 1109 4933 θήρεσσι
1134 4851 1446 4932 πανέξοχος,
1476 4850 1591 4910 ὅντε
1620 4853 1838 4910 καλεῦσι

532 4938 773 5021 χρύσεον,
802 4940 1173 5021 ἀστράπτοντα
1201 4938 1660 5023 περισσοκόμοισιν
1692 4940 1937 5021 ἐθείραις·

534 5030 593 5086 οὗ
616 5026 799 5097 λύκος,
815 5025 1124 5087 ἀλλὰλύκου
1146 5028 1561 5110 προφερέστατος
1570 5026 1980 5108 αἰπύτατοςθὴρ,

532 5114 735 5195 χείλεσι
761 5114 1057 5197 χαλκείοισι
1082 5116 1395 5195 τεθηγμένος
1410 5162 1425 5189 ,
1456 5116 1683 5183 ἄσπετος
1708 5115 1894 5186 ἀλκήν.

434 5222 517 5264 m
542 5201 785 5265 Πολλάκι
810 5226 890 5263 τοι
918 5203 1009 5264 καὶ
1037 5203 1238 5285 χαλκὸν
1267 5203 1503 5285 ἀτειρέα,
1530 5202 1757 5263 πολλάκι
1785 5204 1921 5262 λᾶαν

2079 535 2264 599 petum]
2281 535 2487 585 arietum
2511 534 2862 598 haedorumque
2883 535 3097 584 astutum
3121 539 3355 596 raptorem
3368 569 3385 596 ,

2079 623 2201 672 hanc
2219 637 2330 672 vero
2353 624 2676 686 noctIgradam
2699 626 2750 673 et
2769 623 3069 684 noctivagum
3081 657 3096 686 ,

2078 711 2192 773 quia
2211 711 2302 774 ipsi
2315 725 2401 775 per
2417 717 2608 762 noctem
2628 711 2792 761 lumen
2807 715 2900 772 est,
2923 711 3073 773 caligo
3094 717 3258 760 contra
3271 713 3380 774 post
3397 723 3632 760 anmi-arn.

2077 801 2262 849 Formae
2279 813 2392 850 vero
2413 801 2628 864 utrisque
2646 799 2899 850 dissimiles
2917 803 3044 850 sunt
3065 799 3180 850 seris
3195 800 3433 850 mentis:

2077 901 2188 936 nam
2209 888 2346 938 illum
2367 888 2560 952 quidem
2584 888 2784 939 canibus
2805 889 3096 952 persimilem
3119 889 3284 938 videas

2078 976 2340 1038 majoribus
2351 1014 2367 1038 ,
2391 977 2709 1040 pastoralibus
2725 1014 2740 1039 ,
2765 978 2890 1026 hirta
2907 990 3021 1026 vero
3037 989 3156 1026 cum
3173 976 3390 1040 sequitur
3407 975 3584 1036 cauda3

2078 1063 2181 1113 lnaec
2203 1069 2364 1114 autem
2387 1065 2916 1128 inflectitur-in-gibbum
2939 1064 3092 1115 media
3109 1065 3408 1129 spina-dorsi,
3427 1066 3634 1130 undique

2079 1152 2209 1216 vero]
2231 1153 2414 1203 hirsuta
2433 1157 2534 1215 est3
2559 1157 2898 1218 compunctum
2925 1167 3038 1204 vero
3061 1157 3137 1204 est
3155 1167 3328 1217 eorpus
3351 1167 3534 1204 saevum

2075 1240 2221 1302 nigris
2247 1243 2470 1304 utrinque
2491 1241 2639 1292 dense
2657 1243 2817 1306 lineis;

2076 1331 2276 1389 angusta
2290 1342 2407 1380 vero
2425 1329 2723 1394 oblongaque
2735 1337 2828 1391 est,
2846 1330 3238 1394 quod-attinetur!
3251 1330 3451 1382 dorsum
3469 1337 3516 1382 et
3527 1345 3633 1381 cau·

2077 1417 2187 1466 dam
2197 1416 2232 1481 ς]
2253 1421 2412 1468 cutem
2431 1432 2544 1468 vero
2563 1419 2778 1482 utrisque
2795 1419 3126 1482 cognominant
3147 1425 3299 1483 poetae

2080 1506 2360 1570 terribilem3
2383 1508 2521 1569 cujus
2541 1508 2736 1570 quidem
2757 1509 3079 1571 particulam
3101 1515 3327 1560 resectam
3345 1509 3472 1558 circa
3495 1510 3635 1572 pedes

2077 1593 2117 1643 si
2137 1596 2320 1656 gestes»,
2346 1595 2554 1656 gestabis
2575 1610 2750 1646 canum
2783 1610 3007 1658 magnum
3029 1597 3466 1648 terriculamentum
3491 1599 3630 1648 robu-

2079 1681 2301 1745 storum,]
2325 1685 2376 1732 et
2399 1686 2446 1733 te
2467 1697 2610 1732 canes
2640 1684 2730 1733 illis
2749 1683 3045 1734 incedentem
3069 1684 3212 1732 soleis

2077 1783 2174 1820 non
2191 1771 2439 1835 allatrant,
2464 1773 2601 1834 prius
2624 1772 2819 1834 quidem
2843 1772 3065 1835 quamvis
3090 1771 3328 1822 latrantes.

2077 1859 2160 1908 Sin
2184 1863 2344 1908 autem
2367 1859 2482 1922 lupo
2501 1861 2742 1908 excoriato
2765 1875 2826 1908 ex
2854 1859 3058 1922 pellibus
3077 1859 3337 1908 confeceris

2077 1947 2358 2008 tympanum
2383 1959 2638 2006 sonorum,
2661 1944 2949 2007 Didymeum
2964 1981 2979 2006 ,
2999 1945 3188 2005 sterile,

2077 2035 2233 2084 solum
2257 2049 2373 2085 sane
2391 2035 2518 2086 inter
2542 2035 2704 2084 omnia
2727 2047 2920 2096 gravem
2944 2034 3045 2084 edit
3067 2033 3306 2095 sonitum,

2077 2127 2126 2173 et
2143 2123 2296 2174 solum
2321 2125 2600 2188 perstrepit;
2621 2137 2730 2187 quse
2753 2127 2914 2172 autem
2933 2136 3104 2173 sonora
3121 2127 3258 2172 antea
3281 2123 3474 2173 fuerant

2078 2214 2302 2275 tympana
2315 2249 2330 2274 ,
2346 2225 2408 2262 ea
2431 2211 2880 2262 conticescere-facit
2892 2246 2906 2271 ,
2925 2211 3042 2260 obtu
3049 2211 3244 2274 nditque
3260 2225 3455 2260 omnem
3473 2211 3628 2274 strepi-

2078 2300 2224 2364 tum.]
2233 2301 2413 2350 Etenim
2425 2305 2628 2350 mortuae
2637 2313 2828 2364 quoque
2837 2313 2954 2348 oves
2965 2301 3207 2349 mortuum
3217 2300 3388 2362 lupum
3399 2301 3628 2364 perhorre-

2078 2387 2258 2450 scunt]
2279 2388 2560 2438 Miraculum
2583 2389 2727 2438 etiam
2747 2389 2838 2436 hoc
2858 2387 3019 2436 audivi
3039 2387 3101 2438 de
3121 2387 3380 2437 maculosis
3398 2388 3599 2450 hymni-5,

2077 2490 2257 2526 marem
2281 2479 2330 2527 et
2353 2477 2576 2527 seminam
2589 2477 2766 2526 mutari
2788 2477 3068 2539 quotanni8‚

2077 2569 2127 2615 et
2150 2565 2267 2614 alias
2287 2565 2482 2628 quidem
2501 2579 2610 2614 esse
2631 2566 2809 2614 tetrum
2833 2565 3088 2628 sponsum,

2078 2659 2308 2718 perpetuo
2330 2656 2630 2717 appetentem
2653 2652 2934 2702 concubitus
2947 2687 2961 2712 ,
2985 2652 3102 2700 alias
3124 2665 3240 2702 vero
3262 2656 3430 2702 eontra
3447 2653 3588 2704 videri

2079 2743 2329 2803 seminam,
2355 2755 2574 2805 sponsam
2590 2779 2604 2802 ,
2629 2755 2910 2806 puerperam
2936 2746 2984 2790 et
3013 2747 3211 2791 matrem
3237 2741 3470 2792 sedula-i.

2141 2831 2236 2880 Sed
2258 2833 2480 2894 luporum
2505 2833 2618 2879 sunt
2641 2830 2806 2878 incana
2829 2830 3042 2893 quinque
3063 2844 3262 2891 genera,

2079 2922 2254 2969 formas
2277 2934 2396 2969 vero
2423 2919 2647 2969 inter-illa
2669 2918 2884 2981 dispares
2905 2920 3218 2969 observarunt

2071 3000 2200 3060 (viri)
2217 3004 2428 3062 pastores
2441 3036 2456 3061 ‚
2474 3000 2654 3062 quibus
2667 3013 2798 3049 curae
2819 3000 2950 3048 fuere
2971 2998 3164 3047 hostilia
3183 3008 3376 3057 genera.

2070 3088 2288 3137 Ptimum
2304 3088 2501 3151 quidem
2513 3125 2528 3147 ‚
2550 3101 2697 3147 quem
2711 3088 2962 3138 nominant
2977 3089 3184 3137 ferocem
3201 3086 3516 3146 iaculatorem
3541 3102 3552 3129 ι

1971 3209 1978 3215 ·
2077 3184 2229 3231 ssavus
2251 3182 2445 3245 quidem
2469 3186 2545 3229 est
2570 3184 2672 3229 tota
2695 3181 2872 3240 forma,
2894 3179 2980 3227 sed
3003 3178 3208 3227 rotunda
3232 3180 3445 3229 membra

2076 3275 2126 3319 et
2146 3275 2289 3333 caput
2307 3270 2398 3318 sert
2421 3270 2557 3330 longe
2577 3268 2732 3329 maius
2755 3272 2803 3317 et
2833 3268 3010 3317 velocia
3027 3280 3192 3327 crura,

2077 3364 2292 3409 ventrem
2317 3370 2430 3406 vero
2447 3357 2732 3407 albicantem
2757 3356 2902 3405 babet
2933 3369 3050 3405 cana
3069 3355 3283 3418 macula;

2077 3448 2365 3497 horribiliter
2387 3460 2504 3496 vero
2526 3445 2676 3495 ululat
2693 3450 2742 3494 et
2761 3445 2938 3494 ex-alto
2956 3458 3152 3507 prorsus
3175 3444 3332 3504 irruit,

2075 3550 2263 3599 semper
2285 3536 2503 3599 quatiens
2521 3538 2690 3598 caput,
2715 3534 3090 3597 flammeumque
3106 3532 3298 3582 videns.

2105 3626 2241 3677 Alius
2250 3636 2443 3674 rursum
2454 3622 2778 3685 magnitudine
2788 3622 2984 3685 quidem
2995 3621 3230 3685 superior,
3241 3620 3465 3670 membris
3471 3623 3613 3669 autem

2074 3715 2269 3777 longus,
2294 3712 2606 3762 luter-omnes
2627 3710 2826 3759 celerior
2847 3709 3103 3759 velocitate
3127 3708 3296 3772 lupos;

2073 3816 2215 3866 quem
2234 3801 2455 3850 homines
2476 3799 2656 3849 circum
2679 3804 2729 3849 et
2747 3802 2986 3861 raptorem
3011 3798 3277 3847 nominant.

2071 3892 2241 3951 Magno
2250 3892 2410 3937 autem
2421 3899 2532 3935 cnm
2543 3886 2742 3935 stridore
2749 3885 2888 3934 valde
2897 3884 3162 3933 matritinus
3172 3884 3324 3933 tendit
3331 3883 3390 3933 ad
3401 3882 3610 3945 pradum.

2075 3978 2279 4039 primum
2304 3974 2396 4025 sub
2419 3975 2756 4037 crepusculum
2773 4010 2788 4035 ,
2813 3972 2954 4022 facile
2975 3972 3100 4021 enim
3119 3972 3299 4034 indiget
3321 3972 3441 4021 cibo.

2071 4064 2241 4115 Colore
2259 4068 2420 4113 autem
2439 4061 2641 4112 candido
2663 4062 2792 4111 lucet
2809 4060 3105 4110 in·lateribus
3123 4066 3171 4109 et
3195 4060 3371 4121 cauda;

2069 4153 2234 4202 incolit
2255 4156 2415 4200 autem
2441 4154 2628 4202 montes
2643 4151 2833 4212 longos;
2851 4149 2942 4199 hos
2960 4162 3076 4197 vero
3097 4149 3176 4197 ubi
3194 4148 3362 4198 hiemis
3385 4152 3579 4208 tempore

2071 4256 2099 4292 e
2119 4240 2329 4290 nubibus
2349 4240 2501 4289 effusa
2524 4239 2608 4288 nix
2635 4238 2788 4301 gelida
2810 4236 3047 4299 occuluit,

2073 4336 2186 4380 tunc
2207 4342 2320 4379 sane
2333 4328 2576 4378 ad·urbem
2599 4342 2746 4391 prope
2764 4326 2948 4376 accedit
2971 4326 3068 4375 fera
3091 4322 3606 4389 penuriosa-meditans,

2070 4432 2264 4469 omnem
2287 4416 2634 4480 impudentiam
2657 4416 2822 4465 induta
2844 4416 2906 4466 ob
2927 4415 3118 4476 cibum,

2071 4508 2330 4569 furtimque
2354 4504 2644 4569 propinquat
2669 4502 2808 4553 valde
2831 4504 3000 4563 tacita,
3023 4502 3174 4552 ‹lonec
3191 4501 3395 4565 praedam

2069 4593 2507 4658 comprelienderlt3
2531 4593 2654 4641 hanc
2666 4596 2824 4641 aulem
2845 4606 2954 4641 mox
2978 4591 3132 4641 acutis
3153 4590 3386 4653 unguibus
3407 4580 3602 4645 corripit.

2133 4686 2218 4735 Est
2243 4696 2356 4731 vero
2378 4681 2572 4744 quidam
2599 4680 2756 4743 lupus
2778 4681 2921 4729 Tauri
2945 4680 3115 4729 nivosa
3131 4690 3276 4743 supra
3291 4679 3402 4741 juga

2069 4773 2244 4835 degens
2267 4769 2536 4833 cilicesque
2554 4770 2698 4819 colles
2721 4770 2772 4819 et
2789 4770 2996 4819 vertices
3016 4769 3214 4828 Amani,

2068 4861 2264 4924 pulcher
2286 4864 2478 4921 aspectu
2494 4896 2508 4919 ,
2533 4858 2798 4907 inter-seras
2817 4857 3236 4921 prorsus-eximius
3251 4891 3266 4915 ,
3289 4866 3424 4917 quem
3441 4850 3604 4897 vocant

2067 4930 2295 5008 aureum’,
2315 4946 2571 5008 fulgentem
2597 4945 2847 4995 condensis
2866 4947 3044 5005 oomis;

2066 5050 2162 5085 non
2180 5036 2322 5098 lupus
2345 5034 2428 5084 hic
2447 5038 2549 5090 est,
2577 5034 2661 5083 sed
2685 5034 2800 5097 lupo
2823 5034 3128 5097 praestantior
3149 5031 3334 5082 excelsa
3355 5030 3466 5089 tera,

2067 5125 2204 5173 labiis
2227 5122 2374 5173 oeneis
2392 5128 2556 5183 acula,
2585 5122 2919 5186 insuperabilis
2942 5122 3128 5172 robore.

2065 5218 2201 5277 Saepe
2223 5212 2418 5275 quidem
2437 5216 2488 5261 et
2509 5224 2578 5262 ωε
2594 5210 2811 5273 firmum,
2831 5224 2962 5274 saepe
2983 5210 3192 5274 lapidem
