3767 5825
1132 413 1545 475 THEOCRITI
1584 411 1955 473 IDYLLION
1992 414 2121 473 vll.

39 550 223 621 ιαέτῗίς,
245 550 494 616 ἓκνυζᾶτο
517 548 636 604 ποτ’
657 543 804 623 ἰσχία
829 542 1014 623 ῥύγχος
1033 542 1235 623 ἔχοισα.

71 644 204 695 ταῦτα
226 639 268 695 δ’
286 638 420 705 ἴσως
441 639 680 715 ἐςορεῦσα
702 633 948 693 ποιεῦντά
975 657 1040 710 με
1064 632 1290 691 πολλάκι
1312 633 1510 713 πεμψεῗ

73 724 271 802 ἄγγελον.
301 722 471 803 αὐτὰρ
498 721 600 801 ἐγὼ
627 720 803 789 κλαξῶ
820 720 1004 801 θύρας,
1028 720 1136 787 ἔςτε
1161 724 1213 779 κ’
1240 720 1442 799 ὀμόσσῃ

72 811 178 868 αὐτά
201 834 289 887 μοι
315 809 576 889 στορέσειν
605 807 745 867 καλὰ
772 804 957 884 δέμνια
984 810 1124 875 τᾶςδ’
1155 806 1242 867 ἐπὶ
1264 806 1426 867 νάσω.

71 898 140 957 καὶ
156 900 250 981 γάρ
280 906 374 972 θην
399 898 508 957 οὐδ’
526 889 656 965 εἶδος
677 897 787 977 ἔχω
813 894 976 955 κακόν
990 942 1006 969 ,
1034 895 1106 963 ὥς
1136 920 1202 974 με
1231 895 1454 973 λέγοντι·

39 978 96 1061 ,ἦ
117 987 200 1065 γὰρ
223 986 356 1065 πρὰν
380 988 433 1053 ἐς
461 984 646 1043 πόντον
670 983 971 1059 ἔςέὸλεπον,
993 976 1058 1057 ἧς
1085 985 1139 1043 δὲ
1164 983 1398 1061 γαλάνα,

70 1074 140 1131 καὶ
159 1073 288 1131 καλὰ
316 1072 412 1151 μὲν
439 1072 508 1132 τὰ
533 1072 702 1151 γένεια
720 1116 736 1145 ,
764 1070 904 1130 καλὰ
929 1070 986 1130 δέ
1014 1094 1100 1149 μοι
1130 1072 1164 1130 ἆ
1195 1070 1291 1149 μία
1319 1068 1462 1149 κώρα
1479 1115 1495 1147 ,

69 1167 122 1227 ὡς
141 1166 256 1243 παρ’
275 1164 391 1240 ἐμὶν
411 1161 646 1243 κέκριται
659 1205 680 1238 ,
706 1159 1071 1242 κατεφαίνετο,
1093 1164 1196 1219 τῶν
1222 1160 1279 1219 δέ
1302 1162 1350 1217 τ’
1369 1157 1588 1217 ὀδόντων

69 1252 344 1331 λευκοτέραν
367 1247 538 1326 αὐγὰν
555 1246 766 1327 Παρίοις
786 1248 1036 1331 ὑπέφαινε
1058 1248 1241 1313 λίθοιο.

67 1340 122 1403 ὣς
139 1336 206 1415 μὴ
229 1342 507 1419 βασκανθῶ
529 1335 615 1411 δέ,
636 1336 745 1417 τρὶς
773 1339 843 1404 εἰς
872 1338 998 1415 ἐμὸν
1020 1336 1223 1395 ἔπτυσα
1247 1334 1437 1396 κόλπον
1452 1356 1465 1370 ·

39 1430 206 1491 ,ταῦτα
223 1424 322 1505 γὰρ
343 1426 380 1483 ἃ
401 1421 559 1506 γραία
579 1446 646 1501 με
673 1424 994 1503 Κοτυτταρὶς
1017 1422 1319 1492 ἐξεδίδαξεν.

129 1512 258 1572 τόσσ’
277 1512 439 1571 εἰπὼν
466 1512 554 1571 τὸν
582 1512 780 1592 Δάφνιν
805 1515 834 1569 δ
857 1510 1123 1589 Δαμοίτας
1143 1511 1402 1592 ἐφίλασεν,

65 1606 132 1677 χῶ
149 1600 234 1677 μὲν
251 1604 326 1679 *rifi
345 1598 576 1681 σύριγγ’,
596 1604 623 1665 6,
645 1599 700 1657 δὲ
727 1602 804 1679 τῷ
827 1598 986 1659 καλὸν
1012 1598 1168 1658 αὐλὸν
1197 1598 1404 1657 ἔδωκεν.

67 1687 190 1747 αὔλει
207 1688 471 1765 Δαμοίτας
485 1733 502 1763 ,
522 1688 730 1767 σῦρισδε
757 1688 811 1745 δὲ
832 1687 1029 1767 Δάφνις
1047 1691 1075 1746 ὃ
1106 1686 1300 1768 βώτας,

65 1776 286 1855 ὠρχεῦντ’
309 1779 363 1835 ἐν
390 1778 610 1857 μαλακᾷ
629 1776 718 1833 ταὶ
751 1774 959 1856 πόρτιες
987 1774 1175 1835 αὐτίκα
1203 1773 1349 1855 ποίᾳ.

39 1864 160 1935 ’.νίκὴ
187 1864 284 1939 μὰν
305 1864 581 1938 οὖδάλλος,
604 1862 888 1923 ἇνάσσατοι
907 1865 954 1923 δ’
983 1864 1234 1942 ἐγένοντο.

565 2153 1055 2232 ΘΑΛΥΣΙΑ.

590 2338 926 2385 mammon
966 2338 1036 2386 Z'.

57 2450 146 2529 ³11<
165 2462 339 2543 χρόνος
363 2462 498 2521 ἁνίκ’
524 2463 628 2542 ἐγώ
655 2486 711 2523 τε
729 2464 818 2523 καὶ
844 2461 1096 2543 Εὔκριτος
1123 2464 1174 2531 ἐς
1192 2462 1279 2521 τὸν
1296 2462 1515 2523 Ἅλεντα

59 2548 279 2629 εἴρπομες
303 2552 366 2610 ἐκ
386 2550 565 2617 πόλιος
582 2596 599 2624 ,
629 2549 724 2610 σὺν
749 2550 840 2609 καὶ
864 2550 1034 2632 τρίτος
1064 2550 1189 2628 ἁμὶν
1213 2548 1466 2626 Ἀμύντας
1482 2568 1497 2583 ·

57 2646 114 2718 τᾷ
133 2642 259 2711 Δηοῖ
283 2636 386 2719 γὰρ
409 2637 590 2718 ἔτευχε
613 2636 834 2698 θαλύσια
855 2638 946 2697 καὶ
969 2637 1316 2717 Φρασίδαμος

55 2727 96 2781 κ’
119 2726 426 2805 Ἀντιγένης,
450 2726 542 2784 δύο
568 2726 726 2784 τέκνα
753 2727 1066 2803 Δυκώπεος,
1095 2726 1144 2785 εἴ
1167 2725 1219 2784 τί
1243 2750 1343 2807 περ
1371 2726 1548 2787 ἐσθλόν

53 2816 186 2893 χᾳῶν
209 2818 307 2872 τῶν
331 2813 615 2888 ἐπάνωθεν,
639 2814 744 2873 ἀπὸ
771 2813 999 2882 Κλυτίας
1021 2836 1076 2872 τι
1100 2813 1193 2872 καὶ
1221 2816 1362 2873 αὐτῶ

55 2901 314 2970 Χάλκωνος
329 2949 346 2976 ,
375 2900 630 2984 Βοῦριναν
653 2900 712 2971 ὃς
735 2903 796 2962 ἐκ
821 2900 978 2969 ποδὸς
1001 2901 1157 2960 ἅνυσε
1185 2901 1378 2983 κράναν

55 2979 106 3045 εὖ
123 2989 170 3068 γ’
194 2991 572 3071 ἐνερεισάμενος
588 2989 756 3072 πέτρᾳ
773 2989 895 3069 γόνυ
909 3014 921 3027 ·
950 2989 1039 3048 ταὶ
1068 2989 1121 3048 δὲ
1149 2989 1276 3070 παρ’
1299 2989 1460 3048 αὐτάν

56 3075 254 3157 ιιῑγειροι
273 3077 492 3138 πτελέαι
507 3101 566 3136 τε
587 3076 788 3138 ἔῦσκιον
819 3077 977 3144 ἄλσος
998 3076 1224 3159 ἔφαινον,

55 3167 312 3245 χλωροῖσιν
328 3167 606 3226 πετάλοισι
627 3164 940 3248 κατηρεφέες
965 3165 1254 3243 κομόωσαι.

40 3253 216 3312 *xviim
239 3252 334 3313 τὰν
359 3254 597 3334 μεσάταν
629 3253 744 3313 ὁδὸν
773 3253 994 3330 ἅνυμες,
1021 3253 1216 3313 οὐδὲτὸ
1237 3261 1383 3330 σᾶμα

62 3337 166 3413 ἁμῖν
189 3339 246 3399 τὸ
273 3340 520 3422 Βρασίλα
547 3339 920 3421 κατεφαίνετο,
946 3339 1040 3400 καί
1057 3340 1154 3399 τιν’
1181 3340 1355 3399 δδίταν

63 3426 216 3487 ἐσθλὸν
235 3427 330 3488 σὺν
357 3428 618 3489 Μοίσαισι
635 3427 935 3489 Κυδωνικὸν
964 3428 1177 3510 εὸρομες
1205 3428 1365 3509 ἄνδρα
1379 3474 1395 3501 ,

63 3515 230 3592 οὔνομα
257 3513 352 3594 μὲν
373 3517 641 3595 Λυκίδαν,
663 3509 726 3587 ἧς
752 3515 802 3575 δ’
827 3519 1065 3589 αἰπόλος,
1093 3517 1211 3576 οὖδέ
1234 3516 1294 3576 κε’
1321 3517 1395 3582 τίς
1417 3541 1493 3573 νιν

63 3601 304 3677 ἠγνοίησεν
325 3602 476 3678 ἰδών,
505 3602 620 3662 ἐπεὶ
647 3603 850 3684 αἰπόλῳ
874 3602 955 3672 {Eo
977 3602 1008 3682 ‚⁹
1037 3602 1214 3686 ἐῴκει·

39 3689 112 3744 ibt
129 3691 212 3766 μὲν
231 3690 336 3770 γὰρ
362 3689 575 3750 λασίοιο
592 3688 897 3772 δασῦτριχος
919 3626 1030 3770 εἶχε
1054 3691 1264 3773 τράγοιο

71 3779 226 3837 κνακὸν
253 3778 406 3860 δέρμ’
439 3776 636 3854 ὤμοισι
665 3777 784 3848 νέας
807 3778 1054 3857 ταμίσοιο
1091 3780 1343 3839 ποτόσδον
1360 3825 1375 3856 ,

73 3865 176 3944 &ppt
202 3865 257 3924 δέ
288 3869 338 3925 οἱ
370 3865 626 3937 στήθεσσι
645 3864 810 3945 γέρων
830 3865 1105 3945 ἐσφίγγετο
1125 3865 1321 3932 πέπλος

73 3951 259 4034 ζωστῆρι
285 3955 578 4034 πλακερῷ,
603 3952 777 4033 ῥοικὰν
807 3954 853 4010 δ’
872 3951 991 4032 ἔχεν
1015 3952 1299 4033 ἀγριελαίω

73 4036 263 4122 δεξιτερᾷ
279 4039 534 4120 κορύναν.
551 4039 643 4098 καί
660 4043 718 4118 μ’
755 4039 984 4120 ἀτρέμας
1012 4031 1126 4098 εἶπε
1154 4040 1384 4122 σεσαρῶς

39 4123 233 4200 *ὄμματι
261 4125 585 4205 μειδιόωντι,
601 4127 764 4208 γέλως
785 4127 843 4188 δέ
866 4130 915 4188 οἱ
943 4127 1113 4208 εἴχετο
1127 4129 1354 4208 χείλεος·

129 4217 407 4296 Σιμιχίδα,
434 4223 520 4297 πᾷ
539 4213 605 4288 δὴ
634 4215 696 4276 τὺ
725 4213 1040 4296 μεσαμίριον
1059 4217 1221 4284 πόδας
1247 4215 1414 4283 ἕλκεις

75 4299 194 4361 irim
219 4304 280 4376 δὴ
303 4303 404 4364 καὶ
432 4309 628 4385 σαῦρος
645 4305 698 4364 ἓν
722 4306 1024 4382 αἰμασιαῒσι
1055 4303 1320 4380 καθεύδει,

73 4391 156 4447 οὐδ’
183 4391 539 4470 ἐπιτυμὸίδιοι
563 4393 927 4474 κορυδαλλίδες
949 4392 1246 4466 ἠλαίνοντι;

74 4472 232 4552 hut&
255 4481 416 4538 δαῖτα
435 4478 627 4552 κλητὸς
654 4478 918 4558 ἑπείγεαι;
945 4479 982 4554 ἥ
1008 4502 1141 4547 τινος
1174 4483 1345 4540 ἀστῶν

39 4581 58 4618 ⁵
75 4563 198 4623 ἰπνὸν
223 4567 597 4652 ἕκιθρώσκειςς
617 4565 686 4634 ὥς
710 4591 789 4626 τοι
805 4566 935 4627 ποσὶ
956 4569 1279 4646 νισσομένοιο

75 4658 194 4710 tica
223 4655 360 4724 λίθος
390 4655 644 4714 πταίοισα
673 4655 790 4714 ποτ’
817 4655 1178 4737 ἆρὸυλίδεσσιν
1206 4656 1380 4714 ἀείδει.

129 4740 203 4798 τὸν
229 4745 274 4802 δ’
291 4744 400 4820 ἐγὼ
429 4743 687 4824 ἇμείφθην
704 4767 718 4782 ·
741 4743 944 4805 Λυκίδα
970 4743 1117 4825 φίλε,
1143 4743 1298 4826 φαντί
1329 4767 1392 4802 τυ
1414 4742 1604 4810 πάντες

77 4829 288 4906 cupa-:b
316 4831 504 4910 ἔμεναι
537 4829 654 4910 μέγ’
675 4831 949 4912 ὑπείροχον
969 4831 1024 4892 ἔν
1045 4856 1103 4892 τε
1123 4837 1363 4911 νομεῦσιν

78 4911 177 4970 ἔντ’
201 4917 551 4997 ἀμητήρεσσι.
579 4917 640 4976 τὸ
665 4917 730 4988 δὴ
755 4918 902 4994 μάλα
925 4919 1090 4997 θυμὸν
1123 4918 1275 4979 ἰαίνει

39 5023 58 5056 υ
77 4997 325 5084 {sah-epm·
351 5005 550 5064 καίτοι
569 5005 688 5065 κατ’
709 5006 832 5083 ἐμὸν
855 5006 970 5066 νόον
997 5008 1344 5089 ἰσοφαρίσδειν

77 5084 298 5168 ἔλπομαι.
328 5092 366 5150 ἇ
397 5093 444 5151 δ’
469 5091 584 5158 ὁδὸς
613 5093 702 5151 ἅδε
731 5091 993 5160 θαλυσιάς·
1027 5087 1064 5166 ἦ
1089 5091 1191 5176 γὰρ
1215 5097 1407 5176 ἑταῖροι

75 5175 500 5264 ἅνὲρεςὶεῦπέπλῳ
522 5179 794 5262 Δαμάτερι
816 5181 969 5241 δαῖτα
995 5183 1223 5241 τελεῢντι

3148 427 3218 478 15

1673 564 1783 601 eam
1794 588 1809 616 ,
1827 551 2083 615 ganniebat
2098 551 2161 600 ad
2176 552 2355 601 femora
2368 552 2576 601 rostrum
2600 552 2876 603 admovens.

1675 639 1809 701 quod
1833 653 1987 703 quum
2000 652 2079 689 me
2102 640 2254 688 facere
2272 638 2468 689 forsitan
2487 640 2667 689 videbit
2680 677 2693 701 ,
2713 655 2840 703 smpe
2856 642 3017 691 mittet

1675 728 1919 777 nuntium.
1939 728 1991 777 at
2008 740 2096 790 ego
2114 726 2335 776 claudam
2358 725 2511 789 fores,
2528 727 2683 777 donec
2694 728 2955 793 jnraverit,
3014 794 3023 802 ·

1674 813 1825 877 ipsam
1851 828 1905 865 se
1922 814 2040 864 mihi
2052 816 2311 865 straturam
2330 828 2431 865 esse
2448 814 2670 877 pulcrum
2688 815 2868 865 lectum
2887 816 2935 865 in
2954 818 3045 866 hac
3058 817 3231 889 inania,

1675 916 1832 965 neque
1843 902 1973 953 enim
1990 901 2172 953 scilicet
2182 902 2411 953 deformis
2424 916 2533 953 sum
2545 939 2562 966 ,
2578 904 2771 967 qualem
2789 918 2868 954 me
2885 904 3080 968 dicunt3

1675 1002 1789 1039 nam
1814 1002 1967 1053 nuper
1983 989 2034 1041 in
2048 1004 2183 1041 mare
2208 990 2391 1055 inspexi
2404 1028 2419 1054 ,
2436 990 2567 1053 (erat
2583 993 2745 1042 autem
2768 994 3136 1057 tranquillum,)

1678 1079 1728 1127 et
1752 1078 1922 1141 pulcra
1938 1078 2089 1129 barba
2103 1116 2118 1141 ‚
2145 1080 2313 1142 pulcra
2329 1079 2447 1128 mihi
2461 1079 2606 1129 unica
2630 1080 2837 1143 pupula,

1677 1166 1782 1215 uta
1798 1179 1879 1215 me
1891 1165 2167 1228 iudicatum
2190 1169 2263 1217 est
2277 1204 2292 1229 ‚
2313 1166 2593 1229 videbatur,
2617 1168 2915 1231 dentumque
3012 1173 3025 1187 ·

1677 1252 2000 1303 candidiorem
2021 1254 2235 1304 nitorem
2247 1254 2385 1304 Pario
2398 1254 2556 1317 lapide
2572 1254 2757 1305 inferne
2770 1256 3020 1307 referebat.

1677 1354 1740 1390 ne
1754 1354 1870 1391 vero
1893 1342 2071 1391 fascino
2088 1342 2308 1406 laederer,
2334 1345 2410 1393 ter
2436 1343 2487 1392 in
2512 1356 2674 1393 meum
2700 1344 2934 1407 gremium
2956 1345 3237 1411 desputavi3

1677 1430 1772 1479 hoc
1793 1430 1923 1480 enim
1947 1430 2111 1480 vetula
2136 1432 2397 1493 Cotyttaris
2423 1444 2503 1481 me
2520 1432 2728 1483 edocuit.

1741 1518 1917 1581 quibus
1940 1518 2080 1568 dictis
2104 1518 2407 1582 Daphnidem
2427 1522 2671 1570 Damoetas
2687 1504 2993 1572 exosculatus
3006 1524 3077 1573 est
3095 1560 3109 1585 ,

1678 1607 1728 1655 et
1745 1606 1825 1655 ille
1841 1606 2037 1669 quidem
2054 1606 2169 1656 huic
2186 1606 2396 1657 fistulam
2410 1643 2424 1669 ,
2447 1607 2525 1657 hic
2550 1608 2618 1658 illi
2634 1610 2853 1672 pulcram
2870 1610 3039 1660 tibiam
3056 1610 3205 1660 dedit.

1680 1693 1795 1742 tibia
1812 1693 2015 1744 canebat
2030 1696 2276 1744 Damoetas
2288 1730 2303 1756 ,
2334 1695 2535 1745 canebat
2555 1695 2715 1746 fistula
2737 1698 2948 1761 Daphnis
2974 1698 3238 1759 bubulcus,

1679 1782 1983 1831 esxultabant
1998 1781 2047 1831 in
2065 1783 2200 1832 molli
2216 1782 2428 1845 gramine
2445 1782 2573 1833 illico
2591 1784 2775 1835 vitulae.

1680 1868 1901 1919 vincebat
1916 1871 2077 1919 tamen
2100 1870 2285 1931 neuter,
2314 1872 2364 1919 et
2379 1870 2545 1920 invicti
2569 1870 2905 1922 discesserunt.

2024 2146 2063 2181 ²
2157 2176 2749 2263 THALYSIA.

2208 2333 2564 2389 lDYLLION
2596 2334 2716 2388 Vll.

1681 2475 1800 2523 Erat
1815 2474 2007 2535 tempus
2018 2510 2033 2536 ‚
2052 2486 2203 2537 quum
2222 2487 2307 2536 ego
2325 2476 2375 2524 et
2392 2474 2619 2524 Eucritus
2642 2472 2702 2522 ad
2718 2473 2971 2523 Halentem

1681 2560 2021 2611 incedebamus
2031 2575 2095 2611 ex
2109 2562 2229 2611 urbe
2240 2598 2255 2623 ,
2272 2574 2367 2610 una
2380 2562 2525 2611 etiam
2538 2561 2711 2611 tertius
2727 2560 2977 2610 nobiscum
2992 2562 3239 2623 Amyntam

1681 2649 1842 2699 cereri
1863 2649 1993 2699 enim
2016 2650 2214 2712 parabat
2237 2649 2459 2712 Thalysia
2477 2648 2814 2699 Phrasidamus

1681 2739 1734 2787 et
1766 2737 2047 2800 Antigenes,
2079 2736 2179 2797 duo
2216 2737 2303 2786 tilii
2324 2737 2529 2799 Lycopei
2542 2774 2557 2799 ‚
2592 2736 2813 2791 nobiles,
2852 2736 2893 2785 si
2928 2735 3045 2798 quid
3082 2735 3241 2785 nobile

1681 2824 1866 2889 restat]
1888 2838 1952 2876 ex
1970 2825 2131 2887 probis
2146 2825 2353 2887 antiquis
2365 2862 2381 2888 ,
2400 2838 2431 2873 a
2451 2823 2607 2887 Clytia
2626 2825 2674 2873 et
2690 2823 2793 2886 ipso

1681 2914 1947 2976 chalcone,
1966 2912 2051 2978 qui
2068 2912 2230 2976 (quus
2250 2912 2449 2974 statua)
2469 2911 2701 2962 But-inam
2721 2911 2903 2962 fontem
2921 2925 2983 2960 ex
3009 2909 3129 2974 pede
3150 2925 3243 2961 suo

1682 3001 1908 3066 confecit]
1918 3001 2101 3052 sortiter
2110 3001 2303 3051 innixus
2312 3001 2360 3050 in
2371 3012 2539 3063 rupem
2549 3013 2673 3063 genu
2686 3015 2700 3061 ;
2711 2998 2808 3049 illae
2816 3001 2978 3048 autem
2985 3000 3124 3060 iuxta
3134 3012 3247 3049 eum

1669 3087 1896 3153 sontem]
1921 3089 2083 3152 populi
2102 3088 2314 3151 ulmique
2340 3088 2623 3137 umbrosum
2643 3100 2815 3137 nemus
2840 3086 3179 3148 ostendebant,

1683 3178 1808 3228 foliis
1824 3177 1983 3228 densis
1998 3177 2051 3227 in
2062 3177 2215 3227 viride
2230 3179 2413 3227 tectum
2428 3179 2653 3226 arcuatae.

1682 3269 1829 3330 atque
1845 3266 2061 3317 nondum
2080 3265 2287 3316 mediam
2306 3267 2434 3314 viam
2457 3265 2635 3314 emensi
2651 3278 2843 3314 eramus
2856 3301 2870 3327 ‚
2890 3277 3049 3328 neque
3068 3276 3244 3314 monu-

1682 3354 1920 3418 mentum]
1934 3354 2071 3404 nobis
2088 3352 2282 3404 Brasilae
2295 3351 2582 3416 apparebat,
2596 3365 2750 3416 quum
2769 3353 2819 3402 in
2833 3351 3067 3402 viatorem
3086 3365 3249 3416 quem-

1684 3444 1864 3494 bonum
1892 3443 2054 3493 favore
2071 3445 2317 3493 Musarum
2330 3441 2493 3491 virum
2511 3440 2781 3503 cydoniam
2803 3441 3059 3490 incidimus
3071 3478 3086 3502 ‚
3112 3439 3217 3504 [dar.

1683 3530 1768 3592 qui
1788 3543 1965 3579 nomen
1981 3527 2173 3592 Lycidoe
2189 3529 2408 3591 gerebat,
2432 3531 2482 3579 et
2498 3531 2661 3591 pastor
2674 3529 2919 3592 caprarius
2938 3531 3069 3590 erat;
3084 3541 3235 3592 neque

1683 3617 1940 3681 quisquam
1966 3614 2099 3679 eum]
2128 3616 2387 3678 ignorasset
2416 3616 2619 3666 intuitus
2631 3653 2647 3680 ,
2678 3618 2794 3679 quia
2811 3617 3027 3680 caprario
3051 3615 3244 3679 insigni-

1683 3707 1759 3755 ter
1777 3704 1947 3755 similis
1967 3705 2069 3754 erat
2080 3704 2118 3769 ;]
2132 3717 2245 3754 nam
2262 3703 2435 3754 hirsuti
2452 3705 2703 3768 villosique
2716 3705 2835 3754 hirci
2855 3705 3063 3754 habebat

1687 3791 1860 3842 flavam
1888 3792 2061 3856 pellem
2088 3791 2335 3842 indutam
2356 3791 2598 3853 humeris,
2628 3805 2793 3842 recens
2818 3789 3073 3854 coagulum
3106 3790 3247 3842 rede·

1685 3879 1904 3944 lentem,]
1924 3882 1973 3929 et
1990 3880 2117 3930 circa
2140 3881 2309 3943 pectus
2331 3879 2375 3930 ei
2392 3881 2584 3929 vetusta
2598 3879 2789 3942 paenula
2808 3878 3037 3928 adstricta
3052 3881 3157 3928 erat

1690 3968 1880 4032 cingulo
1904 3968 2003 4018 lato
2020 4005 2034 4030 ,
2054 3980 2355 4030 curvumque
2380 3967 2575 4029 gerebat
2599 3978 2665 4016 ex
2690 3966 2897 4016 oleastro

1686 4056 1857 4106 dextra
1872 4067 2039 4106 manu
2060 4054 2255 4118 pedum.
2277 4056 2328 4103 et
2356 4067 2435 4104 me
2460 4051 2598 4104 labiis
2620 4050 2794 4103 leniter
2824 4053 3025 4104 ridendo
3043 4052 3248 4103 diductis

1688 4143 1926 4194 allocutus
1933 4142 2023 4206 est]
2034 4142 2176 4192 oculo
2186 4141 2387 4204 ridente,
2398 4141 2522 4190 risus
2530 4143 2693 4191 autem
2702 4141 2965 4192 inhaerebat
2972 4139 3013 4202 ej
3020 4155 3077 4190 us
3084 4140 3221 4190 labiis
3230 4156 3246 4201 ς

1751 4229 2008 4282 Simichida
2020 4267 2036 4292 ,
2061 4243 2161 4294 quo
2183 4242 2348 4293 quaeso
2360 4231 2417 4280 tu
2436 4227 2634 4279 meridie
2652 4228 2795 4293 pedes
2806 4227 2957 4278 trahis
2972 4265 2987 4289 ,

1689 4331 1841 4381 quum
1858 4322 1909 4368 et
1934 4319 2111 4369 lacerta
2129 4319 2177 4367 in
2194 4316 2386 4382 sepibus
2405 4317 2611 4381 dormit,

1690 4419 1847 4470 neque
1863 4406 2073 4458 cristatae
2089 4405 2277 4456 alaudae
2304 4394 2573 4470 vagantur?

1691 4509 1810 4546 num
1831 4496 1895 4546 ad
1911 4509 2099 4548 coenam
2122 4498 2323 4547 vocatus
2345 4496 2567 4546 festinas?
2585 4508 2648 4545 an
2672 4495 2749 4546 ad
2763 4494 2965 4556 alicujus
2978 4493 3151 4544 civium

1689 4584 1979 4635 vindemiam
1996 4583 2212 4647 prosilis?
2229 4597 2341 4634 nam
2358 4583 2447 4634 tibi
2464 4583 2667 4647 pedibus
2691 4582 2851 4634 euntis

1690 4672 1752 4723 aa
1778 4672 1931 4724 soleas
1946 4670 2724 4723 allidensomniscalculusflnnit.
2962 4657 2967 4662 ’

1753 4759 1864 4810 huic
1890 4773 1977 4823 ego
2000 4759 2221 4822 respondi
2242 4779 2253 4808 :
2281 4757 2461 4821 Lycida
2486 4771 2597 4808 care
2610 4795 2627 4822 ,
2651 4757 2821 4809 dicunt
2843 4759 2893 4809 te
2922 4769 3089 4809 omnes

1692 4846 2007 4898 fistulatorem
2033 4859 2135 4897 esse
2152 4845 2291 4896 valde
2320 4845 2612 4898 eminentem
2626 4845 2753 4896 inter
2776 4847 2991 4909 pastores

1693 4940 1742 4987 et
1765 4949 2016 4987 messores.
2034 4933 2083 4984 id
2112 4933 2215 4996 jam
2234 4946 2408 4996 magna
2424 4933 2593 4984 laetitia
2622 4932 2839 4984 animum
2863 4933 3013 4984 allicit

1694 5025 1929 5085 nostrum,
1940 5023 1989 5072 et
1998 5021 2085 5073 tibi
2094 5022 2357 5073 secundum
2365 5035 2523 5072 meam
2532 5021 2816 5072 sententiam
2824 5033 2903 5072 me
2912 5035 3077 5085 parem
3087 5023 3185 5072 sore

1693 5123 1848 5174 qiero.
1874 5110 1955 5161 via
1971 5113 2132 5160 autem
2152 5109 2258 5160 hoec
2274 5110 2429 5161 estad
2456 5109 2705 5173 Thalysia3
2720 5121 2837 5161 mm
2860 5108 2961 5160 cari

1693 5197 1786 5249 viri
1810 5200 1973 5252 Cereri
1990 5199 2129 5263 peplo
2150 5198 2342 5250 «ἰοῦσι-ω
2360 5199 2534 5264 dapem
2558 5199 2733 5263 parant
