3767 5825
486 420 559 474 ιο
1534 398 1944 462 ΟΠΠῙΑΝΟΥ
1983 397 2526 462 ΚΥΝΗΙῈΤΙΚΩΝ
2569 405 2638 462 Α.

600 533 693 595 καὶ
716 532 895 615 στιὸίῃ
916 530 1251 612 πανάριστος·
1276 529 1391 588 ἐπεὶ
1409 528 1500 588 καὶ
1522 537 1679 609 γαῖαν
1708 529 1890 590 ἰόντων

600 629 767 704 ῖχνιον
790 619 1062 704 εὑρέμεναι
1078 617 1216 698 μέγα
1234 617 1299 690 δὴ
1324 617 1503 699 σοφὸς,
1530 617 1669 678 ἀλλὰ
1691 617 1783 678 καὶ
1817 617 1982 689 αὐτὴν

503 732 583 774 ιω
597 709 767 790 ἴδμων
793 708 975 790 ἠερίην
1003 707 1150 786 μάλα
1180 705 1518 783 σημήνασθαι
1540 706 1768 782 ἀΰτμήν.

680 797 795 860 Καί
816 821 893 866 τις
920 795 1231 877 ἀπακτήρων
1248 798 1561 876 πειρηθῆναι
1580 794 1890 865 σκυλακήων

600 886 838 970 ἱμείρων,
864 884 1183 968 προπάροιθε
1210 883 1429 944 πυλάων
1458 883 1743 943 αἰπεινάων

604 975 638 1048 ἢ
661 973 814 1034 νέκυν
837 971 873 1046 ἢ
901 970 1100 1043 ζώοντα
1124 970 1269 1053 φέρει
1292 969 1579 1052 παλάμῃσι
1605 967 1830 1048 λαγωόν·

602 1062 810 1148 ἐρπύζει
838 1060 894 1122 δὲ
914 1059 1134 1144 πάροιθε
1154 1058 1488 1142 παραιὸαδὸν
1514 1061 1848 1140 ἀτραπιτοῖο,

508 1173 584 1216 toe
608 1157 793 1234 πρῶτα
817 1150 913 1230 μὲν
940 1153 1123 1222 ἰθεῖαν,
1152 1146 1433 1226 μετέπειτα
1457 1149 1513 1208 δὲ
1536 1146 1732 1228 δοχμὸν
1762 1145 2013 1220 ἐλαύνων,

599 1243 749 1324 λαιῇ,
775 1239 1005 1322 δεξιτερῇ
1025 1283 1043 1316 ,
1082 1236 1299 1307 σκολιὴν
1321 1235 1437 1296 ὁδὸν
1462 1235 1625 1318 ἀμφὶς
1650 1235 1890 1295 ἑλίσσων·

602 1331 719 1388 ἀλλ’
746 1329 833 1388 ὅτε
862 1326 927 1398 δὴ
952 1324 1101 1402 μάλα
1127 1323 1324 1384 πολλὸν
1348 1324 1441 1384 ἀπ’
1465 1323 1647 1392 ἄστεος
1670 1323 1764 1396 ἠδὲ
1792 1321 2010 1382 πυλάων

602 1417 727 1499 ἔλθῃ
744 1463 763 1496 ,
788 1414 854 1489 δὴ
872 1413 991 1476 τότε
1016 1413 1204 1494 βόθρον
1227 1411 1543 1493 ὀρυξάμενος
1569 1410 1849 1493 κατέθαψε·

601 1506 858 1578 νοστήσας
891 1505 935 1564 δ’
965 1502 1054 1562 ἐπὶ
1077 1501 1211 1562 ἄστυ
1228 1500 1547 1569 παλίσσυτος
1574 1499 1742 1560 αὐτίκ’
1766 1502 1937 1578 ἀγινεῖ

501 1617 581 1656 ινο
608 1597 917 1674 ἀτραπιτοῖο
934 1591 1101 1660 πέλας
1127 1587 1259 1651 κύνα
1283 1588 1561 1672 μέρμερον·
1584 1586 1753 1671 αὐτὰρ
1774 1586 1850 1667 ὅγ’
1880 1579 2014 1669 αἶψα

602 1683 820 1764 ὠρίνθη,
851 1679 1057 1763 φριμάα
1074 1701 1133 1738 τε
1157 1677 1422 1759 λαγωείης
1438 1677 1526 1738 ὑπ’
1554 1680 1774 1754 ἀϋτμῆς·

604 1771 747 1851 ἴχνια
772 1767 1021 1848 μαστεύει
1039 1768 1095 1826 δὲ
1121 1766 1261 1827 κατὰ
1271 1765 1481 1847 χθονὸς,
1511 1764 1630 1824 οὐδὲ
1656 1764 1784 1843 μάλ’
1807 1767 1973 1845 εὑρεῖν

604 1857 821 1939 ἱμείρων
851 1854 1083 1916 δύναται·
1115 1855 1261 1934 μάλα
1292 1854 1335 1914 δ’
1367 1851 1647 1934 ἀσχαλόων
1677 1853 1960 1924 ἀλάληται.

600 1937 697 2014 Ὦς
721 1940 773 2006 δ’
800 1943 887 2005 ὅτε
914 1969 993 2012 τις
1012 1943 1177 2025 κούρη
1206 1942 1421 2002 δέκατον
1444 1941 1566 2022 περὶ
1590 1945 1733 2020 μῆνα
1757 1940 1978 2012 σελήνης

512 2056 590 2096 ιπ
606 2031 932 2116 πρωτοτόκος
965 2031 1205 2113 λοχίῃσιν
1236 2031 1321 2090 ὑπ’
1347 2029 1590 2090 ὠδίνεσσι
1608 2037 1831 2088 τυπεῖσα
1844 2073 1860 2102 ,

604 2124 804 2183 λύσατο
814 2120 909 2202 μὲν
918 2120 1224 2198 πλοκάμους
1235 2166 1251 2195 ,
1263 2122 1419 2179 λῦσεν
1436 2119 1482 2179 δ’
1498 2117 1604 2178 ἀπὸ
1622 2117 1846 2178 δαίδαλα
1857 2119 2058 2195 μαζῶν,

604 2211 689 2285 ἠδ’
717 2209 911 2291 ἀχίτων
939 2208 1087 2282 δειλή
1112 2232 1171 2268 τε
1196 2207 1289 2267 καὶ
1310 2207 1635 2289 ἀκρήδεμνος
1662 2208 1819 2266 ἐοῦσα
1840 2250 1856 2278 ,

606 2308 915 2383 στρωφᾶται
932 2297 1108 2369 πάντη
1133 2295 1274 2356 κατὰ
1302 2294 1554 2374 δώματα,
1578 2293 1668 2354 καὶ
1690 2294 1954 2374 μογέουσα

606 2389 795 2450 ἄλλοτε
825 2385 921 2467 μὲν
946 2385 1207 2470 πρόδομον
1236 2383 1633 2463 μετανίσσεται,
1650 2382 1839 2442 ἄλλοτε
1864 2385 1909 2443 δ’
1935 2373 2060 2444 αὖτε

518 2500 599 2540 ιω
615 2481 666 2546 ἐς
678 2475 830 2557 λέχος
853 2473 1009 2548 ἰθύει,
1027 2471 1155 2534 ποτὲ
1179 2474 1225 2532 δ’
1247 2476 1303 2533 ἐν
1320 2471 1525 2553 κονίῃσι
1548 2474 1757 2552 ῥιφεῑσα

590 2565 803 2626 ,κωκύει
824 2564 1104 2648 ῥοδαλῇσιν
1120 2559 1493 2642 ἐπισμήχουσα
1519 2567 1777 2642 παρειαῖς·

610 2655 681 2723 ὣς
707 2653 795 2731 ὅγε
811 2699 828 2726 ,
862 2650 1227 2733 θυμοὸόροισιν
1252 2649 1477 2719 ἀνιάζων
1492 2647 1733 2728 ὀδύνῃσι,

608 2748 674 2825 τῇ
699 2741 791 2801 καὶ
816 2745 881 2821 τῇ
902 2741 1012 2800 θύει
1032 2763 1091 2800 τε
1111 2737 1204 2800 καὶ
1227 2737 1390 2811 ἑξείης
1413 2735 1621 2820 ἐρεείνει

608 2830 780 2890 πάντα
804 2829 945 2888 λίθον
968 2827 1061 2887 καὶ
1076 2826 1254 2887 πάντα
1279 2825 1437 2908 λόφον
1458 2825 1551 2885 καὶ
1576 2834 1753 2884 πᾶσαν
1784 2822 2040 2906 ἀταρπὸν,

510 2941 590 2983 sot»
614 2917 825 3001 δένδρεά
846 2920 891 2977 θ’
918 2915 1172 2999 ἡμερίδας
1189 2938 1247 2975 τε
1276 2912 1366 2974 καὶ
1394 2911 1648 2993 αἱμασιὰς
1674 2912 1765 2973 καὶ
1786 2911 1980 2978 ἀλωάς.

613 3008 755 3069 Ἀλλ’
781 3006 927 3069 ὁπότ’
949 3004 1119 3086 ἴχνεος
1144 3002 1239 3086 ὀψὲ
1259 3001 1504 3084 διηερίοιο
1524 3026 1599 3062 τυ·
1626 3001 1761 3083 ήσῃ,

611 3095 896 3177 καγχαλάα
920 3098 1091 3165 κνυζεῑ
1118 3116 1176 3153 τε
1204 3089 1526 3174 κεχαρμένος
1540 3137 1556 3165 ,
1586 3026 1669 3151 §fd
1691 3115 1749 3150 τε
1774 3090 1960 3150 τυτθαὶ

613 3190 878 3267 σκιρτεῧσι
903 3183 1141 3261 δαμάλαι
1165 3180 1287 3262 περὶ
1314 3178 1531 3261 πόρτιας
1552 3177 1918 3245 οὗθατοέσσας·

614 3274 685 3342 ὣς
702 3274 890 3355 καὶτῷ
920 3272 1068 3351 μάλα
1096 3269 1257 3347 θυμὸς
1280 3268 1527 3350 ἐχήρατο·
1552 3266 1827 3346 σευόμενος
1850 3266 1906 3326 δὲ

513 3385 597 3426 ωο
624 3365 839 3422 εἱλεῖται
862 3361 1145 3419 σκολιοῖσιν
1175 3354 1520 3434 ἐπεμὸεὸαὼς
1540 3355 1811 3414 πεδίοισιν·

615 3452 721 3510 οὐδ’
748 3446 854 3508 ἀπό
869 3472 957 3527 μιν
976 3444 1260 3524 πλάγξαις,
1279 3445 1383 3503 οὐδ’
1396 3446 1442 3503 εἰ
1454 3442 1604 3522 μάλα
1626 3442 1803 3514 τηλόθ’
1816 3439 2064 3509 ἐλαύνοις·

617 3538 745 3599 ἰθύει
773 3539 819 3597 δ’
847 3534 1004 3618 ἀπρὶξ
1029 3534 1285 3615 γλυκερῆς
1308 3532 1649 3614 δεδραγμένος
1670 3533 1835 3609 ὀδμῆς
1850 3578 1867 3609 ,

617 3627 788 3688 εἰσόκε
814 3623 984 3708 τέρμα
1005 3624 1185 3683 πόνοιο
1208 3622 1299 3681 καὶ
1314 3620 1385 3689 είς
1416 3620 1645 3702 βαλὸῖδα
1662 3620 1894 3702 περήσῃ.

620 3720 693 3779 Εἰ
713 3712 771 3775 δέ
800 3737 889 3792 μιν
907 3710 1215 3777 δπλίσσειας
1239 3708 1549 3789 ἀθηρήτοισι
1567 3710 1820 3788 λαγωοῖς,

518 3826 601 3867 sto
623 3804 792 3887 λάθρη
824 3800 919 3881 μὲν
940 3798 1154 3872 πελάει,
1176 3796 1317 3858 κατὰ
1336 3795 1381 3855 δ’
1402 3795 1568 3877 ίχνιον
1594 3796 1735 3877 ἴχνος
1762 3796 1964 3877 ἐρείδει,

625 3893 770 3976 βαιὸς
781 3891 865 3974 ὑφ’
893 3887 1143 3973 ἧμερίσιν
1172 3884 1565 3965 κεκαλυμμένος
1590 3885 1626 3957 ἢ
1654 3884 1977 3965 καλάμῃσιν,

624 3974 711 4043 οἶά
731 4004 791 4041 τε
811 3976 1041 4060 ληῖστὴρ
1063 3975 1253 4060 ἐρίφων
1286 3974 1506 4049 κλόπος,
1529 3974 1676 4049 ὅστε,
1696 3979 1871 4052 νομῆα

622 4067 893 4129 ὗπνώοντα
922 4065 1086 4134 πέλας
1106 4062 1448 4143 δεδοκημένος
1462 4108 1479 4143 ,
1509 4062 1703 4145 ἤρεμος
1721 4060 1886 4145 ἕρπει.

624 4158 764 4221 Ἀλλ’
782 4154 868 4216 ὅτε
896 4154 960 4227 δὴ
982 4152 1222 4235 λόχμῃσι
1248 4152 1538 4233 λαγωείῃσι
1554 4152 1797 4233 πελάσσῃ
1812 4197 1829 4232 ,

530 4268 613 4309 ⁸20
630 4245 775 4331 ῥίμφ’
801 4244 945 4327 ἔθορε
964 4288 982 4319 ,
1010 4242 1145 4325 τόξῳ
1169 4240 1459 4320 ἐναλίγκιος
1480 4238 1543 4313 ἠὲ
1572 4239 1816 4321 δράκοντι

624 4337 873 4417 συρικτῇ,
894 4330 985 4391 τὸν
1012 4329 1178 4412 ὄρινεν
1212 4332 1300 4401 ἑῆς
1326 4328 1491 4409 πάρος
1514 4328 1832 4411 ἀτρεμέοντα

628 4421 834 4484 ἰοδόκον
858 4424 1008 4502 χειῆς
1028 4416 1371 4497 ἀμαλητόμος
1392 4416 1427 4489 ἥ
1447 4439 1525 4483 τις
1549 4416 1815 4498 ἀροτρεύς.

624 4510 726 4579 Ὣς
752 4508 841 4588 ὅγε
861 4506 1176 4591 καγχαλόων
1196 4504 1332 4573 ὠκὺς
1348 4504 1512 4587 θόρεν·
1542 4506 1588 4564 εἰ
1611 4503 1667 4563 δὲ
1693 4504 1903 4583 τυχήσῃ
1919 4548 1935 4576 ,

630 4603 745 4683 ῥεῖα
774 4596 869 4677 μὲν
896 4595 1180 4680 ὀξυτέροισι
1198 4594 1605 4674 δαμασσάμενος
1632 4593 1940 4672 στονύχεσσι

529 4706 611 4749 ιω
628 4687 721 4748 καὶ
741 4684 1007 4768 γενύεσσιν
1032 4682 1166 4744 ἑλὼν
1195 4680 1383 4764 φόρτον
1405 4677 1571 4760 μέγαν
1602 4679 1753 4737 ἀντία
1779 4689 1886 4739 σεῖο

628 4766 745 4836 ὦκα
774 4772 1143 4858 φέρεαμογέων
1170 4770 1227 4831 δὲ
1254 4766 1601 4852 βαρυνόμενός
1626 4790 1683 4826 τε
1702 4766 1936 4837 πελάζει.

628 4861 737 4938 Οἴη
765 4864 811 4922 δ’
832 4865 892 4923 ἐκ
910 4858 1078 4936 ληίοιο
1096 4858 1240 4944 φέρει
1262 4857 1405 4940 θέρος
1427 4856 1678 4937 ἀμητοῖο,

638 4950 917 5035 βριθομένη
940 4954 1092 5031 πυρῷ
1118 4972 1175 5007 τε
1202 4948 1317 5025 μετ’
1339 4946 1517 5006 αὔλιον
1542 4935 1670 5004 εἶσιν
1695 4942 1904 5015 ἀπήνη,

634 5038 730 5111 τὴν
751 5037 796 5097 δ’
819 5036 1073 5103 ἐσιδόντες
1095 5034 1317 5118 ὄρουσαν
1350 5033 1559 5100 ἀολλέες
1586 5034 1899 5112 ἀγροιῶται,

543 5148 627 5193 ua.»
644 5127 900 5209 πρόπροθι
936 5125 981 5184 δ’
1007 5123 1321 5197 ἀντήσαντες
1339 5124 1368 5180 ὁ
1392 5120 1490 5200 μὲν
1520 5118 1785 5179 κύκλοισιν
1812 5118 2026 5199 ἐρείδει,

637 5213 795 5283 ἀλλος
820 5211 1150 5295 ὑπερτερίην,
1169 5215 1197 5270 ὁ
1230 5210 1274 5270 δ’
1296 5209 1378 5291 ἄρ’
1408 5207 1565 5278 ἄξονα
1588 5206 1764 5290 βουσὶν
1790 5205 1992 5289 ἀρήγει·

2130 539 2181 590 et
2202 540 2514 604 vestigatione
2534 539 2750 605 optimus
2774 555 2788 588 z
2813 542 3041 604 quonlam
3064 544 3113 591 et
3135 543 3314 592 terram
3347 545 3656 606 permeantium

2130 627 2385 691 vestigium
2407 629 2624 680 invenire
2645 629 2784 680 valde
2805 633 2942 680 catus
2965 632 3069 686 est,
3095 630 3212 694 quin
3236 630 3380 680 ctiam
3405 631 3550 694 ipsum

2131 717 2315 781 peritus
2335 717 2520 768 aerium
2539 723 2708 768 exacte
2730 715 2976 780 designare
2998 717 3212 768 odorem.

2193 810 2350 870 Atque
2365 806 2540 870 aliquia
2563 811 2849 857 venatorum
2861 842 2876 868 ,
2901 807 3340 870 periurium-tacere
3361 809 3608 861 catulorum

2131 895 2359 958 cupiens,
2381 898 2519 946 extra
2537 899 2704 958 portas
2725 894 2960 948 sublimes

2133 986 2219 1031 aut
2241 988 2484 1034 mortuum
2505 989 2590 1034 aut
2609 984 2778 1033 vivum
2801 983 2892 1034 fert
2915 984 3136 1036 manibus
3157 985 3369 1049 leporem
3385 1023 3400 1048 ‚

2133 1069 2281 1134 serpit
2301 1075 2462 1122 autem
2486 1085 2708 1136 prorsum
2733 1077 2905 1136 pnetcr
2927 1075 3173 1137 semitam,

2132 1158 2342 1222 primum
2365 1161 2561 1224 quidem
2585 1161 2845 1225 directam,
2867 1161 2980 1212 dein
3003 1175 3118 1214 vero
3139 1163 3384 1228 obliquam
3407 1165 3594 1228 ducens,

2133 1247 2353 1310 sinistra,
2377 1249 2574 1314 dextra,
2599 1250 2952 1301 anfractuosum
2969 1251 3097 1300 viam
3117 1253 3302 1302 circum
3321 1254 3540 1316 volvens;

2133 1341 2185 1387 at
2206 1336 2290 1388 ubl
2307 1338 2410 1400 jam
2433 1338 2574 1390 valde
2593 1339 2760 1403 procul
2781 1339 2845 1390 ab
2867 1340 2989 1390 urbe
3015 1354 3074 1390 ac
3092 1341 3244 1405 portis

2135 1427 2390 1490 processit,
2420 1434 2534 1478 tune
2559 1441 2674 1479 sane
2701 1429 2840 1480 fovea
2868 1430 2999 1480 l'ossa
3017 1431 3186 1493 sepelit
3203 1427 3458 1494 leporem,-

2135 1527 2357 1567 reversus
2380 1521 2544 1566 autem
2573 1517 2624 1567 in
2653 1518 2822 1568 urbem
2847 1518 3027 1582 redux,
3055 1520 3218 1570 statim
3245 1519 3441 1570 adducit

2134 1615 2282 1668 prope
2306 1605 2436 1654 viam
2462 1619 2632 1656 canem
2659 1619 2900 1669 sagacem3
2929 1613 2980 1657 at
3007 1607 3088 1658 ille
3113 1607 3360 1672 e-voetigio

2135 1690 2360 1741 incitatur
2377 1691 2632 1758 tremitque
2659 1693 2872 1758 leporino
2899 1695 2960 1746 ab
2987 1696 3171 1759 halitu,

2134 1771 2432 1836 vestigiaque
2457 1773 2674 1837 anquirit
2700 1787 2786 1838 per
2815 1777 2996 1826 terram
3014 1815 3028 1837 ,
3056 1790 3214 1840 neque
3243 1776 3380 1828 facile
3405 1777 3623 1836 invenire,

2135 1859 2335 1922 cupiens
2352 1895 2368 1922 ,
2391 1862 2578 1923 potest3
2606 1861 2748 1912 valde
2773 1865 2934 1913 autem
2963 1863 3349 1928 indignabundus
3369 1869 3510 1916 errat.

2135 1948 2205 1998 Ut
2224 1953 2386 1998 autem
2409 1961 2520 1998 cum
2546 1963 2642 2012 qua
2667 1951 2824 2015 puella
2847 1951 3088 2002 decimum
3109 1952 3238 2003 circa
3265 1966 3482 2004 mensem
3505 1955 3615 2004 lunae

2137 2035 2420 2100 primipara,
2445 2039 2674 2102 partionis
2695 2038 2946 2092 doloribus
2972 2054 3200 2104 percussa
3213 2079 3228 2106 ‚

2137 2121 2187 2166 et
2213 2117 2360 2169 solvit
2379 2119 2602 2182 capillos,
2633 2121 2684 2170 et
2703 2119 2965 2184 disrumpit
2985 2131 3264 2174 ornamenta
3291 2126 3354 2176 ab
3381 2125 3618 2186 uberibus,

2137 2217 2196 2256 ac
2216 2205 2444 2258 discincta
2466 2206 2738 2273 miseraque
2759 2211 2809 2260 et
2829 2209 3262 2274 absque-calantica

2139 2293 2368 2346 discurrit
2387 2299 2569 2359 passim
2591 2310 2676 2361 per
2697 2297 2857 2358 aedes,
2881 2300 2931 2349 et
2953 2299 3314 2352 afflicta-labore

2141 2383 2286 2434 modo
2313 2383 2374 2434 ad
2408 2385 2702 2436 vestibulum
2723 2387 2902 2449 tendit,
2925 2389 3068 2440 modo
3091 2391 3264 2440 iterum

2141 2473 2189 2522 in
2211 2473 2369 2524 cubile
2390 2473 2574 2537 pergit,
2599 2489 2961 2540 nonnumquam
2985 2478 3130 2528 etiam
3153 2480 3202 2528 in
3225 2479 3424 2542 pulvere
3447 2481 3637 2546 projesta

2141 2561 2313 2624 ejulat,
2341 2563 2490 2613 roseis
2513 2563 2706 2614 illinens
2728 2565 3047 2630 (pulverem)
3069 2567 3204 2629 genis
3228 2584 3240 2616 :

2143 2651 2211 2701 ita
2239 2652 2321 2702 ille
2348 2652 2740 2704 animi-edacibus
2763 2655 3006 2706 cruciatus
3031 2655 3278 2707 doloribus

2144 2739 2240 2790 huc
2265 2742 2317 2791 et
2341 2741 2457 2792 illuc
2479 2741 2647 2803 fertur,
2671 2746 2722 2793 et
2745 2743 2912 2794 ordine
2935 2751 3258 2808 perscrutatur

2143 2841 2338 2878 omnem
2365 2829 2574 2892 lapidem
2595 2831 2646 2881 et
2665 2843 2860 2881 omnem
2880 2832 3054 2882 collem
3069 2838 3122 2884 et
3141 2847 3336 2884 omnem
3359 2837 3596 2896 semitam,

2143 2917 2434 2982 arboresque
2456 2920 2676 2983 vitesque
2697 2925 2748 2970 et
2768 2934 2906 2984 sepes
2929 2925 2980 2971 et
2998 2936 3150 2973 areas.

2144 3010 2208 3057 At
2232 3007 2425 3071 quando
2453 3008 2710 3071 vestigium
2738 3008 2934 3061 tandem
2965 3012 3150 3062 aerium
3177 3018 3534 3077 assecutus-est,

2145 3096 2330 3147 exultat
2355 3096 2613 3161 gaunitque
2639 3096 2978 3161 gaudibundus
2994 3136 3009 3161 ,
3037 3100 3236 3163 perinde
3262 3103 3421 3153 tenelli

2145 3184 2404 3235 lasciviunt
2430 3184 2566 3235 vituli
2595 3187 2776 3237 circum
2809 3201 2982 3239 vaccas
3007 3202 3326 3253 mammosas3

2146 3272 2211 3323 ita
2241 3276 2291 3323 et
2317 3274 2434 3323 huic
2458 3274 2598 3325 valde
2623 3276 2814 3326 animus
2839 3276 3050 3339 laetatur,
3075 3292 3222 3329 ruens
3243 3283 3406 3331 autem

2149 3360 2373 3423 volvitur,
2395 3362 2604 3426 obliquis
2625 3363 2896 3426 ingrediens
2917 3367 3128 3430 campis;

2148 3462 2305 3514 neque
2337 3450 2496 3515 ipsum
2529 3452 2961 3514 aberrare-seceris,
2997 3456 3267 3519 nequidem
3296 3457 3338 3507 si
3369 3458 3625 3519 longissime

2147 3538 2384 3601 abspellas
2397 3537 2432 3602 ;]
2455 3539 2542 3590 sed
2559 3540 2858 3603 pergit-recta
2873 3542 3174 3605 pertinaciter
3187 3544 3352 3593 suavis
3369 3547 3510 3595 tenax
3531 3544 3680 3601 odoris.

2149 3626 2300 3677 donec
2320 3628 2546 3678 adfinem
2569 3628 2747 3679 laboris
2767 3634 2818 3679 et
2837 3630 2898 3679 ad
2925 3634 3102 3681 metam
3125 3634 3399 3695 penetrarit.

2150 3716 2294 3774 Quod
2324 3716 2366 3766 si
2393 3718 2556 3780 ipsum
2583 3732 2742 3769 armes
2769 3718 3241 3783 inmundum-captos
3269 3719 3481 3785 lepores,

2149 3804 2315 3855 furtim
2343 3806 2540 3869 quidem
2562 3806 2771 3869 accedit,
2797 3812 2847 3856 et
2869 3808 3123 3871 vestigium
3146 3822 3296 3872 prope
3321 3811 3565 3873 vestigium
3585 3810 3684 3871 figit.

2151 3906 2329 3961 parvus
2355 3895 2446 3945 sub
2471 3895 2654 3946 vitibus
2681 3900 2838 3946 tectus
2865 3902 2950 3946 aut
2975 3897 3316 3959 arundinibus,

2151 3984 2287 4035 velut
2313 3984 2476 4048 praedo
2493 4022 2508 4046 ,
2533 3984 2788 4035 hoedorum
2808 3984 2903 4047 tur,
2932 3986 3014 4049 qui
3031 4022 3046 4047 ,
3073 3988 3315 4049 pastorem

2153 4073 2492 4125 dormitantem
2516 4087 2664 4137 prope
2687 4072 2950 4123 observans
2966 4110 2983 4135 ‚
3007 4075 3186 4125 tacitus
3207 4076 3400 4139 arrepit.

2151 4166 2216 4214 At
2237 4162 2320 4212 ubi
2338 4162 2438 4225 jam
2469 4162 2668 4211 latibula
2693 4161 2906 4225 leporina
2933 4163 3304 4227 propinquavit,

2151 4250 2370 4302 celeriter
2394 4250 2612 4314 prosilit,
2631 4250 2791 4313 iaculo
2820 4251 2992 4302 similis
3020 4256 3105 4302 aut
3135 4237 3330 4303 draconi

2153 4337 2390 4400 sibilanti,
2413 4352 2558 4402 quem
2579 4339 2844 4389 commovit
2863 4352 2892 4390 e
2915 4352 3032 4400 sua,
3055 4346 3196 4391 antea
3223 4341 3574 4404 quiescentem,

2152 4426 2598 4490 veneni-receptrice
2621 4440 2826 4478 caverna
2855 4440 3040 4477 messor
3061 4431 3147 4479 aut
3171 4429 3346 4493 aliquis
3373 4436 3544 4481 arator.

2155 4518 2230 4567 lta
2249 4516 2331 4567 ille
2361 4516 2581 4567 exultans
2605 4515 2730 4566 citus
2758 4516 2973 4580 prosilit;
3003 4518 3044 4567 si
3079 4530 3194 4568 vero
3222 4521 3643 4579 assecutus-fucrit,

2156 4606 2292 4656 facile
2309 4604 2504 4669 quidem
2522 4606 2678 4657 acutis
2695 4605 2892 4656 subacto
2911 4620 2967 4656 eo
2989 4606 3229 4668 unguibus

2160 4698 2209 4745 et
2233 4695 2372 4747 malis
2388 4700 2635 4760 correpto,
2663 4710 2784 4747 onus
2800 4698 2962 4761 ingens
2979 4701 3028 4749 te
3051 4712 3219 4750 veram

2161 4782 2256 4831 cito
2279 4784 2419 4834 affert
2431 4822 2446 4847 ,
2469 4785 2694 4835 laborans
2708 4788 2872 4836 autem
2889 4790 3186 4851 onustusque
3203 4786 3404 4839 accedit.

2160 4870 2312 4929 Quale
2327 4874 2491 4921 autem
2509 4886 2572 4922 ex
2595 4886 2712 4922 arvo
2728 4874 2862 4923 vehit
2884 4875 3040 4937 fruges
3059 4878 3226 4925 messis
3237 4912 3252 4937 ,

2159 4960 2484 5023 onustumque
2501 4962 2662 5011 tritico
2689 4960 2752 5011 ad
2779 4963 2943 5012 villam
2962 4964 3177 5026 procedit
3197 4964 3466 5029 plaustrum
3478 5001 3494 5026 ‚

2159 5060 2216 5095 eo
2241 5048 2402 5097 autem
2422 5052 2677 5111 conspecto
2693 5052 2985 5113 procurrunt
3018 5052 3294 5115 trequentes
3309 5050 3528 5115 agricolai
3541 5089 3555 5113 ,

2157 5149 2376 5199 prorsum
2401 5148 2513 5185 vero
2535 5138 2866 5197 occurrentes,
2890 5136 3014 5187 alius
3033 5136 3228 5201 quidem
3249 5140 3372 5191 rotis
3393 5138 3665 5197 acclinatnr,

2157 5223 2280 5277 auus
2301 5222 2892 5289 acl-superiorem-pmwm
2907 5259 2923 5287 ‚
2964 5225 3092 5277 alius
3111 5226 3338 5280 ad0axem
3351 5265 3367 5292 ,
3385 5227 3543 5280 bobus
3563 5224 3700 5291 opit·-
