<?xml version="1.0" encoding="UTF-8"?>
<!DOCTYPE html PUBLIC "-//W3C//DTD XHTML 1.0 Transitional//EN"
    "http://www.w3.org/TR/xhtml1/DTD/xhtml1-transitional.dtd">
<html xmlns="http://www.w3.org/1999/xhtml" xml:lang="en" lang="en">
 <head>
  <title>
</title>
<meta http-equiv="Content-Type" content="text/html;charset=utf-8" />
  <meta name='ocr-system' content='tesseract 3.04.00' />
  <meta name='ocr-capabilities' content='ocr_page ocr_carea ocr_par ocr_line ocrx_word'/>
</head>
<body>
  <div class='ocr_page' id='page_1' title='image "./poetbucolicietd00ameigoog_0135.png"; bbox 0 0 3767 5825; ppageno 0'>
   <div class='ocr_carea' id='block_1_1' title="bbox 1402 433 3190 548">
    <p class='ocr_par' dir='ltr' id='par_1_1' title="bbox 1402 433 3190 548">
     <span class='ocr_line' id='line_1_1' title="bbox 1402 433 3190 548; baseline -0.001 -16"><span class='ocrx_word' id='word_1_1' title='bbox 1402 471 1827 534; x_wconf 69' lang='lat' dir='ltr'><strong>rmum.</strong></span> <span class='ocrx_word' id='word_1_2' title='bbox 2415 433 2420 437; x_wconf 40' lang='lat'><strong>⁴</strong></span> <span class='ocrx_word' id='word_1_3' title='bbox 3131 476 3190 548; x_wconf 65' lang='grc' dir='ltr'><strong>ιε]</strong></span> 
     </span>
    </p>
   </div>
   <div class='ocr_carea' id='block_1_2' title="bbox 146 599 3193 2102">
    <p class='ocr_par' dir='ltr' id='par_1_2' title="bbox 146 599 3193 2102">
     <span class='ocr_line' id='line_1_2' title="bbox 204 599 3128 658; baseline -0.002 0"><span class='ocrx_word' id='word_1_4' title='bbox 204 616 242 658; x_wconf 82' lang='lat' dir='ltr'><strong>tn</strong></span> <span class='ocrx_word' id='word_1_5' title='bbox 256 599 421 658; x_wconf 72' lang='lat' dir='ltr'><strong>editione</strong></span> <span class='ocrx_word' id='word_1_6' title='bbox 433 605 693 657; x_wconf 70' lang='lat' dir='ltr'><strong>schneideri</strong></span> <span class='ocrx_word' id='word_1_7' title='bbox 1071 610 1127 655; x_wconf 88' lang='lat' dir='ltr'><strong>ln</strong></span> <span class='ocrx_word' id='word_1_8' title='bbox 1148 606 1241 655; x_wconf 74' lang='lat' dir='ltr'><strong>hac</strong></span> <span class='ocrx_word' id='word_1_9' title='bbox 1258 603 1470 654; x_wconf 78' lang='lat' dir='ltr'>editione</span> <span class='ocrx_word' id='word_1_10' title='bbox 1492 618 1505 652; x_wconf 74' lang='grc' dir='ltr'><strong>ι</strong></span> <span class='ocrx_word' id='word_1_11' title='bbox 1730 610 1783 656; x_wconf 86' lang='lat' dir='ltr'><strong>ln</strong></span> <span class='ocrx_word' id='word_1_12' title='bbox 1807 605 2016 656; x_wconf 80' lang='lat' dir='ltr'><strong>editione</strong></span> <span class='ocrx_word' id='word_1_13' title='bbox 2031 604 2307 656; x_wconf 82' lang='lat' dir='ltr'><strong>schneideri</strong></span> <span class='ocrx_word' id='word_1_14' title='bbox 2696 609 2752 654; x_wconf 85' lang='lat' dir='ltr'><strong>tn</strong></span> <span class='ocrx_word' id='word_1_15' title='bbox 2775 603 2867 655; x_wconf 82' lang='lat' dir='ltr'><strong>hac</strong></span> <span class='ocrx_word' id='word_1_16' title='bbox 2882 603 3096 654; x_wconf 76' lang='lat' dir='ltr'><strong>editione</strong></span> <span class='ocrx_word' id='word_1_17' title='bbox 3115 619 3128 653; x_wconf 91' lang='lat'>:</span> 
     </span>
     <span class='ocr_line' id='line_1_3' title="bbox 339 682 2125 729; baseline -0.001 -2"><span class='ocrx_word' id='word_1_18' title='bbox 339 691 376 728; x_wconf 71' lang='lat' dir='ltr'><strong>a.</strong></span> <span class='ocrx_word' id='word_1_19' title='bbox 395 682 508 729; x_wconf 84' lang='grc'><strong>1813.</strong></span> <span class='ocrx_word' id='word_1_20' title='bbox 1913 690 1960 728; x_wconf 73' lang='grc'><strong>8.</strong></span> <span class='ocrx_word' id='word_1_21' title='bbox 1988 682 2125 728; x_wconf 86' lang='grc'><strong>1813.</strong></span> 
     </span>
     <span class='ocr_line' id='line_1_4' title="bbox 242 764 2846 830; baseline 0.001 -16"><span class='ocrx_word' id='word_1_22' title='bbox 242 779 279 814; x_wconf 74' lang='lat' dir='ltr'><strong>v.</strong></span> <span class='ocrx_word' id='word_1_23' title='bbox 296 773 367 816; x_wconf 73' lang='lat'><strong>2⁶⁶</strong></span> <span class='ocrx_word' id='word_1_24' title='bbox 382 767 536 816; x_wconf 71' lang='grc' dir='ltr'><strong>ἔλειπεν</strong></span> <span class='ocrx_word' id='word_1_25' title='bbox 845 764 1004 828; x_wconf 67' lang='grc' dir='ltr'><strong>ἔρυκεν</strong></span> <span class='ocrx_word' id='word_1_26' title='bbox 1023 766 1085 814; x_wconf 80' lang='lat' dir='ltr'><strong>K.</strong></span> <span class='ocrx_word' id='word_1_27' title='bbox 1108 767 1185 814; x_wconf 82' lang='lat'><strong>28.</strong></span> <span class='ocrx_word' id='word_1_28' title='bbox 1786 779 1836 816; x_wconf 76' lang='lat' dir='ltr'><strong>v.</strong></span> <span class='ocrx_word' id='word_1_29' title='bbox 1856 771 1949 817; x_wconf 76' lang='lat'><strong>⁴90</strong></span> <span class='ocrx_word' id='word_1_30' title='bbox 1969 767 2174 830; x_wconf 68' lang='grc' dir='ltr'><strong>πιείνῃσιν</strong></span> <span class='ocrx_word' id='word_1_31' title='bbox 2457 773 2660 830; x_wconf 75' lang='grc' dir='ltr'><strong>κεινῇσιν</strong></span> <span class='ocrx_word' id='word_1_32' title='bbox 2685 769 2746 816; x_wconf 80' lang='grc' dir='ltr'><strong>Κ.</strong></span> <span class='ocrx_word' id='word_1_33' title='bbox 2765 771 2846 817; x_wconf 89' lang='grc'><strong>32.</strong></span> 
     </span>
     <span class='ocr_line' id='line_1_5' title="bbox 243 833 3015 902; baseline 0.001 -19"><span class='ocrx_word' id='word_1_34' title='bbox 243 849 279 884; x_wconf 78' lang='grc' dir='ltr'><strong>ν.</strong></span> <span class='ocrx_word' id='word_1_35' title='bbox 300 840 371 885; x_wconf 80' lang='grc'><strong>272</strong></span> <span class='ocrx_word' id='word_1_36' title='bbox 388 837 605 902; x_wconf 76' lang='grc' dir='ltr'><strong>σμιιρογήν</strong></span> <span class='ocrx_word' id='word_1_37' title='bbox 638 835 781 886; x_wconf 68' lang='lat' dir='ltr'><strong>&amp;te-»m</strong></span> <span class='ocrx_word' id='word_1_38' title='bbox 845 841 1087 900; x_wconf 77' lang='grc' dir='ltr'><strong>σμαραγῆς</strong></span> <span class='ocrx_word' id='word_1_39' title='bbox 1108 835 1283 884; x_wconf 70' lang='grc' dir='ltr'><strong>ἆΐσωσι</strong></span> <span class='ocrx_word' id='word_1_40' title='bbox 1297 869 1313 896; x_wconf 86' lang='grc'><strong>,</strong></span> <span class='ocrx_word' id='word_1_41' title='bbox 1339 846 1385 883; x_wconf 81' lang='lat' dir='ltr'><strong>v,</strong></span> <span class='ocrx_word' id='word_1_42' title='bbox 1404 845 1507 882; x_wconf 75' lang='lat' dir='ltr'><strong>var.</strong></span> <span class='ocrx_word' id='word_1_43' title='bbox 1530 833 1566 883; x_wconf 95' lang='grc'><strong>1.</strong></span> <span class='ocrx_word' id='word_1_44' title='bbox 1788 850 1838 886; x_wconf 82' lang='lat' dir='ltr'><strong>v,</strong></span> <span class='ocrx_word' id='word_1_45' title='bbox 1860 843 1948 889; x_wconf 80' lang='grc'><strong>651</strong></span> <span class='ocrx_word' id='word_1_46' title='bbox 1971 839 2178 902; x_wconf 75' lang='grc' dir='ltr'><strong>αἰκίῃσιν</strong></span> <span class='ocrx_word' id='word_1_47' title='bbox 2467 839 2654 902; x_wconf 79' lang='grc' dir='ltr'><strong>ἀῑκῇσιν</strong></span> <span class='ocrx_word' id='word_1_48' title='bbox 2677 838 2780 888; x_wconf 75' lang='lat' dir='ltr'><strong>rix.</strong></span> <span class='ocrx_word' id='word_1_49' title='bbox 2803 838 2856 888; x_wconf 87' lang='lat' dir='ltr'><strong>iu</strong></span> <span class='ocrx_word' id='word_1_50' title='bbox 2872 838 3015 890; x_wconf 77' lang='lat' dir='ltr'><strong>Thes.</strong></span> 
     </span>
     <span class='ocr_line' id='line_1_6' title="bbox 242 904 2883 974; baseline 0.002 -20"><span class='ocrx_word' id='word_1_51' title='bbox 242 918 279 956; x_wconf 81' lang='lat' dir='ltr'><strong>v.</strong></span> <span class='ocrx_word' id='word_1_52' title='bbox 295 909 367 958; x_wconf 77' lang='lat'><strong>339</strong></span> <span class='ocrx_word' id='word_1_53' title='bbox 382 907 591 972; x_wconf 79' lang='grc' dir='ltr'><strong>ἀγρώσσει</strong></span> <span class='ocrx_word' id='word_1_54' title='bbox 608 933 674 949; x_wconf 89' lang='lat'>—</span> <span class='ocrx_word' id='word_1_55' title='bbox 690 910 734 958; x_wconf 75' lang='lat' dir='ltr'><strong>ol</strong></span> <span class='ocrx_word' id='word_1_56' title='bbox 842 906 1103 972; x_wconf 76' lang='grc' dir='ltr'><strong>ἀγρώσσειν</strong></span> <span class='ocrx_word' id='word_1_57' title='bbox 1116 935 1179 946; x_wconf 90' lang='grc'>-</span> <span class='ocrx_word' id='word_1_58' title='bbox 1190 923 1263 955; x_wconf 84' lang='grc' dir='ltr'><strong>τοι</strong></span> <span class='ocrx_word' id='word_1_59' title='bbox 1300 905 1425 968; x_wconf 81' lang='lat' dir='ltr'><strong>(hoc</strong></span> <span class='ocrx_word' id='word_1_60' title='bbox 1457 904 1567 954; x_wconf 84' lang='lat' dir='ltr'>libri</span> <span class='ocrx_word' id='word_1_61' title='bbox 1667 912 1718 958; x_wconf 78' lang='lat' dir='ltr'><strong>t..</strong></span> <span class='ocrx_word' id='word_1_62' title='bbox 1736 912 1778 958; x_wconf 82' lang='lat' dir='ltr'>V</span> <span class='ocrx_word' id='word_1_63' title='bbox 1795 921 1844 957; x_wconf 77' lang='lat' dir='ltr'><strong>v.</strong></span> <span class='ocrx_word' id='word_1_64' title='bbox 1866 913 1919 959; x_wconf 88' lang='grc'><strong>11</strong></span> <span class='ocrx_word' id='word_1_65' title='bbox 1941 909 2182 970; x_wconf 79' lang='grc' dir='ltr'><strong>ὑπείξομεν</strong></span> <span class='ocrx_word' id='word_1_66' title='bbox 2453 910 2701 974; x_wconf 77' lang='grc' dir='ltr'><strong>ὑπείκομεν</strong></span> <span class='ocrx_word' id='word_1_67' title='bbox 2721 915 2783 959; x_wconf 79' lang='lat' dir='ltr'><strong>K.</strong></span> <span class='ocrx_word' id='word_1_68' title='bbox 2804 915 2883 960; x_wconf 80' lang='grc'><strong>32.</strong></span> 
     </span>
     <span class='ocr_line' id='line_1_7' title="bbox 902 975 3038 1045; baseline 0.002 -19"><span class='ocrx_word' id='word_1_69' title='bbox 902 975 1123 1041; x_wconf 78' lang='lat' dir='ltr'><strong>quidam)</strong></span> <span class='ocrx_word' id='word_1_70' title='bbox 1141 982 1196 1026; x_wconf 80' lang='grc' dir='ltr'><strong>Ι...</strong></span> <span class='ocrx_word' id='word_1_71' title='bbox 1215 978 1324 1026; x_wconf 79' lang='grc'><strong>316.</strong></span> <span class='ocrx_word' id='word_1_72' title='bbox 1788 992 1837 1030; x_wconf 74' lang='lat' dir='ltr'><strong>v.</strong></span> <span class='ocrx_word' id='word_1_73' title='bbox 1860 985 1950 1030; x_wconf 84' lang='lat'><strong>159</strong></span> <span class='ocrx_word' id='word_1_74' title='bbox 1967 981 2144 1044; x_wconf 81' lang='grc' dir='ltr'><strong>βυσσὸν</strong></span> <span class='ocrx_word' id='word_1_75' title='bbox 2451 983 2631 1045; x_wconf 64' lang='grc' dir='ltr'><strong>βύσσον</strong></span> <span class='ocrx_word' id='word_1_76' title='bbox 2653 980 2797 1030; x_wconf 68' lang='lat' dir='ltr'><strong>[mbo</strong></span> <span class='ocrx_word' id='word_1_77' title='bbox 2813 993 2942 1044; x_wconf 73' lang='lat' dir='ltr'><strong>spec.</strong></span> <span class='ocrx_word' id='word_1_78' title='bbox 2961 985 3038 1031; x_wconf 90' lang='grc'><strong>27.</strong></span> 
     </span>
     <span class='ocr_line' id='line_1_8' title="bbox 242 1047 3190 1111; baseline 0.001 -13"><span class='ocrx_word' id='word_1_79' title='bbox 242 1053 361 1100; x_wconf 60' lang='lat' dir='ltr'><strong>tm</strong></span> <span class='ocrx_word' id='word_1_80' title='bbox 377 1051 467 1100; x_wconf 71' lang='grc' dir='ltr'><strong>ἄσιν</strong></span> <span class='ocrx_word' id='word_1_81' title='bbox 843 1050 965 1108; x_wconf 79' lang='grc' dir='ltr'><strong>ἄσην</strong></span> <span class='ocrx_word' id='word_1_82' title='bbox 982 1055 1141 1099; x_wconf 75' lang='lat' dir='ltr'><strong>Herm.</strong></span> <span class='ocrx_word' id='word_1_83' title='bbox 1164 1048 1314 1111; x_wconf 85' lang='lat' dir='ltr'><strong>Orplt.</strong></span> <span class='ocrx_word' id='word_1_84' title='bbox 1332 1051 1440 1098; x_wconf 82' lang='lat'><strong>711.</strong></span> <span class='ocrx_word' id='word_1_85' title='bbox 1789 1063 1839 1100; x_wconf 70' lang='lat' dir='ltr'><strong>V.</strong></span> <span class='ocrx_word' id='word_1_86' title='bbox 1862 1055 1955 1101; x_wconf 87' lang='grc'><strong>280</strong></span> <span class='ocrx_word' id='word_1_87' title='bbox 1982 1051 2262 1101; x_wconf 53' lang='lat' dir='ltr'><strong>amcam&amp;</strong></span> <span class='ocrx_word' id='word_1_88' title='bbox 2297 1051 2402 1100; x_wconf 76' lang='grc' dir='ltr'><strong>στά-</strong></span> <span class='ocrx_word' id='word_1_89' title='bbox 2463 1051 2740 1108; x_wconf 76' lang='grc' dir='ltr'><strong>πευκεδανὸς</strong></span> <span class='ocrx_word' id='word_1_90' title='bbox 2788 1051 3004 1110; x_wconf 54' lang='grc' dir='ltr'><strong>στάζουσι)</strong></span> <span class='ocrx_word' id='word_1_91' title='bbox 3021 1064 3034 1078; x_wconf 90' lang='grc'><em>·</em></span> <span class='ocrx_word' id='word_1_92' title='bbox 3074 1056 3106 1110; x_wconf 80' lang='grc' dir='ltr'><strong>ἡ</strong></span> <span class='ocrx_word' id='word_1_93' title='bbox 3147 1047 3190 1100; x_wconf 78' lang='grc' dir='ltr'><strong>δ’</strong></span> 
     </span>
     <span class='ocr_line' id='line_1_9' title="bbox 235 1120 3188 1184; baseline 0 -14"><span class='ocrx_word' id='word_1_94' title='bbox 235 1133 274 1171; x_wconf 69' lang='lat' dir='ltr'><strong>V.</strong></span> <span class='ocrx_word' id='word_1_95' title='bbox 291 1126 359 1171; x_wconf 77' lang='grc'><strong>461</strong></span> <span class='ocrx_word' id='word_1_96' title='bbox 379 1123 439 1172; x_wconf 83' lang='grc' dir='ltr'><strong>ὅθι</strong></span> <span class='ocrx_word' id='word_1_97' title='bbox 844 1121 964 1171; x_wconf 87' lang='grc' dir='ltr'><strong>τόθι.</strong></span> <span class='ocrx_word' id='word_1_98' title='bbox 1852 1121 1978 1178; x_wconf 77' lang='grc' dir='ltr'><strong>ζουσ·</strong></span> <span class='ocrx_word' id='word_1_99' title='bbox 1992 1134 2003 1145; x_wconf 92' lang='grc'><strong><em>·</em></strong></span> <span class='ocrx_word' id='word_1_100' title='bbox 2033 1123 2065 1180; x_wconf 89' lang='grc' dir='ltr'>ἡ</span> <span class='ocrx_word' id='word_1_101' title='bbox 2085 1120 2132 1170; x_wconf 86' lang='grc' dir='ltr'><strong>δ’</strong></span> <span class='ocrx_word' id='word_1_102' title='bbox 2159 1122 2310 1170; x_wconf 66' lang='grc' dir='ltr'><strong>ἕλκεσι</strong></span> <span class='ocrx_word' id='word_1_103' title='bbox 2331 1139 2400 1182; x_wconf 87' lang='grc' dir='ltr'><strong>μι·</strong></span> <span class='ocrx_word' id='word_1_104' title='bbox 2522 1125 2678 1172; x_wconf 75' lang='grc' dir='ltr'><strong>ἕλκεσι</strong></span> <span class='ocrx_word' id='word_1_105' title='bbox 2702 1121 2917 1184; x_wconf 83' lang='grc' dir='ltr'><strong>μίσγεται</strong></span> <span class='ocrx_word' id='word_1_106' title='bbox 2935 1123 3060 1184; x_wconf 77' lang='grc' dir='ltr'><strong>ἅλμη</strong></span> <span class='ocrx_word' id='word_1_107' title='bbox 3077 1121 3188 1180; x_wconf 73' lang='grc' dir='ltr'><strong>ἠΰτε</strong></span> 
     </span>
     <span class='ocr_line' id='line_1_10' title="bbox 236 1192 3193 1258; baseline 0.001 -20"><span class='ocrx_word' id='word_1_108' title='bbox 236 1205 273 1240; x_wconf 79' lang='lat' dir='ltr'><strong>v.</strong></span> <span class='ocrx_word' id='word_1_109' title='bbox 289 1193 361 1242; x_wconf 83' lang='lat'><strong>512</strong></span> <span class='ocrx_word' id='word_1_110' title='bbox 378 1193 520 1252; x_wconf 77' lang='grc' dir='ltr'><strong>ἐούσης</strong></span> <span class='ocrx_word' id='word_1_111' title='bbox 841 1193 1020 1252; x_wconf 72' lang='grc' dir='ltr'><strong>ἰούσης,</strong></span> <span class='ocrx_word' id='word_1_112' title='bbox 1038 1196 1229 1252; x_wconf 79' lang='lat' dir='ltr'><strong>Mosqu.</strong></span> <span class='ocrx_word' id='word_1_113' title='bbox 1857 1193 2062 1254; x_wconf 80' lang='grc' dir='ltr'><strong>σγομένη</strong></span> <span class='ocrx_word' id='word_1_114' title='bbox 2076 1193 2156 1248; x_wconf 72' lang='grc' dir='ltr'><strong>ἃλς</strong></span> <span class='ocrx_word' id='word_1_115' title='bbox 2169 1192 2282 1251; x_wconf 72' lang='grc' dir='ltr'><strong>ἠΰτε</strong></span> <span class='ocrx_word' id='word_1_116' title='bbox 2291 1209 2397 1256; x_wconf 66' lang='lat' dir='ltr'><strong>stup-</strong></span> <span class='ocrx_word' id='word_1_117' title='bbox 2520 1198 2612 1256; x_wconf 77' lang='grc' dir='ltr'><strong>πῦρ</strong></span> <span class='ocrx_word' id='word_1_118' title='bbox 2627 1229 2644 1254; x_wconf 86' lang='grc'>,</span> <span class='ocrx_word' id='word_1_119' title='bbox 2693 1193 2774 1242; x_wconf 72' lang='grc' dir='ltr'><strong>καὶ</strong></span> <span class='ocrx_word' id='word_1_120' title='bbox 2825 1194 2924 1258; x_wconf 83' lang='grc' dir='ltr'><strong>θηρὶ</strong></span> <span class='ocrx_word' id='word_1_121' title='bbox 2962 1194 3193 1242; x_wconf 85' lang='grc' dir='ltr'><strong>θοὼτατον</strong></span> 
     </span>
     <span class='ocr_line' id='line_1_11' title="bbox 238 1259 3180 1330; baseline 0.001 -23"><span class='ocrx_word' id='word_1_122' title='bbox 238 1274 276 1308; x_wconf 84' lang='lat' dir='ltr'><strong>v.</strong></span> <span class='ocrx_word' id='word_1_123' title='bbox 297 1267 441 1312; x_wconf 71' lang='lat' dir='ltr'><strong>sta-15</strong></span> <span class='ocrx_word' id='word_1_124' title='bbox 467 1265 631 1324; x_wconf 81' lang='grc' dir='ltr'><strong>ἄλλου,</strong></span> <span class='ocrx_word' id='word_1_125' title='bbox 662 1265 778 1326; x_wconf 78' lang='grc' dir='ltr'><strong>ψαῦ-</strong></span> <span class='ocrx_word' id='word_1_126' title='bbox 842 1262 983 1311; x_wconf 83' lang='grc' dir='ltr'><strong>ἄλλου</strong></span> <span class='ocrx_word' id='word_1_127' title='bbox 1008 1263 1187 1324; x_wconf 80' lang='grc' dir='ltr'><strong>ψαῦσαι</strong></span> <span class='ocrx_word' id='word_1_128' title='bbox 1207 1296 1224 1321; x_wconf 86' lang='grc'><strong>,</strong></span> <span class='ocrx_word' id='word_1_129' title='bbox 1247 1260 1349 1322; x_wconf 69' lang='grc' dir='ltr'><strong>ἅμα</strong></span> <span class='ocrx_word' id='word_1_130' title='bbox 1386 1259 1565 1323; x_wconf 66' lang='grc' dir='ltr'><strong>τρομέει</strong></span> <span class='ocrx_word' id='word_1_131' title='bbox 1850 1265 1963 1322; x_wconf 59' lang='lat' dir='ltr'><strong>zat-h</strong></span> <span class='ocrx_word' id='word_1_132' title='bbox 1990 1263 2250 1313; x_wconf 81' lang='grc' dir='ltr'><strong>ὁλοώτατον</strong></span> <span class='ocrx_word' id='word_1_133' title='bbox 2280 1264 2398 1327; x_wconf 81' lang='grc' dir='ltr'><strong>ἦψεν</strong></span> <span class='ocrx_word' id='word_1_134' title='bbox 2518 1263 2636 1327; x_wconf 83' lang='grc' dir='ltr'><strong>ἦψεν</strong></span> <span class='ocrx_word' id='word_1_135' title='bbox 2669 1264 2868 1330; x_wconf 85' lang='grc' dir='ltr'><strong>ὄλεθρον.</strong></span> <span class='ocrx_word' id='word_1_136' title='bbox 2910 1269 2968 1315; x_wconf 80' lang='lat' dir='ltr'><strong>K.</strong></span> <span class='ocrx_word' id='word_1_137' title='bbox 3009 1265 3088 1313; x_wconf 88' lang='grc'><strong>33.</strong></span> <span class='ocrx_word' id='word_1_138' title='bbox 3130 1267 3180 1310; x_wconf 75' lang='lat' dir='ltr'><strong>t..</strong></span> 
     </span>
     <span class='ocr_line' id='line_1_12' title="bbox 281 1331 2636 1398; baseline 0 -16"><span class='ocrx_word' id='word_1_139' title='bbox 281 1349 345 1382; x_wconf 75' lang='grc' dir='ltr'><strong>σαι</strong></span> <span class='ocrx_word' id='word_1_140' title='bbox 370 1335 441 1395; x_wconf 82' lang='grc' dir='ltr'><strong>μὲν</strong></span> <span class='ocrx_word' id='word_1_141' title='bbox 456 1334 629 1398; x_wconf 73' lang='grc' dir='ltr'><strong>τρομέει</strong></span> <span class='ocrx_word' id='word_1_142' title='bbox 650 1369 667 1396; x_wconf 88' lang='grc'><em>,</em></span> <span class='ocrx_word' id='word_1_143' title='bbox 687 1351 777 1397; x_wconf 79' lang='grc' dir='ltr'><strong>μη·</strong></span> <span class='ocrx_word' id='word_1_144' title='bbox 902 1332 1071 1395; x_wconf 80' lang='grc' dir='ltr'><strong>μητρὸς</strong></span> <span class='ocrx_word' id='word_1_145' title='bbox 1092 1332 1233 1396; x_wconf 87' lang='grc' dir='ltr'><strong>χόλον</strong></span> <span class='ocrx_word' id='word_1_146' title='bbox 1256 1331 1331 1390; x_wconf 79' lang='grc' dir='ltr'><strong>ἠδ’</strong></span> <span class='ocrx_word' id='word_1_147' title='bbox 1348 1331 1568 1380; x_wconf 74' lang='grc' dir='ltr'><strong>ἀναδῦναι</strong></span> <span class='ocrx_word' id='word_1_148' title='bbox 1853 1333 2054 1398; x_wconf 59' lang='grc' dir='ltr'><strong>ὄλεθρον</strong></span> <span class='ocrx_word' id='word_1_149' title='bbox 2529 1336 2636 1383; x_wconf 86' lang='grc'><strong>307.</strong></span> 
     </span>
     <span class='ocr_line' id='line_1_13' title="bbox 278 1401 2769 1468; baseline 0 -16"><span class='ocrx_word' id='word_1_150' title='bbox 278 1405 360 1466; x_wconf 76' lang='grc' dir='ltr'><strong>τρὸς</strong></span> <span class='ocrx_word' id='word_1_151' title='bbox 374 1405 526 1466; x_wconf 82' lang='grc' dir='ltr'><strong>χόλον,</strong></span> <span class='ocrx_word' id='word_1_152' title='bbox 548 1405 650 1453; x_wconf 80' lang='grc' dir='ltr'><strong>οὐδ’</strong></span> <span class='ocrx_word' id='word_1_153' title='bbox 674 1404 782 1452; x_wconf 80' lang='grc' dir='ltr'><strong>ἀνα·</strong></span> <span class='ocrx_word' id='word_1_154' title='bbox 906 1401 1155 1464; x_wconf 80' lang='grc' dir='ltr'><strong>ἑλπομένη.</strong></span> <span class='ocrx_word' id='word_1_155' title='bbox 1792 1415 1841 1453; x_wconf 81' lang='lat' dir='ltr'><strong>v.</strong></span> <span class='ocrx_word' id='word_1_156' title='bbox 1868 1408 1957 1454; x_wconf 87' lang='grc'><strong>282</strong></span> <span class='ocrx_word' id='word_1_157' title='bbox 1982 1405 2116 1468; x_wconf 80' lang='grc' dir='ltr'><strong>βαλεῖ</strong></span> <span class='ocrx_word' id='word_1_158' title='bbox 2465 1403 2583 1466; x_wconf 78' lang='grc' dir='ltr'><strong>λάὸῃ</strong></span> <span class='ocrx_word' id='word_1_159' title='bbox 2607 1404 2668 1452; x_wconf 83' lang='grc' dir='ltr'><strong>Κ.</strong></span> <span class='ocrx_word' id='word_1_160' title='bbox 2690 1406 2769 1453; x_wconf 76' lang='grc'><strong>34.</strong></span> 
     </span>
     <span class='ocr_line' id='line_1_14' title="bbox 278 1470 2914 1536; baseline -0 -15"><span class='ocrx_word' id='word_1_161' title='bbox 278 1474 383 1521; x_wconf 77' lang='grc' dir='ltr'><strong>δῦναι</strong></span> <span class='ocrx_word' id='word_1_162' title='bbox 398 1474 601 1536; x_wconf 73' lang='grc' dir='ltr'><strong>ὲλδομὲνη</strong></span> <span class='ocrx_word' id='word_1_163' title='bbox 1794 1485 1841 1522; x_wconf 78' lang='lat' dir='ltr'><strong>v.</strong></span> <span class='ocrx_word' id='word_1_164' title='bbox 1866 1477 1957 1522; x_wconf 84' lang='lat'><strong>285</strong></span> <span class='ocrx_word' id='word_1_165' title='bbox 1976 1473 2143 1523; x_wconf 83' lang='grc' dir='ltr'><strong>δίοισιν</strong></span> <span class='ocrx_word' id='word_1_166' title='bbox 2455 1475 2670 1522; x_wconf 83' lang='grc' dir='ltr'><strong>δεινοῖσιν</strong></span> <span class='ocrx_word' id='word_1_167' title='bbox 2689 1484 2752 1523; x_wconf 77' lang='lat' dir='ltr'><strong>ex</strong></span> <span class='ocrx_word' id='word_1_168' title='bbox 2771 1470 2914 1522; x_wconf 73' lang='lat' dir='ltr'><strong>codd.</strong></span> 
     </span>
     <span class='ocr_line' id='line_1_15' title="bbox 146 1543 2842 1607; baseline 0.001 -18"><span class='ocrx_word' id='word_1_169' title='bbox 146 1546 179 1588; x_wconf 78' lang='grc' dir='ltr'><strong>Ι..</strong></span> <span class='ocrx_word' id='word_1_170' title='bbox 192 1546 237 1590; x_wconf 85' lang='lat' dir='ltr'><strong>tv</strong></span> <span class='ocrx_word' id='word_1_171' title='bbox 270 1553 311 1589; x_wconf 78' lang='lat' dir='ltr'><strong>v.</strong></span> <span class='ocrx_word' id='word_1_172' title='bbox 330 1547 379 1593; x_wconf 79' lang='lat'><strong>58</strong></span> <span class='ocrx_word' id='word_1_173' title='bbox 393 1545 639 1607; x_wconf 80' lang='grc' dir='ltr'><strong>τειρόμενον</strong></span> <span class='ocrx_word' id='word_1_174' title='bbox 844 1543 1109 1606; x_wconf 64' lang='grc' dir='ltr'><strong>τειρομένοιο</strong></span> <span class='ocrx_word' id='word_1_175' title='bbox 1128 1543 1355 1605; x_wconf 72' lang='grc' dir='ltr'><strong>ΒωιιοΙι.,</strong></span> <span class='ocrx_word' id='word_1_176' title='bbox 1375 1543 1437 1592; x_wconf 81' lang='grc' dir='ltr'><strong>Κ.</strong></span> <span class='ocrx_word' id='word_1_177' title='bbox 1458 1545 1537 1592; x_wconf 88' lang='grc'><strong>31.</strong></span> <span class='ocrx_word' id='word_1_178' title='bbox 1792 1557 1843 1594; x_wconf 72' lang='lat' dir='ltr'><strong>v.</strong></span> <span class='ocrx_word' id='word_1_179' title='bbox 1862 1549 1954 1594; x_wconf 87' lang='grc'><strong>322</strong></span> <span class='ocrx_word' id='word_1_180' title='bbox 1972 1545 2180 1594; x_wconf 78' lang='grc' dir='ltr'><strong>αὐτοῖσιν</strong></span> <span class='ocrx_word' id='word_1_181' title='bbox 2460 1545 2658 1593; x_wconf 79' lang='grc' dir='ltr'><strong>αἰνοῖσιν</strong></span> <span class='ocrx_word' id='word_1_182' title='bbox 2680 1545 2743 1592; x_wconf 82' lang='grc' dir='ltr'><strong>Κ.</strong></span> <span class='ocrx_word' id='word_1_183' title='bbox 2763 1546 2842 1592; x_wconf 75' lang='lat'><strong>34.</strong></span> 
     </span>
     <span class='ocr_line' id='line_1_16' title="bbox 230 1613 2869 1672; baseline 0.001 -13"><span class='ocrx_word' id='word_1_184' title='bbox 230 1624 269 1660; x_wconf 70' lang='grc' dir='ltr'><strong>τ.</strong></span> <span class='ocrx_word' id='word_1_185' title='bbox 288 1619 360 1662; x_wconf 81' lang='grc'><strong>109</strong></span> <span class='ocrx_word' id='word_1_186' title='bbox 376 1616 447 1663; x_wconf 65' lang='grc' dir='ltr'><strong>καὶ</strong></span> <span class='ocrx_word' id='word_1_187' title='bbox 457 1616 653 1665; x_wconf 79' lang='grc' dir='ltr'><strong>ὕστατον</strong></span> <span class='ocrx_word' id='word_1_188' title='bbox 837 1613 1129 1663; x_wconf 81' lang='grc' dir='ltr'><strong>πανύστατον</strong></span> <span class='ocrx_word' id='word_1_189' title='bbox 1151 1615 1216 1663; x_wconf 78' lang='lat' dir='ltr'><strong>K.</strong></span> <span class='ocrx_word' id='word_1_190' title='bbox 1234 1619 1313 1663; x_wconf 76' lang='grc'><strong>30.</strong></span> <span class='ocrx_word' id='word_1_191' title='bbox 1793 1627 1844 1665; x_wconf 81' lang='lat' dir='ltr'><strong>v.</strong></span> <span class='ocrx_word' id='word_1_192' title='bbox 1869 1615 1963 1664; x_wconf 77' lang='grc'><strong>342</strong></span> <span class='ocrx_word' id='word_1_193' title='bbox 1983 1616 2092 1672; x_wconf 75' lang='grc' dir='ltr'><strong>ἁλὸς</strong></span> <span class='ocrx_word' id='word_1_194' title='bbox 2467 1615 2567 1672; x_wconf 80' lang='grc' dir='ltr'><strong>ἅλις</strong></span> <span class='ocrx_word' id='word_1_195' title='bbox 2599 1613 2810 1663; x_wconf 81' lang='lat' dir='ltr'><strong>Piersoni</strong></span> <span class='ocrx_word' id='word_1_196' title='bbox 2832 1613 2869 1662; x_wconf 86' lang='lat'><strong>¹.</strong></span> 
     </span>
     <span class='ocr_line' id='line_1_17' title="bbox 229 1683 2888 1752; baseline 0.001 -22"><span class='ocrx_word' id='word_1_197' title='bbox 229 1695 263 1732; x_wconf 80' lang='lat' dir='ltr'><strong>v.</strong></span> <span class='ocrx_word' id='word_1_198' title='bbox 283 1689 355 1734; x_wconf 85' lang='lat'><strong>193</strong></span> <span class='ocrx_word' id='word_1_199' title='bbox 368 1685 776 1752; x_wconf 71' lang='grc' dir='ltr'><strong>ἀμφιπεριτρομέων</strong></span> <span class='ocrx_word' id='word_1_200' title='bbox 839 1684 1267 1750; x_wconf 73' lang='grc' dir='ltr'><strong>ἀμφιπεριδρομέων</strong></span> <span class='ocrx_word' id='word_1_201' title='bbox 1304 1689 1569 1735; x_wconf 74' lang='lat' dir='ltr'><strong>Hermann.</strong></span> <span class='ocrx_word' id='word_1_202' title='bbox 1794 1697 1844 1733; x_wconf 81' lang='lat' dir='ltr'><strong>v.</strong></span> <span class='ocrx_word' id='word_1_203' title='bbox 1865 1688 1958 1735; x_wconf 77' lang='lat'><strong>394</strong></span> <span class='ocrx_word' id='word_1_204' title='bbox 1973 1685 2102 1734; x_wconf 78' lang='grc' dir='ltr'><strong>τάων</strong></span> <span class='ocrx_word' id='word_1_205' title='bbox 2461 1685 2540 1740; x_wconf 81' lang='grc' dir='ltr'><strong>τὰς</strong></span> <span class='ocrx_word' id='word_1_206' title='bbox 2559 1685 2600 1734; x_wconf 84' lang='grc' dir='ltr'><strong>δ’</strong></span> <span class='ocrx_word' id='word_1_207' title='bbox 2621 1683 2703 1734; x_wconf 76' lang='grc' dir='ltr'><strong>οὖν</strong></span> <span class='ocrx_word' id='word_1_208' title='bbox 2723 1690 2786 1735; x_wconf 79' lang='lat' dir='ltr'><strong>K.</strong></span> <span class='ocrx_word' id='word_1_209' title='bbox 2809 1688 2888 1734; x_wconf 70' lang='grc'><strong>34.</strong></span> 
     </span>
     <span class='ocr_line' id='line_1_18' title="bbox 901 1753 3189 1821; baseline -0.001 -16"><span class='ocrx_word' id='word_1_210' title='bbox 901 1755 1055 1819; x_wconf 83' lang='lat' dir='ltr'><strong>orph.</strong></span> <span class='ocrx_word' id='word_1_211' title='bbox 1090 1759 1199 1806; x_wconf 86' lang='grc'><strong>739.</strong></span> <span class='ocrx_word' id='word_1_212' title='bbox 1793 1767 1843 1805; x_wconf 78' lang='lat' dir='ltr'><strong>v.</strong></span> <span class='ocrx_word' id='word_1_213' title='bbox 1868 1759 1958 1805; x_wconf 76' lang='lat'><strong>48⁵</strong></span> <span class='ocrx_word' id='word_1_214' title='bbox 1984 1753 2075 1804; x_wconf 77' lang='grc' dir='ltr'><strong>ἀνὰ</strong></span> <span class='ocrx_word' id='word_1_215' title='bbox 2109 1760 2160 1806; x_wconf 88' lang='lat' dir='ltr'><strong>et</strong></span> <span class='ocrx_word' id='word_1_216' title='bbox 2196 1755 2403 1818; x_wconf 82' lang='grc' dir='ltr'><strong>παρενεί-</strong></span> <span class='ocrx_word' id='word_1_217' title='bbox 2466 1753 2656 1818; x_wconf 62' lang='grc' dir='ltr'><strong>πάροιθε</strong></span> <span class='ocrx_word' id='word_1_218' title='bbox 2676 1755 2899 1821; x_wconf 77' lang='grc' dir='ltr'><strong>ἀναείρων</strong></span> <span class='ocrx_word' id='word_1_219' title='bbox 2919 1754 3189 1805; x_wconf 81' lang='lat' dir='ltr'><strong>utBrunck.</strong></span> 
     </span>
     <span class='ocr_line' id='line_1_19' title="bbox 226 1825 2752 1891; baseline 0.002 -19"><span class='ocrx_word' id='word_1_220' title='bbox 226 1839 262 1875; x_wconf 76' lang='lat' dir='ltr'><strong>v.</strong></span> <span class='ocrx_word' id='word_1_221' title='bbox 278 1831 349 1876; x_wconf 83' lang='grc'><strong>331</strong></span> <span class='ocrx_word' id='word_1_222' title='bbox 368 1829 559 1878; x_wconf 74' lang='grc' dir='ltr'><strong>εἰναλίων</strong></span> <span class='ocrx_word' id='word_1_223' title='bbox 578 1829 719 1887; x_wconf 57' lang='lat' dir='ltr'><strong>mv</strong></span> <span class='ocrx_word' id='word_1_224' title='bbox 835 1826 1047 1876; x_wconf 82' lang='grc' dir='ltr'><strong>εἰναλίων</strong></span> <span class='ocrx_word' id='word_1_225' title='bbox 1079 1827 1163 1889; x_wconf 73' lang='grc' dir='ltr'><strong>μὲν</strong></span> <span class='ocrx_word' id='word_1_226' title='bbox 1186 1825 1301 1884; x_wconf 84' lang='grc' dir='ltr'><strong>ἅδην</strong></span> <span class='ocrx_word' id='word_1_227' title='bbox 1319 1839 1380 1876; x_wconf 83' lang='lat' dir='ltr'><strong>ex</strong></span> <span class='ocrx_word' id='word_1_228' title='bbox 1402 1825 1571 1890; x_wconf 63' lang='lat' dir='ltr'><strong>codd„</strong></span> <span class='ocrx_word' id='word_1_229' title='bbox 1856 1841 1951 1891; x_wconf 86' lang='grc' dir='ltr'><strong>ρων</strong></span> <span class='ocrx_word' id='word_1_230' title='bbox 2530 1839 2588 1874; x_wconf 84' lang='lat' dir='ltr'><strong>ex</strong></span> <span class='ocrx_word' id='word_1_231' title='bbox 2609 1825 2752 1876; x_wconf 81' lang='lat' dir='ltr'><strong>codd.</strong></span> 
     </span>
     <span class='ocr_line' id='line_1_20' title="bbox 903 1895 3102 1948; baseline 0 -2"><span class='ocrx_word' id='word_1_232' title='bbox 903 1898 965 1946; x_wconf 78' lang='lat' dir='ltr'><strong>K.</strong></span> <span class='ocrx_word' id='word_1_233' title='bbox 992 1901 1073 1946; x_wconf 87' lang='grc' dir='ltr'><strong>3ο.</strong></span> <span class='ocrx_word' id='word_1_234' title='bbox 1802 1909 1853 1945; x_wconf 81' lang='grc' dir='ltr'><strong>ν.</strong></span> <span class='ocrx_word' id='word_1_235' title='bbox 1878 1897 1969 1946; x_wconf 82' lang='lat'><strong>528</strong></span> <span class='ocrx_word' id='word_1_236' title='bbox 1993 1896 2070 1945; x_wconf 80' lang='grc' dir='ltr'><strong>ἐπὶ</strong></span> <span class='ocrx_word' id='word_1_237' title='bbox 2478 1898 2558 1946; x_wconf 78' lang='grc' dir='ltr'><strong>καὶ</strong></span> <span class='ocrx_word' id='word_1_238' title='bbox 2587 1898 2641 1946; x_wconf 85' lang='lat' dir='ltr'><strong>ut</strong></span> <span class='ocrx_word' id='word_1_239' title='bbox 2663 1898 2764 1948; x_wconf 79' lang='lat' dir='ltr'><strong>fere</strong></span> <span class='ocrx_word' id='word_1_240' title='bbox 2782 1909 2950 1947; x_wconf 72' lang='lat' dir='ltr'><strong>omnes</strong></span> <span class='ocrx_word' id='word_1_241' title='bbox 2963 1895 3102 1946; x_wconf 81' lang='lat' dir='ltr'><strong>codd.</strong></span> 
     </span>
     <span class='ocr_line' id='line_1_21' title="bbox 223 1965 3050 2036; baseline 0.001 -22"><span class='ocrx_word' id='word_1_242' title='bbox 223 1980 263 2014; x_wconf 79' lang='lat' dir='ltr'><strong>v.</strong></span> <span class='ocrx_word' id='word_1_243' title='bbox 277 1972 352 2018; x_wconf 78' lang='lat'><strong>3³2</strong></span> <span class='ocrx_word' id='word_1_244' title='bbox 370 1973 415 2018; x_wconf 80' lang='grc' dir='ltr'><strong>αῑ</strong></span> <span class='ocrx_word' id='word_1_245' title='bbox 848 1965 917 2030; x_wconf 80' lang='grc' dir='ltr'><strong>ἄψ</strong></span> <span class='ocrx_word' id='word_1_246' title='bbox 934 1968 994 2015; x_wconf 83' lang='grc' dir='ltr'><strong>Κ.</strong></span> <span class='ocrx_word' id='word_1_247' title='bbox 1012 1965 1079 2014; x_wconf 87' lang='lat' dir='ltr'><strong>ib.</strong></span> <span class='ocrx_word' id='word_1_248' title='bbox 1796 1978 1847 2015; x_wconf 71' lang='grc' dir='ltr'><strong>ν.</strong></span> <span class='ocrx_word' id='word_1_249' title='bbox 1872 1968 1962 2015; x_wconf 75' lang='grc'><strong>534</strong></span> <span class='ocrx_word' id='word_1_250' title='bbox 1981 1965 2251 2028; x_wconf 84' lang='grc' dir='ltr'><strong>γηθόσυνοι,</strong></span> <span class='ocrx_word' id='word_1_251' title='bbox 2275 1966 2402 2036; x_wconf 79' lang='grc' dir='ltr'><strong>χρίμ-</strong></span> <span class='ocrx_word' id='word_1_252' title='bbox 2461 1965 2712 2031; x_wconf 79' lang='grc' dir='ltr'><strong>γηθόσυνοι</strong></span> <span class='ocrx_word' id='word_1_253' title='bbox 2731 1967 3050 2032; x_wconf 77' lang='grc' dir='ltr'><strong>χρίμπτοντις,</strong></span> 
     </span>
     <span class='ocr_line' id='line_1_22' title="bbox 224 2037 2049 2102; baseline 0.002 -20"><span class='ocrx_word' id='word_1_254' title='bbox 224 2048 261 2084; x_wconf 79' lang='lat' dir='ltr'><strong>v.</strong></span> <span class='ocrx_word' id='word_1_255' title='bbox 276 2041 345 2088; x_wconf 75' lang='lat'><strong>411</strong></span> <span class='ocrx_word' id='word_1_256' title='bbox 364 2039 599 2102; x_wconf 69' lang='grc' dir='ltr'><strong>ἑπόμεναι</strong></span> <span class='ocrx_word' id='word_1_257' title='bbox 850 2037 1101 2100; x_wconf 74' lang='grc' dir='ltr'><strong>ἐσσύμεναι</strong></span> <span class='ocrx_word' id='word_1_258' title='bbox 1120 2039 1183 2086; x_wconf 82' lang='grc' dir='ltr'><strong>Κ.</strong></span> <span class='ocrx_word' id='word_1_259' title='bbox 1204 2042 1277 2088; x_wconf 88' lang='grc'><strong>31.</strong></span> <span class='ocrx_word' id='word_1_260' title='bbox 1303 2040 1373 2098; x_wconf 66' lang='grc'><strong>(9)</strong></span> <span class='ocrx_word' id='word_1_261' title='bbox 1859 2053 2049 2092; x_wconf 78' lang='grc' dir='ltr'><strong>πτοντες</strong></span> 
     </span>
    </p>
   </div>
   <div class='ocr_carea' id='block_1_3' title="bbox 180 2177 1237 2244">
    <p class='ocr_par' dir='ltr' id='par_1_3' title="bbox 180 2177 1237 2244">
     <span class='ocr_line' id='line_1_23' title="bbox 180 2177 1237 2244; baseline -0.008 -10"><span class='ocrx_word' id='word_1_262' title='bbox 180 2177 231 2239; x_wconf 78' lang='grc' dir='ltr'><strong>(Ι)</strong></span> <span class='ocrx_word' id='word_1_263' title='bbox 254 2182 327 2228; x_wconf 75' lang='lat'><strong>3⁴8</strong></span> <span class='ocrx_word' id='word_1_264' title='bbox 350 2181 506 2244; x_wconf 76' lang='grc' dir='ltr'><strong>ἀχέων.</strong></span> <span class='ocrx_word' id='word_1_265' title='bbox 540 2179 829 2244; x_wconf 68' lang='lat' dir='ltr'><strong>aequiritur</strong></span> <span class='ocrx_word' id='word_1_266' title='bbox 852 2178 1017 2242; x_wconf 74' lang='lat' dir='ltr'><strong>potius</strong></span> <span class='ocrx_word' id='word_1_267' title='bbox 1038 2179 1237 2229; x_wconf 76' lang='grc' dir='ltr'><strong>ὃακὲων.</strong></span> 
     </span>
    </p>
   </div>
   <div class='ocr_carea' id='block_1_4' title="bbox 129 2362 3204 2597">
    <p class='ocr_par' dir='ltr' id='par_1_4' title="bbox 129 2362 3204 2597">
     <span class='ocr_line' id='line_1_24' title="bbox 202 2362 3202 2465; baseline 0.002 -33"><span class='ocrx_word' id='word_1_268' title='bbox 202 2369 456 2437; x_wconf 85' lang='lat' dir='ltr'><strong>Tantum</strong></span> <span class='ocrx_word' id='word_1_269' title='bbox 493 2391 651 2438; x_wconf 85' lang='lat' dir='ltr'><strong>rara</strong></span> <span class='ocrx_word' id='word_1_270' title='bbox 676 2365 1000 2465; x_wconf 88' lang='lat' dir='ltr'><strong>profecto</strong></span> <span class='ocrx_word' id='word_1_271' title='bbox 1018 2364 1304 2434; x_wconf 79' lang='lat' dir='ltr'><strong>solertia</strong></span> <span class='ocrx_word' id='word_1_272' title='bbox 1326 2362 1501 2433; x_wconf 87' lang='lat' dir='ltr'><strong>huic</strong></span> <span class='ocrx_word' id='word_1_273' title='bbox 1533 2362 1862 2460; x_wconf 87' lang='lat' dir='ltr'><strong>scriptori</strong></span> <span class='ocrx_word' id='word_1_274' title='bbox 1891 2363 2218 2461; x_wconf 89' lang='lat' dir='ltr'><strong>praestitit</strong></span> <span class='ocrx_word' id='word_1_275' title='bbox 2242 2365 2612 2436; x_wconf 85' lang='lat' dir='ltr'>Arminius</span> <span class='ocrx_word' id='word_1_276' title='bbox 2644 2366 2971 2465; x_wconf 80' lang='lat' dir='ltr'><strong>Koechly.</strong></span> <span class='ocrx_word' id='word_1_277' title='bbox 2995 2367 3202 2439; x_wconf 87' lang='lat' dir='ltr'><strong>Haud</strong></span> 
     </span>
     <span class='ocr_line' id='line_1_25' title="bbox 129 2493 3204 2597; baseline 0.002 -33"><span class='ocrx_word' id='word_1_278' title='bbox 129 2518 301 2588; x_wconf 83' lang='lat' dir='ltr'><strong>pauca</strong></span> <span class='ocrx_word' id='word_1_279' title='bbox 337 2499 627 2591; x_wconf 79' lang='lat' dir='ltr'><strong>eximia:</strong></span> <span class='ocrx_word' id='word_1_280' title='bbox 660 2495 1017 2568; x_wconf 88' lang='lat' dir='ltr'><strong>nonnulla</strong></span> <span class='ocrx_word' id='word_1_281' title='bbox 1054 2494 1269 2566; x_wconf 88' lang='lat' dir='ltr'><strong>etiam</strong></span> <span class='ocrx_word' id='word_1_282' title='bbox 1307 2517 1457 2564; x_wconf 90' lang='lat' dir='ltr'><strong>non</strong></span> <span class='ocrx_word' id='word_1_283' title='bbox 1485 2493 1649 2565; x_wconf 84' lang='lat' dir='ltr'><strong>satis</strong></span> <span class='ocrx_word' id='word_1_284' title='bbox 1691 2508 1883 2564; x_wconf 88' lang='lat' dir='ltr'><strong>certa</strong></span> <span class='ocrx_word' id='word_1_285' title='bbox 1914 2495 2077 2590; x_wconf 87' lang='lat' dir='ltr'><strong>jure</strong></span> <span class='ocrx_word' id='word_1_286' title='bbox 2107 2519 2308 2567; x_wconf 89' lang='lat' dir='ltr'><strong>nunc</strong></span> <span class='ocrx_word' id='word_1_287' title='bbox 2339 2495 2646 2569; x_wconf 89' lang='lat' dir='ltr'><strong>admissa</strong></span> <span class='ocrx_word' id='word_1_288' title='bbox 2686 2525 2703 2568; x_wconf 73' lang='grc' dir='ltr'><strong><em>ε</em></strong></span> <span class='ocrx_word' id='word_1_289' title='bbox 2745 2498 3068 2597; x_wconf 87' lang='lat' dir='ltr'><strong>quaedam</strong></span> <span class='ocrx_word' id='word_1_290' title='bbox 3109 2516 3204 2570; x_wconf 88' lang='lat' dir='ltr'><strong>ta-</strong></span> 
     </span>
    </p>
   </div>
   <div class='ocr_carea' id='block_1_5' title="bbox 110 2624 3208 3709">
    <p class='ocr_par' dir='ltr' id='par_1_5' title="bbox 110 2624 3208 3709">
     <span class='ocr_line' id='line_1_26' title="bbox 129 2624 3200 2738; baseline 0.003 -44"><span class='ocrx_word' id='word_1_291' title='bbox 129 2649 273 2717; x_wconf 87' lang='lat' dir='ltr'><strong>men,</strong></span> <span class='ocrx_word' id='word_1_292' title='bbox 296 2654 439 2727; x_wconf 87' lang='lat' dir='ltr'><strong>quae</strong></span> <span class='ocrx_word' id='word_1_293' title='bbox 462 2633 569 2704; x_wconf 80' lang='lat' dir='ltr'><strong>vir</strong></span> <span class='ocrx_word' id='word_1_294' title='bbox 596 2629 916 2727; x_wconf 87' lang='lat' dir='ltr'><strong>egregius</strong></span> <span class='ocrx_word' id='word_1_295' title='bbox 951 2641 1359 2716; x_wconf 77' lang='lat' dir='ltr'><strong>tentaverat,</strong></span> <span class='ocrx_word' id='word_1_296' title='bbox 1381 2624 1579 2696; x_wconf 83' lang='lat' dir='ltr'><strong>haud</strong></span> <span class='ocrx_word' id='word_1_297' title='bbox 1606 2624 1829 2698; x_wconf 88' lang='lat' dir='ltr'><strong>dubie</strong></span> <span class='ocrx_word' id='word_1_298' title='bbox 1850 2625 2293 2701; x_wconf 86' lang='lat' dir='ltr'><strong>excludenda</strong></span> <span class='ocrx_word' id='word_1_299' title='bbox 2317 2645 2537 2702; x_wconf 89' lang='lat' dir='ltr'><strong>erant.</strong></span> <span class='ocrx_word' id='word_1_300' title='bbox 2555 2635 2632 2702; x_wconf 91' lang='lat' dir='ltr'><strong>E.</strong></span> <span class='ocrx_word' id='word_1_301' title='bbox 2661 2657 2725 2728; x_wconf 85' lang='lat' dir='ltr'><strong>g.</strong></span> <span class='ocrx_word' id='word_1_302' title='bbox 2741 2631 2896 2738; x_wconf 71' lang='lat' dir='ltr'><strong>Hal.</strong></span> <span class='ocrx_word' id='word_1_303' title='bbox 2924 2637 2978 2724; x_wconf 86' lang='lat' dir='ltr'><strong>t,</strong></span> <span class='ocrx_word' id='word_1_304' title='bbox 3014 2633 3152 2728; x_wconf 77' lang='grc'><strong>394</strong></span> <span class='ocrx_word' id='word_1_305' title='bbox 3185 2659 3200 2704; x_wconf 76' lang='lat'>2</span> 
     </span>
     <span class='ocr_line' id='line_1_27' title="bbox 689 2799 2097 2882; baseline -0.004 -16"><span class='ocrx_word' id='word_1_306' title='bbox 689 2805 849 2865; x_wconf 83' lang='grc' dir='ltr'><strong>Ἐστι</strong></span> <span class='ocrx_word' id='word_1_307' title='bbox 874 2805 921 2862; x_wconf 83' lang='grc' dir='ltr'><strong>δ’</strong></span> <span class='ocrx_word' id='word_1_308' title='bbox 944 2802 1261 2882; x_wconf 80' lang='grc' dir='ltr'><strong>ἀμειλίκτοις</strong></span> <span class='ocrx_word' id='word_1_309' title='bbox 1290 2801 1365 2862; x_wconf 82' lang='grc' dir='ltr'><strong>ἐνὶ</strong></span> <span class='ocrx_word' id='word_1_310' title='bbox 1392 2801 1623 2876; x_wconf 77' lang='grc' dir='ltr'><strong>κήτεσιν,</strong></span> <span class='ocrx_word' id='word_1_311' title='bbox 1649 2799 1783 2861; x_wconf 81' lang='grc' dir='ltr'><strong>ὅσσα</strong></span> <span class='ocrx_word' id='word_1_312' title='bbox 1810 2801 1902 2861; x_wconf 83' lang='grc' dir='ltr'><strong>καὶ</strong></span> <span class='ocrx_word' id='word_1_313' title='bbox 1925 2801 2097 2881; x_wconf 81' lang='grc' dir='ltr'><strong>ἅλμης</strong></span> 
     </span>
     <span class='ocr_line' id='line_1_28' title="bbox 691 2901 1906 2992; baseline -0.004 -20"><span class='ocrx_word' id='word_1_314' title='bbox 691 2911 836 2979; x_wconf 80' lang='grc' dir='ltr'><strong>ἐκτὸς</strong></span> <span class='ocrx_word' id='word_1_315' title='bbox 860 2908 948 2970; x_wconf 76' lang='grc' dir='ltr'><strong>ἐπὶ</strong></span> <span class='ocrx_word' id='word_1_316' title='bbox 972 2911 1232 2992; x_wconf 78' lang='grc' dir='ltr'><strong>τραφερῆς</strong></span> <span class='ocrx_word' id='word_1_317' title='bbox 1254 2907 1494 2991; x_wconf 83' lang='grc' dir='ltr'><strong>φυσίζοον</strong></span> <span class='ocrx_word' id='word_1_318' title='bbox 1523 2905 1737 2989; x_wconf 81' lang='grc' dir='ltr'><strong>ἔρχεται</strong></span> <span class='ocrx_word' id='word_1_319' title='bbox 1764 2901 1906 2969; x_wconf 75' lang='grc' dir='ltr'><strong>αἶαν.</strong></span> 
     </span>
     <span class='ocr_line' id='line_1_29' title="bbox 118 3061 3202 3161; baseline 0.003 -31"><span class='ocrx_word' id='word_1_320' title='bbox 118 3064 381 3159; x_wconf 82' lang='lat' dir='ltr'><strong>Ineptum</strong></span> <span class='ocrx_word' id='word_1_321' title='bbox 444 3066 627 3138; x_wconf 86' lang='lat' dir='ltr'><strong>dicit</strong></span> <span class='ocrx_word' id='word_1_322' title='bbox 682 3064 789 3134; x_wconf 83' lang='lat' dir='ltr'><strong>vir</strong></span> <span class='ocrx_word' id='word_1_323' title='bbox 838 3062 1299 3134; x_wconf 86' lang='lat' dir='ltr'><strong>doctissimus</strong></span> <span class='ocrx_word' id='word_1_324' title='bbox 1360 3090 1375 3130; x_wconf 73' lang='grc' dir='ltr'><strong><em>ε</em></strong></span> <span class='ocrx_word' id='word_1_325' title='bbox 1430 3090 1463 3127; x_wconf 75' lang='grc' dir='ltr'><strong>α</strong></span> <span class='ocrx_word' id='word_1_326' title='bbox 1509 3077 1676 3132; x_wconf 87' lang='lat' dir='ltr'><strong>sunt</strong></span> <span class='ocrx_word' id='word_1_327' title='bbox 1720 3061 1905 3132; x_wconf 90' lang='lat' dir='ltr'><strong>inter</strong></span> <span class='ocrx_word' id='word_1_328' title='bbox 1945 3078 2100 3133; x_wconf 88' lang='lat' dir='ltr'><strong>cete</strong></span> <span class='ocrx_word' id='word_1_329' title='bbox 2137 3079 2303 3160; x_wconf 78' lang='lat' dir='ltr'><strong>quot</strong></span> <span class='ocrx_word' id='word_1_330' title='bbox 2332 3102 2416 3117; x_wconf 91' lang='lat'><em>-</em></span> <span class='ocrx_word' id='word_1_331' title='bbox 2441 3092 2476 3129; x_wconf 71' lang='grc' dir='ltr'><strong>υ</strong></span> <span class='ocrx_word' id='word_1_332' title='bbox 2527 3064 2972 3161; x_wconf 88' lang='lat' dir='ltr'><strong>requiritque</strong></span> <span class='ocrx_word' id='word_1_333' title='bbox 3024 3070 3202 3139; x_wconf 80' lang='grc' dir='ltr'><strong>ἅσσα.</strong></span> 
     </span>
     <span class='ocr_line' id='line_1_30' title="bbox 117 3182 3208 3293; baseline 0.001 -32"><span class='ocrx_word' id='word_1_334' title='bbox 117 3194 251 3267; x_wconf 74' lang='lat' dir='ltr'><strong>Mihi</strong></span> <span class='ocrx_word' id='word_1_335' title='bbox 299 3217 537 3272; x_wconf 87' lang='lat' dir='ltr'><strong>contra</strong></span> <span class='ocrx_word' id='word_1_336' title='bbox 580 3199 829 3271; x_wconf 88' lang='lat' dir='ltr'><strong>nescio</strong></span> <span class='ocrx_word' id='word_1_337' title='bbox 871 3194 1051 3293; x_wconf 91' lang='lat' dir='ltr'><strong>quid</strong></span> <span class='ocrx_word' id='word_1_338' title='bbox 1084 3197 1583 3293; x_wconf 88' lang='lat' dir='ltr'><strong>importunum</strong></span> <span class='ocrx_word' id='word_1_339' title='bbox 1631 3210 1839 3265; x_wconf 85' lang='lat' dir='ltr'><strong>sonat</strong></span> <span class='ocrx_word' id='word_1_340' title='bbox 1872 3182 2062 3266; x_wconf 83' lang='lat' dir='ltr'><strong>illud</strong></span> <span class='ocrx_word' id='word_1_341' title='bbox 2103 3202 2263 3267; x_wconf 80' lang='grc' dir='ltr'><strong>ἔστιν</strong></span> <span class='ocrx_word' id='word_1_342' title='bbox 2298 3200 2477 3269; x_wconf 80' lang='grc' dir='ltr'><strong>ἄσσα.</strong></span> <span class='ocrx_word' id='word_1_343' title='bbox 2527 3195 2667 3269; x_wconf 90' lang='lat' dir='ltr'><strong>Sed</strong></span> <span class='ocrx_word' id='word_1_344' title='bbox 2695 3197 2840 3269; x_wconf 87' lang='lat' dir='ltr'><strong>hoo</strong></span> <span class='ocrx_word' id='word_1_345' title='bbox 2888 3204 3050 3271; x_wconf 65' lang='lat' dir='ltr'><strong>utu:</strong></span> <span class='ocrx_word' id='word_1_346' title='bbox 3102 3210 3208 3267; x_wconf 90' lang='lat' dir='ltr'><strong>est</strong></span> 
     </span>
     <span class='ocr_line' id='line_1_31' title="bbox 116 3316 3208 3429; baseline 0.003 -36"><span class='ocrx_word' id='word_1_347' title='bbox 116 3331 989 3429; x_wconf 53' lang='lat' dir='ltr'><strong>meminimus‘Oppianum</strong></span> <span class='ocrx_word' id='word_1_348' title='bbox 1056 3331 1422 3427; x_wconf 80' lang='lat' dir='ltr'><strong>scripsisse</strong></span> <span class='ocrx_word' id='word_1_349' title='bbox 1457 3356 1526 3399; x_wconf 86' lang='lat' dir='ltr'><strong>v.</strong></span> <span class='ocrx_word' id='word_1_350' title='bbox 1598 3329 1727 3426; x_wconf 84' lang='lat'><strong>761</strong></span> <span class='ocrx_word' id='word_1_351' title='bbox 1774 3356 1790 3399; x_wconf 77' lang='grc' dir='ltr'><strong>ε</strong></span> <span class='ocrx_word' id='word_1_352' title='bbox 1835 3316 1989 3400; x_wconf 62' lang='lat' dir='ltr'><strong>litem</strong></span> <span class='ocrx_word' id='word_1_353' title='bbox 2023 3323 2080 3398; x_wconf 76' lang='grc' dir='ltr'><strong>δ’</strong></span> <span class='ocrx_word' id='word_1_354' title='bbox 2113 3334 2200 3398; x_wconf 86' lang='grc' dir='ltr'><strong>ὅσ’</strong></span> <span class='ocrx_word' id='word_1_355' title='bbox 2231 3332 2372 3400; x_wconf 79' lang='grc' dir='ltr'><strong>οὔτε</strong></span> <span class='ocrx_word' id='word_1_356' title='bbox 2419 3332 2667 3428; x_wconf 78' lang='grc' dir='ltr'><strong>γάμοισι</strong></span> <span class='ocrx_word' id='word_1_357' title='bbox 2704 3336 3026 3429; x_wconf 78' lang='grc' dir='ltr'><strong>φυτεύιται</strong></span> <span class='ocrx_word' id='word_1_358' title='bbox 3073 3340 3208 3403; x_wconf 79' lang='grc' dir='ltr'><strong>οὒτε</strong></span> 
     </span>
     <span class='ocr_line' id='line_1_32' title="bbox 110 3459 2559 3559; baseline 0.003 -33"><span class='ocrx_word' id='word_1_359' title='bbox 110 3462 289 3549; x_wconf 76' lang='grc' dir='ltr'><strong>γόνοισι</strong></span> <span class='ocrx_word' id='word_1_360' title='bbox 329 3468 607 3537; x_wconf 80' lang='grc' dir='ltr'><strong>τίκτεται</strong></span> <span class='ocrx_word' id='word_1_361' title='bbox 648 3470 1065 3537; x_wconf 80' lang='grc' dir='ltr'><strong>αὐτοτέλεστοι</strong></span> <span class='ocrx_word' id='word_1_362' title='bbox 1104 3466 1207 3532; x_wconf 79' lang='grc' dir='ltr'><strong>καὶ</strong></span> <span class='ocrx_word' id='word_1_363' title='bbox 1231 3466 1609 3559; x_wconf 76' lang='grc' dir='ltr'><strong>αὐτόῤῥεκτα</strong></span> <span class='ocrx_word' id='word_1_364' title='bbox 1628 3464 1899 3559; x_wconf 76' lang='grc' dir='ltr'><strong>γένεθλα.</strong></span> <span class='ocrx_word' id='word_1_365' title='bbox 1931 3502 2012 3515; x_wconf 91' lang='grc'><strong>--</strong></span> <span class='ocrx_word' id='word_1_366' title='bbox 2035 3459 2193 3533; x_wconf 82' lang='lat' dir='ltr'><strong>Hal.</strong></span> <span class='ocrx_word' id='word_1_367' title='bbox 2239 3464 2328 3551; x_wconf 88' lang='lat' dir='ltr'><strong>II,</strong></span> <span class='ocrx_word' id='word_1_368' title='bbox 2361 3460 2505 3533; x_wconf 82' lang='lat'><strong>613</strong></span> <span class='ocrx_word' id='word_1_369' title='bbox 2543 3490 2559 3533; x_wconf 74' lang='grc' dir='ltr'><em>τ</em></span> 
     </span>
     <span class='ocr_line' id='line_1_33' title="bbox 701 3627 2063 3709; baseline -0.003 -19"><span class='ocrx_word' id='word_1_370' title='bbox 701 3630 976 3709; x_wconf 77' lang='grc' dir='ltr'><strong>αἱχμάζων</strong></span> <span class='ocrx_word' id='word_1_371' title='bbox 1002 3628 1253 3708; x_wconf 81' lang='grc' dir='ltr'><strong>γενέεσσι,</strong></span> <span class='ocrx_word' id='word_1_372' title='bbox 1274 3628 1453 3688; x_wconf 82' lang='grc' dir='ltr'><strong>παθὼν</strong></span> <span class='ocrx_word' id='word_1_373' title='bbox 1482 3629 1528 3687; x_wconf 87' lang='grc' dir='ltr'><strong>δ’</strong></span> <span class='ocrx_word' id='word_1_374' title='bbox 1556 3628 1841 3688; x_wconf 80' lang='grc' dir='ltr'><strong>ἀπετίσατο</strong></span> <span class='ocrx_word' id='word_1_375' title='bbox 1866 3627 2063 3699; x_wconf 77' lang='grc' dir='ltr'><strong>λώὸην.</strong></span> 
     </span>
    </p>
   </div>
   <div class='ocr_carea' id='block_1_6' title="bbox 102 3772 3215 4139">
    <p class='ocr_par' dir='ltr' id='par_1_6' title="bbox 102 3772 3215 4139">
     <span class='ocr_line' id='line_1_34' title="bbox 108 3772 3210 3874; baseline 0.002 -33"><span class='ocrx_word' id='word_1_376' title='bbox 108 3775 226 3844; x_wconf 88' lang='lat' dir='ltr'><strong>Hoc</strong></span> <span class='ocrx_word' id='word_1_377' title='bbox 289 3776 449 3849; x_wconf 87' lang='lat' dir='ltr'><strong>loco</strong></span> <span class='ocrx_word' id='word_1_378' title='bbox 526 3782 772 3851; x_wconf 77' lang='grc' dir='ltr'><strong>παθέων</strong></span> <span class='ocrx_word' id='word_1_379' title='bbox 833 3777 1130 3874; x_wconf 83' lang='lat' dir='ltr'><strong>requirit</strong></span> <span class='ocrx_word' id='word_1_380' title='bbox 1194 3803 1209 3845; x_wconf 73' lang='grc' dir='ltr'>ε</span> <span class='ocrx_word' id='word_1_381' title='bbox 1270 3773 1681 3847; x_wconf 85' lang='lat' dir='ltr'><strong>confirmari</strong></span> <span class='ocrx_word' id='word_1_382' title='bbox 1714 3772 1861 3845; x_wconf 85' lang='lat' dir='ltr'><strong>hoc</strong></span> <span class='ocrx_word' id='word_1_383' title='bbox 1905 3798 1989 3845; x_wconf 84' lang='lat' dir='ltr'><strong>ex</strong></span> <span class='ocrx_word' id='word_1_384' title='bbox 2018 3774 2181 3846; x_wconf 92' lang='lat' dir='ltr'><strong>cod.</strong></span> <span class='ocrx_word' id='word_1_385' title='bbox 2223 3775 2462 3864; x_wconf 83' lang='lat' dir='ltr'><strong>Palat.,</strong></span> <span class='ocrx_word' id='word_1_386' title='bbox 2518 3776 2591 3845; x_wconf 90' lang='lat' dir='ltr'><strong>in</strong></span> <span class='ocrx_word' id='word_1_387' title='bbox 2643 3799 2791 3871; x_wconf 89' lang='lat' dir='ltr'><strong>quo</strong></span> <span class='ocrx_word' id='word_1_388' title='bbox 2838 3778 2926 3847; x_wconf 91' lang='lat' dir='ltr'><strong>sit</strong></span> <span class='ocrx_word' id='word_1_389' title='bbox 2979 3782 3210 3868; x_wconf 83' lang='grc' dir='ltr'><strong>παθῶν,</strong></span> 
     </span>
     <span class='ocr_line' id='line_1_35' title="bbox 108 3904 3215 4007; baseline 0.003 -36"><span class='ocrx_word' id='word_1_390' title='bbox 108 3921 157 3973; x_wconf 85' lang='lat' dir='ltr'><strong>et</strong></span> <span class='ocrx_word' id='word_1_391' title='bbox 224 3909 596 3983; x_wconf 86' lang='lat' dir='ltr'><strong>scholiaste</strong></span> <span class='ocrx_word' id='word_1_392' title='bbox 661 3910 1020 4007; x_wconf 84' lang='lat' dir='ltr'><strong>Sylburgii</strong></span> <span class='ocrx_word' id='word_1_393' title='bbox 1052 3961 1071 3997; x_wconf 87' lang='lat'>‚</span> <span class='ocrx_word' id='word_1_394' title='bbox 1128 3910 1254 4006; x_wconf 93' lang='lat' dir='ltr'><strong>qui</strong></span> <span class='ocrx_word' id='word_1_395' title='bbox 1318 3916 1491 3979; x_wconf 80' lang='grc' dir='ltr'><strong>ἕνεκα</strong></span> <span class='ocrx_word' id='word_1_396' title='bbox 1566 3904 1965 4003; x_wconf 83' lang='lat' dir='ltr'><strong>adscripsit.</strong></span> <span class='ocrx_word' id='word_1_397' title='bbox 2033 3913 2120 3976; x_wconf 87' lang='lat' dir='ltr'><strong>At</strong></span> <span class='ocrx_word' id='word_1_398' title='bbox 2219 3908 2592 4004; x_wconf 85' lang='lat' dir='ltr'><strong>epicorum</strong></span> <span class='ocrx_word' id='word_1_399' title='bbox 2661 3931 2820 3979; x_wconf 88' lang='lat' dir='ltr'><strong>mos</strong></span> <span class='ocrx_word' id='word_1_400' title='bbox 2902 3909 3215 4006; x_wconf 87' lang='lat' dir='ltr'><strong>postulat</strong></span> 
     </span>
     <span class='ocr_line' id='line_1_36' title="bbox 102 4038 3212 4139; baseline 0.002 -32"><span class='ocrx_word' id='word_1_401' title='bbox 102 4044 293 4111; x_wconf 70' lang='grc' dir='ltr'><strong>παθέων</strong></span> <span class='ocrx_word' id='word_1_402' title='bbox 330 4042 570 4115; x_wconf 87' lang='lat' dir='ltr'><strong>tribus</strong></span> <span class='ocrx_word' id='word_1_403' title='bbox 612 4039 901 4139; x_wconf 84' lang='lat' dir='ltr'><strong>syllabis</strong></span> <span class='ocrx_word' id='word_1_404' title='bbox 936 4040 1331 4113; x_wconf 81' lang='lat' dir='ltr'><strong>distractis:</strong></span> <span class='ocrx_word' id='word_1_405' title='bbox 1372 4063 1506 4109; x_wconf 88' lang='lat' dir='ltr'><strong>nec</strong></span> <span class='ocrx_word' id='word_1_406' title='bbox 1556 4039 1895 4133; x_wconf 85' lang='lat' dir='ltr'><strong>synizesis</strong></span> <span class='ocrx_word' id='word_1_407' title='bbox 1927 4041 2002 4110; x_wconf 92' lang='lat' dir='ltr'><strong>in</strong></span> <span class='ocrx_word' id='word_1_408' title='bbox 2039 4038 2184 4111; x_wconf 88' lang='lat' dir='ltr'><strong>hoc</strong></span> <span class='ocrx_word' id='word_1_409' title='bbox 2215 4040 2526 4135; x_wconf 87' lang='lat' dir='ltr'><strong>genitivo</strong></span> <span class='ocrx_word' id='word_1_410' title='bbox 2574 4064 2908 4111; x_wconf 88' lang='lat' dir='ltr'><strong>concessa</strong></span> <span class='ocrx_word' id='word_1_411' title='bbox 2951 4041 3092 4112; x_wconf 89' lang='lat' dir='ltr'><strong>nisi</strong></span> <span class='ocrx_word' id='word_1_412' title='bbox 3141 4042 3212 4112; x_wconf 89' lang='lat' dir='ltr'><strong>in</strong></span> 
     </span>
    </p>
   </div>
   <div class='ocr_carea' id='block_1_7' title="bbox 104 4175 3218 4405">
    <p class='ocr_par' dir='ltr' id='par_1_7' title="bbox 104 4175 3218 4405">
     <span class='ocr_line' id='line_1_37' title="bbox 104 4175 3215 4280; baseline 0.001 -31"><span class='ocrx_word' id='word_1_413' title='bbox 104 4181 351 4255; x_wconf 72' lang='lat' dir='ltr'><strong>vocibus</strong></span> <span class='ocrx_word' id='word_1_414' title='bbox 368 4184 583 4258; x_wconf 86' lang='lat' dir='ltr'><strong>aliter</strong></span> <span class='ocrx_word' id='word_1_415' title='bbox 612 4182 1032 4255; x_wconf 83' lang='lat' dir='ltr'><strong>hexametro</strong></span> <span class='ocrx_word' id='word_1_416' title='bbox 1057 4206 1206 4251; x_wconf 91' lang='lat' dir='ltr'><strong>non</strong></span> <span class='ocrx_word' id='word_1_417' title='bbox 1236 4182 1421 4277; x_wconf 85' lang='lat' dir='ltr'><strong>aptis</strong></span> <span class='ocrx_word' id='word_1_418' title='bbox 1448 4193 1528 4249; x_wconf 93' lang='lat' dir='ltr'><strong>ut</strong></span> <span class='ocrx_word' id='word_1_419' title='bbox 1551 4182 1839 4268; x_wconf 81' lang='grc' dir='ltr'><strong>στηθέων,</strong></span> <span class='ocrx_word' id='word_1_420' title='bbox 1882 4175 2163 4277; x_wconf 78' lang='grc' dir='ltr'><strong>κερδέων,</strong></span> <span class='ocrx_word' id='word_1_421' title='bbox 2199 4185 2448 4272; x_wconf 77' lang='grc' dir='ltr'><strong>ἀλσέων,</strong></span> <span class='ocrx_word' id='word_1_422' title='bbox 2477 4188 2692 4279; x_wconf 75' lang='grc' dir='ltr'><strong>οὐρέων</strong></span> <span class='ocrx_word' id='word_1_423' title='bbox 2730 4180 3061 4280; x_wconf 84' lang='lat' dir='ltr'><strong>Apollon.</strong></span> <span class='ocrx_word' id='word_1_424' title='bbox 3090 4186 3215 4271; x_wconf 87' lang='grc' dir='ltr'>ΙΙΙ,</span> 
     </span>
     <span class='ocr_line' id='line_1_38' title="bbox 111 4304 3218 4405; baseline 0.002 -35"><span class='ocrx_word' id='word_1_425' title='bbox 111 4304 211 4374; x_wconf 77' lang='lat'><strong>162</strong></span> <span class='ocrx_word' id='word_1_426' title='bbox 252 4335 267 4375; x_wconf 74' lang='grc' dir='ltr'>ε</span> <span class='ocrx_word' id='word_1_427' title='bbox 310 4334 461 4380; x_wconf 89' lang='lat' dir='ltr'><strong>non</strong></span> <span class='ocrx_word' id='word_1_428' title='bbox 511 4332 805 4405; x_wconf 84' lang='lat' dir='ltr'><strong>semper</strong></span> <span class='ocrx_word' id='word_1_429' title='bbox 856 4305 1195 4405; x_wconf 90' lang='lat' dir='ltr'><strong>quidem,</strong></span> <span class='ocrx_word' id='word_1_430' title='bbox 1244 4304 1367 4376; x_wconf 88' lang='lat' dir='ltr'><strong>sed</strong></span> <span class='ocrx_word' id='word_1_431' title='bbox 1405 4319 1643 4375; x_wconf 86' lang='lat' dir='ltr'><strong>tamen</strong></span> <span class='ocrx_word' id='word_1_432' title='bbox 1690 4306 1948 4402; x_wconf 83' lang='lat' dir='ltr'><strong>saepius</strong></span> <span class='ocrx_word' id='word_1_433' title='bbox 1991 4306 2476 4379; x_wconf 89' lang='lat' dir='ltr'><strong>admittuntur</strong></span> <span class='ocrx_word' id='word_1_434' title='bbox 2522 4306 2614 4379; x_wconf 85' lang='lat' dir='ltr'><strong>ad</strong></span> <span class='ocrx_word' id='word_1_435' title='bbox 2662 4331 2994 4379; x_wconf 89' lang='lat' dir='ltr'><strong>normam</strong></span> <span class='ocrx_word' id='word_1_436' title='bbox 3044 4330 3218 4377; x_wconf 88' lang='lat' dir='ltr'><strong>con-</strong></span> 
     </span>
    </p>
   </div>
   <div class='ocr_carea' id='block_1_8' title="bbox 90 4446 3238 5343">
    <p class='ocr_par' dir='ltr' id='par_1_8' title="bbox 96 4446 3238 4805">
     <span class='ocr_line' id='line_1_39' title="bbox 100 4446 3238 4545; baseline 0.001 -32"><span class='ocrx_word' id='word_1_437' title='bbox 100 4446 499 4523; x_wconf 77' lang='lat' dir='ltr'><strong>tractionum</strong></span> <span class='ocrx_word' id='word_1_438' title='bbox 541 4451 771 4524; x_wconf 88' lang='lat' dir='ltr'><strong>autin</strong></span> <span class='ocrx_word' id='word_1_439' title='bbox 814 4450 949 4521; x_wconf 89' lang='lat' dir='ltr'><strong>arsi</strong></span> <span class='ocrx_word' id='word_1_440' title='bbox 986 4464 1114 4520; x_wconf 88' lang='lat' dir='ltr'><strong>aut</strong></span> <span class='ocrx_word' id='word_1_441' title='bbox 1150 4450 1223 4520; x_wconf 91' lang='lat' dir='ltr'><strong>in</strong></span> <span class='ocrx_word' id='word_1_442' title='bbox 1265 4447 1511 4519; x_wconf 90' lang='lat' dir='ltr'><strong>ultima</strong></span> <span class='ocrx_word' id='word_1_443' title='bbox 1545 4448 1753 4519; x_wconf 91' lang='lat' dir='ltr'><strong>thesi.</strong></span> <span class='ocrx_word' id='word_1_444' title='bbox 1806 4449 1990 4521; x_wconf 92' lang='lat' dir='ltr'><strong>lllud</strong></span> <span class='ocrx_word' id='word_1_445' title='bbox 2033 4453 2268 4520; x_wconf 81' lang='grc' dir='ltr'><strong>παθέων</strong></span> <span class='ocrx_word' id='word_1_446' title='bbox 2319 4473 2468 4519; x_wconf 91' lang='lat' dir='ltr'><strong>non</strong></span> <span class='ocrx_word' id='word_1_447' title='bbox 2525 4450 2743 4543; x_wconf 86' lang='lat' dir='ltr'><strong>magis</strong></span> <span class='ocrx_word' id='word_1_448' title='bbox 2781 4446 2944 4519; x_wconf 79' lang='lat' dir='ltr'><strong>ferri</strong></span> <span class='ocrx_word' id='word_1_449' title='bbox 2982 4454 3238 4545; x_wconf 83' lang='lat' dir='ltr'><strong>potest</strong></span> 
     </span>
     <span class='ocr_line' id='line_1_40' title="bbox 96 4570 3220 4674; baseline 0.001 -37"><span class='ocrx_word' id='word_1_450' title='bbox 96 4594 273 4664; x_wconf 83' lang='lat' dir='ltr'><strong>quam</strong></span> <span class='ocrx_word' id='word_1_451' title='bbox 310 4602 371 4647; x_wconf 88' lang='lat' dir='ltr'><strong>e.</strong></span> <span class='ocrx_word' id='word_1_452' title='bbox 407 4602 476 4672; x_wconf 87' lang='lat' dir='ltr'><strong>g.</strong></span> <span class='ocrx_word' id='word_1_453' title='bbox 528 4574 738 4673; x_wconf 90' lang='lat' dir='ltr'><strong>quod</strong></span> <span class='ocrx_word' id='word_1_454' title='bbox 773 4572 1186 4645; x_wconf 88' lang='lat' dir='ltr'><strong>Gerhardus</strong></span> <span class='ocrx_word' id='word_1_455' title='bbox 1224 4572 1397 4644; x_wconf 90' lang='lat' dir='ltr'><strong>olim</strong></span> <span class='ocrx_word' id='word_1_456' title='bbox 1432 4576 1748 4643; x_wconf 89' lang='lat' dir='ltr'><strong>Homero</strong></span> <span class='ocrx_word' id='word_1_457' title='bbox 1789 4572 1942 4645; x_wconf 89' lang='lat' dir='ltr'><strong>dari</strong></span> <span class='ocrx_word' id='word_1_458' title='bbox 1978 4575 2207 4645; x_wconf 89' lang='lat' dir='ltr'><strong>voluit</strong></span> <span class='ocrx_word' id='word_1_459' title='bbox 2232 4575 2482 4669; x_wconf 84' lang='lat' dir='ltr'><strong>(Lectt.</strong></span> <span class='ocrx_word' id='word_1_460' title='bbox 2528 4570 2756 4670; x_wconf 84' lang='lat' dir='ltr'><strong>Apoll.</strong></span> <span class='ocrx_word' id='word_1_461' title='bbox 2792 4596 2841 4641; x_wconf 84' lang='lat'><strong>&#39;1</strong></span> <span class='ocrx_word' id='word_1_462' title='bbox 2865 4570 2978 4667; x_wconf 80' lang='lat'><strong>12)</strong></span> <span class='ocrx_word' id='word_1_463' title='bbox 3028 4582 3220 4674; x_wconf 64' lang='grc' dir='ltr'><strong>χειρὸς</strong></span> 
     </span>
     <span class='ocr_line' id='line_1_41' title="bbox 96 4710 993 4805; baseline 0.003 -20"><span class='ocrx_word' id='word_1_464' title='bbox 96 4710 259 4785; x_wconf 69' lang='grc' dir='ltr'><strong>ἑλοῦς’</strong></span> <span class='ocrx_word' id='word_1_465' title='bbox 294 4736 309 4749; x_wconf 87' lang='grc'><em>·</em></span> <span class='ocrx_word' id='word_1_466' title='bbox 347 4728 511 4796; x_wconf 75' lang='grc' dir='ltr'><strong>αὐτὴ</strong></span> <span class='ocrx_word' id='word_1_467' title='bbox 568 4715 643 4789; x_wconf 77' lang='grc' dir='ltr'><strong>δὲ</strong></span> <span class='ocrx_word' id='word_1_468' title='bbox 698 4724 993 4805; x_wconf 80' lang='grc' dir='ltr'><strong>βελέων...</strong></span> 
     </span>
    </p>

    <p class='ocr_par' dir='ltr' id='par_1_9' title="bbox 90 4843 3224 5343">
     <span class='ocr_line' id='line_1_42' title="bbox 168 4843 3222 4952; baseline -0.003 -33"><span class='ocrx_word' id='word_1_469' title='bbox 168 4852 457 4924; x_wconf 87' lang='lat' dir='ltr'><strong>Dubitat</strong></span> <span class='ocrx_word' id='word_1_470' title='bbox 502 4856 597 4923; x_wconf 83' lang='lat' dir='ltr'><strong>V.</strong></span> <span class='ocrx_word' id='word_1_471' title='bbox 634 4856 719 4920; x_wconf 90' lang='lat' dir='ltr'><strong>D.</strong></span> <span class='ocrx_word' id='word_1_472' title='bbox 760 4849 851 4921; x_wconf 90' lang='lat' dir='ltr'><strong>de</strong></span> <span class='ocrx_word' id='word_1_473' title='bbox 876 4849 1025 4920; x_wconf 88' lang='lat' dir='ltr'><strong>Hal.</strong></span> <span class='ocrx_word' id='word_1_474' title='bbox 1073 4851 1187 4937; x_wconf 89' lang='lat' dir='ltr'><strong>tlt,</strong></span> <span class='ocrx_word' id='word_1_475' title='bbox 1224 4873 1285 4918; x_wconf 89' lang='lat' dir='ltr'><strong>v.</strong></span> <span class='ocrx_word' id='word_1_476' title='bbox 1338 4872 1444 4942; x_wconf 88' lang='lat'><strong>17,</strong></span> <span class='ocrx_word' id='word_1_477' title='bbox 1489 4862 1673 4939; x_wconf 82' lang='grc' dir='ltr'><strong>Ζηνὸς</strong></span> <span class='ocrx_word' id='word_1_478' title='bbox 1715 4862 1821 4952; x_wconf 78' lang='grc' dir='ltr'><strong>μὲν</strong></span> <span class='ocrx_word' id='word_1_479' title='bbox 1864 4866 2125 4952; x_wconf 78' lang='grc' dir='ltr'><strong>ῥυτῆρα,</strong></span> <span class='ocrx_word' id='word_1_480' title='bbox 2158 4858 2493 4951; x_wconf 83' lang='grc' dir='ltr'><strong>Τυφαόνιον</strong></span> <span class='ocrx_word' id='word_1_481' title='bbox 2537 4843 2598 4923; x_wconf 79' lang='grc' dir='ltr'><strong>δ’</strong></span> <span class='ocrx_word' id='word_1_482' title='bbox 2655 4861 2918 4949; x_wconf 75' lang='grc' dir='ltr'><strong>ὀλετῆρα</strong></span> <span class='ocrx_word' id='word_1_483' title='bbox 2962 4879 2976 4896; x_wconf 86' lang='grc'><em>·</em></span> <span class='ocrx_word' id='word_1_484' title='bbox 3027 4844 3222 4912; x_wconf 89' lang='lat' dir='ltr'><strong>inso-</strong></span> 
     </span>
     <span class='ocr_line' id='line_1_43' title="bbox 94 4975 3224 5088; baseline -0.001 -31"><span class='ocrx_word' id='word_1_485' title='bbox 94 4986 287 5063; x_wconf 82' lang='lat' dir='ltr'><strong>lenter</strong></span> <span class='ocrx_word' id='word_1_486' title='bbox 332 4993 642 5064; x_wconf 82' lang='lat' dir='ltr'><strong>dictum·</strong></span> <span class='ocrx_word' id='word_1_487' title='bbox 694 5014 846 5061; x_wconf 86' lang='lat' dir='ltr'><strong>esse</strong></span> <span class='ocrx_word' id='word_1_488' title='bbox 896 4994 1232 5085; x_wconf 70' lang='grc' dir='ltr'><strong>Τυφαόνιον</strong></span> <span class='ocrx_word' id='word_1_489' title='bbox 1268 4999 1573 5088; x_wconf 75' lang='grc' dir='ltr'><strong>ὀλετῆραε</strong></span> <span class='ocrx_word' id='word_1_490' title='bbox 1620 4988 1912 5084; x_wconf 88' lang='lat' dir='ltr'><strong>vultque</strong></span> <span class='ocrx_word' id='word_1_491' title='bbox 1957 4986 2172 5058; x_wconf 86' lang='lat' dir='ltr'><strong>scribi</strong></span> <span class='ocrx_word' id='word_1_492' title='bbox 2222 4996 2549 5083; x_wconf 76' lang='grc' dir='ltr'><strong>Τυφάωνος</strong></span> <span class='ocrx_word' id='word_1_493' title='bbox 2588 4975 2648 5056; x_wconf 70' lang='grc' dir='ltr'><strong>δ’</strong></span> <span class='ocrx_word' id='word_1_494' title='bbox 2688 4993 2948 5081; x_wconf 73' lang='grc' dir='ltr'><strong>ὀλετῆρα</strong></span> <span class='ocrx_word' id='word_1_495' title='bbox 2983 5012 3000 5055; x_wconf 81' lang='lat'><em>=</em></span> <span class='ocrx_word' id='word_1_496' title='bbox 3031 4986 3224 5079; x_wconf 84' lang='lat' dir='ltr'><strong>geni-</strong></span> 
     </span>
     <span class='ocr_line' id='line_1_44' title="bbox 96 5109 3221 5212; baseline 0.001 -34"><span class='ocrx_word' id='word_1_497' title='bbox 96 5111 287 5183; x_wconf 77' lang='lat' dir='ltr'><strong>tivum</strong></span> <span class='ocrx_word' id='word_1_498' title='bbox 340 5116 575 5211; x_wconf 84' lang='lat' dir='ltr'><strong>magis</strong></span> <span class='ocrx_word' id='word_1_499' title='bbox 643 5115 853 5185; x_wconf 88' lang='lat' dir='ltr'><strong>etiam</strong></span> <span class='ocrx_word' id='word_1_500' title='bbox 916 5115 1181 5209; x_wconf 82' lang='lat' dir='ltr'><strong>requiri</strong></span> <span class='ocrx_word' id='word_1_501' title='bbox 1225 5132 1521 5212; x_wconf 89' lang='lat' dir='ltr'><strong>propter</strong></span> <span class='ocrx_word' id='word_1_502' title='bbox 1564 5113 2123 5211; x_wconf 86' lang='lat' dir='ltr'><strong>oppositionem.</strong></span> <span class='ocrx_word' id='word_1_503' title='bbox 2197 5114 2347 5181; x_wconf 89' lang='lat' dir='ltr'><strong>Hoc</strong></span> <span class='ocrx_word' id='word_1_504' title='bbox 2416 5111 2756 5181; x_wconf 89' lang='lat' dir='ltr'><strong>ultimum</strong></span> <span class='ocrx_word' id='word_1_505' title='bbox 2824 5109 3221 5181; x_wconf 84' lang='lat' dir='ltr'><strong>infirmum.</strong></span> 
     </span>
     <span class='ocr_line' id='line_1_45' title="bbox 90 5241 3224 5343; baseline 0.002 -34"><span class='ocrx_word' id='word_1_506' title='bbox 90 5246 392 5319; x_wconf 85' lang='lat' dir='ltr'><strong>Insolens</strong></span> <span class='ocrx_word' id='word_1_507' title='bbox 432 5246 631 5318; x_wconf 79' lang='lat' dir='ltr'><strong>illuct</strong></span> <span class='ocrx_word' id='word_1_508' title='bbox 682 5244 1013 5342; x_wconf 86' lang='lat' dir='ltr'><strong>quidem,</strong></span> <span class='ocrx_word' id='word_1_509' title='bbox 1071 5262 1377 5317; x_wconf 85' lang='lat' dir='ltr'><strong>attamen</strong></span> <span class='ocrx_word' id='word_1_510' title='bbox 1416 5248 1807 5343; x_wconf 85' lang='lat' dir='ltr'><strong>quaesivere</strong></span> <span class='ocrx_word' id='word_1_511' title='bbox 1860 5241 2318 5316; x_wconf 88' lang='lat' dir='ltr'><strong>insolentiam</strong></span> <span class='ocrx_word' id='word_1_512' title='bbox 2367 5258 2598 5341; x_wconf 86' lang='lat' dir='ltr'><strong>poetae</strong></span> <span class='ocrx_word' id='word_1_513' title='bbox 2644 5242 2871 5314; x_wconf 85' lang='lat' dir='ltr'><strong>nostri</strong></span> <span class='ocrx_word' id='word_1_514' title='bbox 2923 5242 2996 5312; x_wconf 93' lang='lat' dir='ltr'><strong>in</strong></span> <span class='ocrx_word' id='word_1_515' title='bbox 3045 5243 3224 5339; x_wconf 87' lang='lat' dir='ltr'><strong>adje-</strong></span> 
     </span>
    </p>
   </div>
  </div>
 </body>
</html>
