3767 5825
1322 344 1327 349 ’
1381 372 1817 438 ramulo.

42 508 189 563 ὢαπο
214 512 369 563 tertio
415 504 566 581 (vid.
599 503 843 583 Capitol.
876 524 927 565 c.
970 504 1079 582 33)
1121 506 1523 583 producuntur
1551 530 1564 564 :

42 593 101 651 de
117 593 239 650 aliis
262 592 465 651 bestiis
484 594 589 650 cfr.
614 591 869 651 Trebell.
897 592 1046 653 Poll.
1074 592 1227 654 Gall.
1252 596 1287 651 8
1302 616 1319 665 ;
1343 594 1575 673 Vopisc.

44 680 216 737 Aurel.
246 682 343 738 33.
372 680 675 756 Singulare
696 680 1035 757 hujusmodi
1053 681 1279 741 facinus
1298 684 1371 741 de
1390 687 1579 740 Firmo

42 767 433 847 refertVopisc.
463 791 513 826 c.
544 772 611 840 6,
631 789 764 827 eum
779 770 935 827 inter
961 770 1306 844 crocodilos,
1342 786 1576 830 unctum

42 856 442 916 crocodilorum
484 857 788 933 adipibus,
832 870 1058 917 natasse
1092 891 1164 903 —
1205 872 1263 915 et
1290 860 1578 917 sedentem

42 945 349 1021 ingentibus
400 946 831 1005 struthionibus
872 960 1101 1005 vectum
1148 966 1275 1005 esse
1312 960 1370 1005 et
1413 950 1578 1026 quasi

42 1036 314 1092 volitasse.

104 1122 307 1182 Multos
324 1124 497 1183 etiam
528 1124 883 1201 scriptorum
910 1123 1302 1183 Romanorum
1332 1125 1491 1183 locos
1508 1125 1580 1183 de

38 1218 144 1284 gan·
164 1223 334 1285 atque
361 1217 557 1268 murioe
579 1213 884 1289 paratione
910 1224 968 1268 et
986 1232 1098 1270 usu
1125 1210 1228 1288 Vl,
1260 1213 1373 1279 463
1400 1231 1488 1290 sq.
1516 1213 1579 1270 in

45 1301 351 1357 memoriam
386 1312 652 1370 revocat,
682 1319 857 1377 quam
886 1300 1127 1359 eandem
1156 1320 1277 1359 rem
1308 1300 1580 1379 pluribus

42 1403 337 1467 persecutus
367 1404 452 1448 est
474 1389 675 1447 Manil.
706 1388 775 1461 V,
818 1388 933 1447 665
964 1410 1096 1468 sqq.
1128 1388 1281 1447 Tum
1314 1390 1467 1449 inter
1493 1391 1581 1447 vi-

46 1480 264 1537 lissimos
290 1479 555 1536 homines
575 1477 677 1551 Vl,
707 1486 821 1547 422
851 1476 1153 1558 λοετροχόοι“
1181 1477 1421 1557 ὀχετηγοί
1450 1498 1581 1536 me—

46 1581 333 1638 morantur,
368 1580 425 1625 et
444 1566 598 1644 apud
630 1565 921 1625 Romanos
944 1579 1172 1625 constat
1186 1565 1307 1643 jam
1340 1568 1579 1642 antiquo

44 1668 268 1732 tempore
294 1658 617 1731 aquariolus
648 1655 711 1711 in
740 1674 965 1712 summo
1000 1666 1338 1731 contemptu
1369 1654 1573 1721 fuisse,

44 1762 185 1819 quam
212 1743 289 1801 ob
319 1763 546 1801 causam
578 1744 913 1800 Commodus
941 1742 1104 1800 omni
1127 1742 1251 1799 vita
1277 1742 1576 1799 hominum

44 1832 277 1909 opinioni
302 1830 588 1903 illudens,
623 1843 766 1890 teste
790 1830 1131 1909 Lampridio
1160 1851 1213 1891 c.
1260 1852 1319 1902 2,
1372 1853 1578 1907 aquam

42 1928 203 1991 gessit,
242 1934 302 1977 ut
331 1923 586 1976 lenonum
615 1925 888 1979 minister.

104 2008 203 2065 Sed
223 2007 345 2085 jam
374 2007 445 2065 ad
470 2006 630 2064 aliud
653 2005 959 2064 hominum
988 2026 1172 2083 genus
1206 2007 1417 2064 accedo
1435 2050 1451 2079 ,
1478 2009 1581 2084 qui

44 2098 115 2153 vel
150 2097 397 2154 maxime
436 2094 677 2153 Romam
717 2114 827 2153 nos
868 2108 1111 2167 vocant,
1155 2096 1259 2173 qui
1301 2094 1410 2167 Vl,
1466 2096 1580 2153 530

46 2185 304 2242 communi
335 2187 573 2242 nomine
590 2182 921 2241 νεκυοστόλοι
955 2183 1232 2255 audiunt,
1264 2183 1410 2243 ibid.
1440 2186 1583 2259 496-

46 2278 105 2345 98
132 2274 185 2329 in
205 2272 529 2330 loculorum
554 2270 914 2330 confectores
930 2317 947 2345 ,
968 2292 1247 2349 rogorum
1271 2285 1585 2331 exstructo-

46 2379 117 2417 res
138 2374 299 2438 atque
319 2373 690 2418 mortuorum
716 2360 1046 2437 planctores
1073 2360 1438 2431 dividuntur.
1468 2361 1580 2418 lla-

46 2450 211 2507 hemus
243 2450 429 2525 igitur
454 2466 687 2507 omnem
725 2450 1162 2505 libitina-iorum
1198 2449 1475 2505 familiam
1510 2469 1583 2507 ex

48 2536 496 2613 pollinctoribus,
537 2534 997 2614 vespillonibus,
1028 2534 1281 2614 praeficis
1314 2548 1579 2594 constan-

48 2638 164 2697 tem3
194 2644 383 2703 neque
418 2623 625 2683 dubito
672 2624 845 2682 etiam
896 2622 1003 2681 illa
1046 2622 1338 2700 mancipia
1375 2622 1610 2693 innui„

46 2732 73 2768 a
94 2714 287 2789 quibus
314 2713 603 2771 vilissima
631 2730 936 2770 servorum
960 2723 1020 2769 et
1056 2710 1456 2767 mendicorum
1491 2730 1581 2768 ca·

45 2800 227 2859 davera
242 2800 565 2877 sandapilis
585 2799 804 2876 injecta
821 2800 885 2857 in
905 2798 1131 2858 culinas
1150 2816 1295 2875 quas
1314 2796 1585 2855 dicebant

46 2888 504 2965 pertrahebantur
520 2887 723 2966 ibique
752 2888 1012 2966 plurima
1034 2890 1330 2946 communi
1356 2886 1421 2945 in
1439 2905 1583 2961 rogo

46 2975 359 3037 urebantur.
405 2976 491 3035 Ex
532 2978 637 3035 illo
668 2990 853 3055 poetae
890 2979 1020 3037 loco
1060 2976 1290 3054 prodit,
1334 2995 1465 3034 eum
1508 2976 1584 3034 iis

48 3067 373 3144 temporibus
410 3065 664 3137 vixisse,
710 3064 929 3142 quibus
976 3065 1192 3123 mortui
1232 3084 1351 3122 non
1394 3065 1581 3122 solum

47 3155 443 3225 cremabantur,
480 3152 583 3210 sed
611 3152 785 3210 etiam
815 3151 1227 3225 humabantur,
1268 3150 1438 3229 cujus
1475 3152 1585 3211 du-

48 3242 190 3316 plicis
224 3243 559 3321 sepulturae·
579 3241 915 3318 promiscue
940 3253 1233 3318 usurpatae
1262 3241 1584 3299 certissima

47 3329 351 3390 invenimus
382 3330 601 3387 indicia
628 3329 783 3407 apud
810 3333 1177 3405 Appulejum‚
1215 3331 1316 3404 qui
1348 3328 1578 3389 Metam.

48 3415 123 3490 W,
146 3442 191 3480 c.
216 3421 284 3478 18
309 3421 407 3498 (p.
433 3439 545 3496 277
574 3437 663 3494 sq.
687 3421 739 3495 );
765 3416 925 3490 vul,
948 3439 1009 3476 c.
1042 3419 1108 3474 ι3
1140 3419 1238 3495 (p.
1268 3419 1382 3485 544
1404 3424 1455 3495 );
1500 3417 1580 3490 X,

46 3527 87 3564 c.
122 3530 182 3564 12
207 3509 298 3590 (p.
328 3505 483 3586 699)
510 3520 568 3564 et
608 3505 753 3564 alibi
781 3507 1122 3582 capulorum
1165 3507 1300 3565 facit
1339 3509 1583 3565 mentio-

50 3615 174 3667 nem,
192 3617 367 3674 quum
387 3607 591 3654 contra
613 3595 891 3652 Macrobii
910 3607 1073 3653 aetate
1096 3595 1308 3653 urendi
1334 3614 1583 3671 corpora

48 3681 420 3743 defunctorum
447 3703 620 3742 usum
647 3681 876 3742 nullum
912 3681 1038 3761 jam
1082 3681 1261 3740 fuisse
1287 3682 1583 3739 luculento

50 3767 150 3844 ejus
174 3771 503 3830 testimonio
537 3770 655 3828 Sat.
690 3768 831 3842 Vll,
864 3791 897 3844 7
938 3782 1180 3828 constet.
1207 3768 1359 3826 Tum
1386 3769 1579 3842 viros,

49 3869 123 3934 qui
172 3867 419 3920 conducti
476 3875 714 3920 moerent
765 3868 822 3917 in
855 3859 1069 3934 funere
1125 3859 1147 3938 (
1176 3862 1379 3919 Horat.
1449 3862 1577 3919 Art.

50 3963 175 4024 poet.
195 3953 263 4018 43
276 3949 353 4031 ι),
371 3951 584 4010 diserte
596 3949 804 4011 Noster
820 3949 1183 4007 memoravit.
1208 3948 1509 4006 Postremo
1528 3963 1584 4005 et

48 4033 132 4108 vl,
156 4035 256 4096 531
290 4053 350 4097 et
370 4039 520 4098 ibid.
552 4048 667 4115 409
684 4039 951 4110 homines
979 4049 1371 4094 memorantur
1394 4049 1582 4094 custo-

51 4123 217 4184 diendi
236 4129 424 4202 gratia
442 4128 502 4184 in
527 4128 674 4205 ipsis
694 4138 1059 4184 mortuorum
1080 4124 1471 4182 monumentis
1488 4124 1584 4182 ha-

52 4207 290 4273 bitantes.
320 4214 465 4285 Quis
491 4235 609 4272 non
635 4213 969 4272 meminerit
990 4211 1451 4270 Trimalchionis
1478 4216 1581 4269 Pe·

52 4308 289 4372 tmniam',
332 4302 437 4378 qui
460 4323 514 4361 c.
546 4323 611 4374 71
664 4327 691 4354 α
718 4314 971 4360 ceterum
1023 4301 1136 4358 erit
1172 4299 1315 4357 mihi
1340 4320 1521 4372 curae,
1550 4328 1575 4354 »

52 4383 241 4462 inquit,
288 4415 317 4442 ιι
350 4402 415 4446 ut
438 4401 778 4447 testamento
806 4383 1075 4460 caveain,
1104 4406 1177 4445 ne
1204 4401 1469 4446 mortuus
1491 4389 1581 4447 in-

56 4495 73 4520 ·
94 4471 298 4548 juriam
326 4477 607 4556 accipiam
634 4498 647 4534 ε
676 4496 1011 4556 praeponam
1032 4476 1188 4534 enim
1217 4496 1399 4533 unum
1427 4495 1499 4534 ex
1520 4477 1584 4535 li-

56 4585 75 4610 ·
102 4561 271 4623 bertis
288 4566 558 4644 sepulcro
582 4584 711 4623 meo
727 4609 743 4638 ,
768 4564 1047 4624 custodiae
1068 4583 1262 4634 causa,
1287 4583 1361 4621 ne
1384 4564 1448 4621 in
1466 4585 1584 4622 mo-

56 4673 73 4698 n
103 4669 425 4712 numentum
449 4673 640 4712 meum
666 4654 918 4732 populus
940 4666 1200 4712 cacatum
1228 4665 1440 4712 currat.
1472 4678 1496 4705 n

114 4737 214 4798 Sed
228 4742 349 4818 jam
370 4755 437 4801 ut
454 4731 526 4800 ad
546 4742 717 4800 aliam
748 4762 868 4800 rem
893 4755 1272 4811 transeamus,
1292 4744 1581 4798 mulierum

56 4843 215 4886 mores
237 4845 295 4887 et
321 4831 449 4887 vita-
474 4832 731 4908 ita-apud
767 4830 1119 4905 astrologum
1150 4841 1379 4906 poetam
1404 4829 1582 4887 intro-

54 4910 338 4992 ducuntur,
369 4931 433 4974 ut
454 4917 661 4976 mediis
688 4919 748 4974 in
774 4919 1191 4995 imperatorum
1218 4915 1583 4992 temporibus

54 5018 161 5056 eum
193 5002 438 5078 legentes
465 5005 689 5082 spirare
728 5004 899 5062 nobis
938 5005 1261 5062 videamur.
1294 5001 1384 5059 Ita
1406 5024 1579 5080 quam

56 5103 183 5163 saepe
201 5091 529 5167 nuptiarum
558 5105 656 5149 aut
676 5111 805 5149 cum
839 5090 1179 5170 potentibus
1214 5103 1271 5148 et
1293 5090 1583 5167 opulentis

58 5177 371 5236 mulieribus
401 5177 524 5255 (ΙΙ,
553 5181 667 5236 236
690 5199 820 5257 sqq.
830 5223 848 5252 ,
873 5181 1021 5258 278)
1040 5223 1057 5252 ,
1080 5193 1180 5238 aut
1204 5199 1331 5236 cum
1362 5178 1585 5238 vilibus

3111 393 3236 441 xm

1672 524 1729 567 et
1748 510 1916 567 malis
1931 524 1990 568 et
2003 510 2375 589 pauperculis
2396 508 2497 588 (Π,
2520 532 2543 567 1
2558 512 2801 596 78·sqq.;
2820 511 2934 584 275
2953 531 3070 589 sq.;
3089 516 3202 581 428
3219 540 3236 587 ;

1672 597 1789 669 ΙΙΙ,
1829 599 1974 671 1573
2001 598 2108 670 vl,
2147 600 2288 669 130,
2328 599 2434 667 143
2453 642 2470 669 ,
2522 600 2666 676 149)
2691 603 2905 657 mentio
2932 599 3234 677 injicitur3

1672 706 1843 762 quam
1889 706 2037 764 saepe
2072 686 2382 745 mulierum
2414 705 2751 761 magnarum
2785 706 3010 745 amores
3040 688 3238 765 illegi-

1673 774 1801 832 timi
1832 788 2225 833 memorantur
2247 773 2339 851 (11
2358 818 2374 849 ‚
2401 775 2536 845 230,
2568 795 2679 847 277
2721 794 2808 851 sq.
2830 776 2885 853 );
2914 795 3020 833 nec
3049 796 3235 835 mere-

1670 863 1879 919 tricum
1889 906 1905 933 ,
1925 876 2024 920 aut
2037 863 2210 919 etiam
2225 860 2515 919 tribadum
2536 860 2669 938 (111,
2686 862 2817 940 390)
2836 861 3234 923 obliviscitur.

1671 949 1791 1009 Hos
1819 952 1977 1009 locos
2006 951 2200 1025 legens
2225 961 2433 1027 sponte
2468 949 2690 1007 similes
2723 948 3057 1027 Juvenalis,
3085 950 3232 1009 Mar-

1672 1038 1858 1108 tialis,
1893 1038 2141 1096 aliorum
2171 1038 2332 1095 locos
2379 1038 2661 1095 memoria
2697 1050 2948 1115 repetas.
2990 1038 3240 1098 Prorsus

1671 1128 1843 1183 etiam
1866 1126 2257 1185 Romanorum
2283 1144 2470 1183 mores
2505 1125 2768 1183 redolent
2794 1146 2922 1202 quae
2938 1126 3023 1184 de
3049 1136 3240 1203 patria

1672 1228 1951 1293 potestate
1992 1215 2086 1272 hic
2120 1214 2243 1271 illic
2277 1218 2606 1284 mirantur,
2629 1226 2696 1271 ut
2719 1213 2792 1272 de
2815 1212 3021 1272 liberis
3043 1236 3238 1293 expo·
3264 1230 3270 1236 ·

1674 1305 1879 1363 nendis
1915 1302 2002 1373 ΙΙ,
2043 1302 2147 1359 155
2185 1301 2441 1379 sq.;V1‚
2473 1302 2572 1373 52,
2614 1304 2712 1375 63,
2755 1304 2826 1374 67
2867 1323 2984 1380 sq.‚
3019 1306 3130 1375 88,
3170 1306 3241 1363 de

1671 1384 1984 1469 adoptione
2002 1389 2076 1447 v1
2095 1435 2111 1463 ,
2142 1390 2214 1458 54
2242 1410 2370 1467 sqq.
2386 1436 2404 1466 ,
2427 1388 2500 1447 de
2519 1389 2724 1465 liberis
2749 1410 2783 1447 a
2811 1392 3052 1469 proprio
3075 1406 3240 1470 patre

1672 1481 1926 1538 venditis
1951 1480 2092 1538 ibid.
2127 1500 2261 1551 727.
2295 1476 2405 1536 Hic
2430 1477 2665 1554 quidem
2705 1498 2824 1535 non
2851 1478 2951 1535 abs
2977 1499 3040 1536 re
3070 1479 3242 1537 fuerit

1674 1582 1873 1626 notare
1890 1612 1905 1639 ,
1941 1573 2400 1625 Valentinianum
2420 1566 2824 1643 imperatorem
2847 1562 2971 1641 le'ge
2995 1568 3238 1641 cavisse,

1672 1667 1735 1712 ut
1764 1660 2156 1733 unusquisque
2184 1655 2438 1713 sobolem
2475 1674 2632 1711 suam
2661 1653 2942 1727 nutriret,
2988 1675 3158 1732 quam
3189 1657 3238 1713 si

1671 1746 2070 1819 exponendam
2085 1743 2424 1823 putavisset,
2437 1760 2568 1799 eum
2584 1741 3094 1814 animadversioni,
3111 1763 3240 1819 quae

1672 1836 1984 1893 constituta
2010 1847 2187 1911 esset,
2239 1830 2562 1908 subjectum
2605 1830 2701 1888 iri.
2747 1830 2901 1888 Nihil
2955 1829 3239 1907 ejusmodi

1672 1918 1859 1979 Nostri
1886 1920 2245 2000 temporibus
2266 1934 2497 1978 cautum
2530 1918 2708 1975 fuisse
2734 1930 2912 1993 patet.
2935 1917 3152 1975 Contra
3170 1938 3239 1975 ex

1674 2009 1803 2067 loco
1826 2031 2000 2089 supra
2023 2010 2254 2068 laudato
2276 2021 2462 2088 patet,
2481 2006 2582 2085 jus
2610 2005 2903 2064 vendendi
2922 2004 3136 2064 liberos
3152 2027 3242 2063 ne-

1674 2118 1964 2175 quaquam
1992 2098 2404 2172 imaginarium
2432 2108 2654 2153 tantum
2687 2094 2863 2152 fuisse
2890 2092 2960 2151 ad
2990 2097 3240 2151 emanci-

1674 2185 1896 2261 pandos
1925 2198 2081 2243 certa
2121 2186 2228 2241 sub
2269 2182 2520 2241 formula
2548 2182 2733 2252 filios,
2784 2202 2914 2258 quae
2960 2181 3066 2239 fuit
3109 2194 3244 2259 post

1674 2273 1818 2331 alios
1856 2274 2024 2331 etiam
2052 2272 2257 2330 ‘Reinii
2286 2270 2491 2349 opinio
2523 2270 2586 2327 in
2621 2268 2797 2340 libro,
2830 2288 3002 2346 quem
3029 2268 3102 2325 de
3123 2276 3240 2345 pri-

1675 2376 1793 2417 vato
1812 2348 2190 2419 Romanorum*
2188 2368 2321 2433 jure
2339 2358 2574 2436 scripsit
2589 2356 2778 2434 (Lips.
2808 2355 3004 2435 1836),
3025 2377 3084 2434 p.
3105 2360 3237 2416 223.

1674 2448 1799 2513 lmo
1824 2450 2075 2507 maxime
2097 2446 2381 2506 credibile
2402 2460 2488 2505 est
2508 2464 2720 2522 egenos
2743 2458 2934 2523 patres
2961 2464 3053 2517 e0,
3086 2446 3242 2523 quod

1673 2556 1808 2594 vere
1836 2535 2156 2607 habebant,
2196 2535 2332 2613 jure
2355 2553 2533 2609 quum
2577 2535 2806 2591 occasio
2835 2532 3080 2590 dabatur
3106 2552 3242 2591 usos

1673 2643 1825 2703 esse,
1851 2627 2010 2703 quod
2033 2623 2134 2702 jus
2159 2626 2255 2682 vel
2291 2622 2467 2680 hodie
2499 2623 2562 2679 in
2587 2621 2964 2694 Christianis,
2989 2640 3132 2696 quas
3153 2621 3242 2698 ja-

1675 2712 1877 2770 ctitare
1920 2713 2204 2782 solemus,
2242 2710 2575 2768 civitatibus
2601 2721 2908 2788 parentum
2947 2708 3241 2768 sordidam

1676 2801 1978 2858 avaritiam
2005 2799 2299 2859 interdum
2329 2798 2445 2856 sibi
2471 2816 2746 2872 arrogare
2774 2808 3013 2856 constat.
3043 2796 3131 2855 Ita
3150 2798 3243 2856 his

1675 2888 1820 2966 ipsis
1842 2887 2050 2948 diebus
2077 2892 2138 2946 in
2156 2884 2629 2966 ephemeridibus
2651 2886 2842 2962 legere
2867 2905 2958 2944 me
2980 2888 3240 2958 memini,

1675 2990 1900 3053 patrem
1939 2977 2224 3055 quendam
2258 2975 2499 3033 filiolam
2527 2973 2872 3032 funambulo
2912 2973 3244 3034 vendidisse

1674 3065 1925 3124 dimidio
1947 3069 2164 3144 pretio,
2196 3084 2369 3142 quam
2401 3083 2519 3138 quo
2547 3063 2720 3120 simia
2743 3063 2860 3120 emi
2889 3063 3095 3122 soleat!
3133 3063 3244 3122 Sed

1675 3154 1723 3211 si
1746 3173 1953 3212 verum
1975 3167 2086 3228 est,
2115 3154 2272 3232 quod
2301 3151 2455 3232 apud
2489 3151 2758 3210 Reinium
2785 3152 3114 3212 adnotatum
3152 3153 3241 3210 in-

1673 3243 1845 3300 venio
1861 3288 1875 3314 ‚
1902 3263 1936 3300 a
1953 3246 2299 3300 Diocletiano
2321 3240 2470 3300 illud
2489 3242 2588 3315 jus
2627 3239 2920 3298 vendendi
2950 3238 3240 3299 sublatum

1675 3350 1821 3402 esse,
1840 3329 2120 3388 habemus
2134 3329 2292 3388 aliud
2311 3331 2383 3386 de
2402 3341 2565 3387 aetate
2580 3329 2780 3388 Nostri
2797 3329 3128 3404 negativum
3150 3329 3242 3386 in-

1674 3417 1910 3476 dicium.

1752 3506 1945 3564 Verbo
1973 3505 2118 3565 libet
2153 3507 2217 3564 in
2246 3509 2461 3562 morbos
2489 3505 2813 3576 attendere,
2847 3523 3100 3581 quorum
3129 3503 3242 3562 No·

1676 3607 1792 3652 ster
1830 3595 2180 3652 mentionem
2214 3594 2368 3652 facit.
2401 3594 2477 3652 Hi
2502 3614 2738 3672 quoque
2765 3592 3050 3668 ejusmodi
3075 3606 3240 3666 sunt,

1675 3682 1873 3758 quales
1915 3683 2234 3759 saepissime
2274 3683 2370 3741 his
2415 3684 2775 3761 temporibus
2815 3695 3237 3740 memorantur:

1675 3773 2018 3829 nominatim
2023 3771 2222 3844 febres
2243 3770 2358 3844 111,
2393 3772 2500 3843 303
2525 3771 2744 3828 insania
2770 3783 2828 3828 et
2856 3770 3102 3842 furores,
3125 3769 3244 3826 hal-

1673 3858 2192 3932 lucinationeS,V1,
2221 3859 2360 3934 569,
2386 3860 2532 3930 6033
2555 3862 2756 3934 tussis,
2777 3856 2886 3928 lu,
2913 3860 3059 3931 2763
3086 3857 3245 3915 caeci-

1674 3961 1759 4005 tas
1775 3949 2018 4025 aliaeque
2038 3947 2340 4005 oculorum
2356 3945 2534 4018 labes,
2547 3945 2631 4018 11,
2657 3947 2769 4012 354
2787 3944 2920 4016 ;Ἦ,
2937 3946 3073 4016 550,
3100 3945 3236 4018 552;

1674 4056 1802 4112 quae
1822 4055 1996 4112 quam
2019 4035 2345 4112 frequentes
2375 4035 2591 4092 fuerint
2615 4033 2770 4111 apud
2796 4032 3105 4104 Romanos,
3133 4033 3237 4091 ho-

1672 4123 1769 4180 die
1796 4144 1918 4181 non
1943 4123 2127 4181 solum
2150 4121 2400 4180 omnibus
2429 4125 2596 4196 lippis
2618 4133 2836 4190 notum,·
2866 4119 3118 4196 denique
3137 4141 3238 4176 sa-

1673 4232 1768 4266 cer
1778 4205 1998 4268 mer-bus
2010 4209 2425 4294 celeberrimus
2440 4209 2541 4267 ille
2558 4208 2948 4266 Romanorum
2963 4208 3236 4284 comitiis,

1677 4298 1755 4374 11,
1802 4307 1948 4376 4993
1993 4297 2104 4370 vl,
2154 4298 2302 4375 555,
2331 4299 2467 4373 609.
2514 4294 2920 4354 Memorabiles
2961 4307 3096 4354 sunt
3123 4297 3240 4354 duo

1676 4386 1810 4458 loci,
1845 4386 1925 4457 11,
1954 4387 2100 4461 2893
2143 4384 2220 4442 Vl
2241 4429 2259 4457 ‚
2290 4394 2397 4458 42,
2428 4384 2534 4443 ubi
2564 4385 2852 4442 infantum
2883 4397 3144 4441 materno
3179 4385 3238 4441 in
3315 4383 3322 4390 ’

1673 4487 1837 4532 utero
1866 4473 2172 4544 dissectio,
2213 4492 2384 4547 quam
2411 4471 2624 4532 medici
2651 4475 3108 4546 embryocome'am
3139 4491 3238 4549 ap·

1673 4563 1926 4639 pellant,
1950 4563 2231 4622 innuitur.
2262 4561 2415 4620 Tum
2442 4560 2565 4634 111,
2601 4583 2737 4640 291,
2766 4560 2868 4619 ubi
2895 4559 2966 4618 de
2989 4559 3239 4618 Saturno

1674 4650 1889 4708 dicitur
1913 4647 2137 4728 πιναρὴν
2157 4647 2344 4719 λασίην
2366 4672 2424 4708 τε
2455 4653 2656 4729 βροτοῖς
2676 4646 2998 4728 ἐπεθρέψατο
3017 4647 3233 4727 χαίτην,
3313 4645 3320 4650 ’

1676 4738 1826 4794 haud
1848 4737 1968 4795 scio
1989 4757 2060 4794 an
2081 4738 2184 4794 illa
2198 4739 2540 4813 capillorum
2567 4736 2722 4795 labes
2739 4736 3113 4811 intelligenda
3139 4737 3236 4808 sit,

1675 4846 1845 4902 quam
1895 4838 2178 4883 nostrates
2215 4830 2424 4902 pl1'cam
2462 4829 2791 4902 polonicam
2825 4825 3120 4902 appellare
3147 4846 3239 4881 so·

1676 4914 1812 4972 lent.
1839 4913 1952 4971 Sed
1973 4915 2092 4971 haec
2109 4913 2493 4991 peritioribus
2512 4914 2798 4993 relinquo.

1754 5004 2023 5078 Magnum
2084 5002 2528 5072 documentum,
2598 5001 2814 5078 quibus
2877 5000 3236 5078 temporibus

1676 5106 1844 5169 poeta
1867 5092 2087 5149 vixisse
2105 5091 2427 5149 censendus
2441 5091 2540 5162 sit,
2563 5083 2652 5149 res
2669 5088 2891 5149 suntad
2909 5092 3232 5162 religionem

1675 5192 2014 5258 spectantes
2053 5179 2192 5236 Nam
2219 5192 2278 5237 et
2303 5179 2570 5257 frequens
2591 5190 2674 5236 est
2698 5178 2762 5235 in
2789 5175 3114 5254 mysteriis,
3142 5197 3234 5234 οι·-
