3767 5825
780 452 1113 519 sativum!
1162 449 1654 515 namucum-is
1698 446 1877 527 QUAE
1929 452 2400 514 snvssasnm‘r.

50 612 79 649 s
106 586 501 667 Ναρδοστάχυός
522 610 581 645 τε
603 585 697 653 τὰς
719 585 837 651 ἴσας
859 585 1064 665 σμύρνῃ
1091 584 1353 665 δραχμάς·

105 677 205 735 Καὶ
231 676 571 752 κινναμώμου
594 679 683 733 τοῦ
705 676 869 733 καλοῦ
897 672 973 741 δὶς
991 681 1128 752 τρεῖς
1158 674 1417 752 δραχμάς·

102 765 295 824 Ῥόδων
324 764 379 822 δὲ
402 764 611 843 φύλλων
632 762 929 841 ξηροτάτων
952 762 1029 829 δὶς
1053 761 1328 840 τέσσαρας·

104 852 339 932 Σχοίνου,
360 850 598 927 λιὸάνου,
622 850 808 909 κόστου
839 848 963 926 μίαν
980 849 1202 907 ἑκάστου
1220 847 1483 929 δραχμὴν,

104 941 199 999 Καὶ
224 939 361 1019 τρεῖς
384 939 634 1016 ἀμώμου·
664 940 927 1017 πεπέρεως
948 940 1133 996 λευκοῦ
1159 936 1251 1004 τὰς
1272 936 1414 1003 ἴσας·

50 1052 79 1086 ιο
101 1026 201 1089 Καὶ
214 1032 305 1086 τοῦ
331 1032 539 1107 μακροῦ
562 1026 617 1085 δὲ
646 1026 911 1106 πεπέρεως
938 1024 1063 1102 μίαν
1086 1024 1286 1103 ἥμισυ,

108 1114 307 1193 Κρόκου
332 1114 390 1175 δὲ
411 1114 643 1188 δώδεκα,
677 1115 769 1173 καὶ
793 1114 982 1181 κασίας
1006 1114 1080 1181 δὶς
1106 1113 1387 1194 τέσσαρας·

81 1204 245 1277 ‘vitm
268 1203 552 1285 τριφύλλου
580 1203 737 1262 πέντε
751 1227 764 1240 ·
792 1202 973 1263 πολίου
995 1202 1089 1267 τὰς
1106 1201 1249 1271 ἴσας·

104 1292 519 1370 Ὀποὸαλσάμου
542 1296 705 1373 τρεῖς·
730 1290 1094 1371 πετροσελίνου
1118 1289 1405 1371 τέσσαρας·

108 1380 436 1460 Ἀρκευθίδων
459 1385 566 1439 τῶν
581 1382 838 1460 λιπαρῶν,
865 1380 955 1439 καὶ
978 1378 1169 1459 ἅκόρου
1198 1378 1313 1438 δύο·

48 1488 83 1530 ι
104 1467 199 1529 ‘PH
222 1471 483 1530 Ποντικοῦ
498 1514 515 1542 ,
546 1468 685 1546 μήου
703 1492 785 1545 τε,
814 1466 1097 1545 δικτάμνου
1125 1466 1217 1526 δύο
1232 1513 1248 1540 ,

104 1556 376 1619 Τουτέστιν
404 1555 508 1615 ἀνὰ
535 1557 650 1616 δύο·
674 1562 772 1639 φοῦ
795 1580 852 1615 τε
877 1556 968 1623 τὰς
993 1554 1153 1634 αὐτὰς
1175 1554 1290 1613 δύο·

108 1644 467 1723 Ἀμμωνιακοῦ
490 1644 535 1703 θ’
558 1643 809 1711 ὡσαύτως
836 1643 1192 1722 θυμιάματος,

110 1733 393 1815 Μαράθρου
421 1730 665 1815 δραχμὰς
688 1732 784 1792 δύ’·
816 1735 1073 1813 ἀγαρικοῦ
1102 1730 1179 1790 δύ’
1202 1730 1396 1809 ἥμισυ·

108 1826 257 1904 Τρεῖς
281 1826 377 1882 τοῦ
398 1822 655 1901 πετραίου
678 1821 916 1900 πηγάνου
932 1844 946 1858 ·
971 1819 1164 1879 δαύκου
1188 1822 1305 1881 δύο·

48 1930 91 1973 70
114 1910 395 1991 Ἀνισαρίου
416 1934 477 1969 τε
502 1908 596 1969 καὶ
609 1908 809 1991 ἀσάρου
834 1910 961 1988 μίαν
983 1909 1170 1988 ἥμισυ·

108 1996 243 2060 Ἴσον
272 1998 493 2077 ἅμμεως
514 1995 741 2071 τούτοις,
771 2000 794 2078 [
820 1998 920 2077 τε]
946 1997 1038 2057 καὶ
1059 1997 1256 2065 τούτοις
1281 1997 1439 2057 πάλιν

112 2083 243 2148 Ἴσον
265 2086 485 2166 κυμίνου
507 2084 785 2159 Θηὸαῖκοῦ
808 2091 901 2145 τοῦ
930 2086 1231 2167 σπέρματος
1244 2110 1258 2124 ·

113 2175 215 2237 Καὶ
236 2184 373 2257 τρεῖς
395 2172 639 2255 δραχμὰς
672 2174 939 2253 βουνιάδος
964 2174 1147 2256 πἰγρίας
1167 2174 1492 2257 σπέρματος·

114 2263 321 2332 Τούτοις
346 2264 680 2345 προσαπόδος
704 2260 861 2321 πέντε
887 2261 1126 2341 σκορδίου
1152 2262 1419 2343 δραχμάς·

49 2368 96 2411 τι
116 2350 187 2411 Τὸ
209 2352 477 2431 Κρητικὸν
499 2350 545 2409 δ’
567 2349 802 2427 ἄμεινον,
832 2353 903 2416 ὣς
935 2349 1253 2428 προείπομεν
1268 2374 1282 2389 ·

116 2437 325 2506 Μέλιτος
344 2437 521 2498 ἅπασι
542 2442 632 2497 τοῦ
656 2438 822 2497 καλοῦ
851 2438 1065 2496 διπλοῦν
1089 2436 1341 2515 σταθμόν.

114 2526 342 2586 Ἄπαντα
368 2526 541 2586 λεπτὰ
569 2526 690 2585 λεῖα
712 2525 781 2584 τὰ
800 2525 1157 2607 προειρημένα
1172 2570 1190 2600 ,

117 2611 285 2696 Ἑφθῷ
307 2638 367 2675 τε
392 2614 533 2693 [καὶ]
561 2615 637 2695 τῷ
663 2613 837 2692 μέλιτι
869 2611 1055 2681 δεύσας
1080 2612 1350 2676 ἀποτίθου.

121 2788 424 2864 Ἀντίδοτος,
452 2790 519 2863 ἤν
548 2811 708 2871 φασιν
734 2789 783 2848 οἱ
808 2787 1049 2869 νειῖντεροι
1071 2788 1326 2871 Χάρμην·

46 2898 101 2939 ιεο
115 2878 403 2961 Θεραπεύει
430 2878 489 2939 δὲ
511 2878 763 2946 διαθέσεις
790 2875 933 2959 [τὰς]
960 2877 1385 2960 κεχρονισμένας,

120 2967 200 3036 ‘Aa
219 2969 367 3028 οὐδὲν
382 2967 653 3050 ὠφέλησεν
675 2965 827 3048 ἔτερα
851 2969 1129 3050 φάρμακα.

123 3057 359 3140 Σμύρνης
384 3056 495 3138 ἔχει
519 3056 574 3116 δὲ
596 3060 692 3128 τῆς
713 3056 911 3134 καλῆς,
940 3055 1350 3136 ὀποὸαλσάμου,

119 3143 477 3212 ‘rarum-:4305
501 3145 668 3225 χυλοῦ
691 3165 749 3202 τε
766 3142 859 3202 καὶ
882 3143 1100 3205 λιὸάνου
1122 3148 1313 3218 καλοῦ,

120 3232 485 3300 Ὀποκάνακος
513 3235 744 3312 καθαροῦ
766 3253 825 3290 τε
849 3231 941 3290 καὶ
969 3232 1085 3292 νέου
1114 3233 1334 3314 κρόκου,

46 3339 103 3382 ias
124 3320 329 3382 Τούτων
359 3321 583 3380 έκάστου
608 3321 869 3399 μίγματος
892 3321 1230 3380 δυοκαίδεκα·

120 3408 313 3470 Κόστου
340 3407 401 3468 δὲ
418 3408 610 3468 λευκοῦ
629 3453 648 3485 ,
673 3407 954 3490 καστορίου
978 3431 1035 3468 τε
1065 3411 1325 3470 Ποντικοῦ
1341 3456 1358 3487 ,

119 3495 455 3576 Τερμινθίνης
476 3519 535 3556 τε
564 3499 659 3568 τ’ἥς
683 3501 936 3578 καθαρᾶς,
962 3495 1174 3578 σχοίνου
1194 3501 1242 3557 τ’
1265 3497 1383 3557 ἴσον

122 3585 283 3644 Πάλιν
308 3584 367 3655 ἔξ
386 3583 611 3645 ἑκάστου
640 3584 903 3663 μίγματος
928 3585 1005 3652 δὶς
1024 3583 1313 3666 τέσσαρας·

124 3673 341 3755 saep-oc
365 3671 593 3752 ἀμώμου
614 3672 906 3755 τέσσαρας,
933 3673 1117 3733 πολίου
1140 3677 1189 3734 τ’
1212 3673 1359 3750 ἴσας,

46 3775 101 3818 ιω
119 3761 219 3822 Καὶ
239 3760 588 3840 κινναμώμου
614 3760 875 3841 τέσσαρας
895 3761 1056 3821 πάλιν
1078 3763 1243 3823 καλοῦ
1260 3786 1274 3801 ·

121 3849 203 3916 Δὶς
222 3851 361 3932 τρεῖς
381 3847 438 3908 δέ
461 3849 655 3909 δαύκου
676 3847 944 3932 Κρητικοῦ
964 3855 1057 3909 τοῦ
1087 3848 1387 3931 σπέρματος
1399 3875 1415 3889 ·

122 3937 193 3996 Τὸ
214 3939 257 3997 δ’
276 3936 411 3997 αὐτὸ
434 3935 613 4018 δαύκῳ
637 3935 891 4004 σεσέλεως
908 3943 1001 3997 τοῦ
1022 3937 1348 4021 σπέρματος·

128 4025 323 4094 Κασίας
345 4023 403 4084 δέ
428 4027 613 4108 κιρρᾶς
628 4030 723 4085 τοῦ
754 4028 935 4106 φλοιοῦ
960 4025 1035 4092 δὶς
1056 4025 1204 4085 ἰννέα
1223 4050 1236 4065 ·

126 4115 226 4174 Καὶ
246 4115 613 4196 πετροσελίνου
634 4113 936 4193 σπέρματος
956 4115 1174 4183 ταύταις
1188 4114 1306 4184 ἴσας
1319 4139 1334 4154 ·

46 4215 103 4258 m
126 4203 340 4283 Μακροῦ
364 4199 631 4280 πεπέρεως
654 4201 959 4282 προσφάτου
984 4202 1060 4270 δὶς
1084 4201 1315 4262 δώδεκα·

124 4289 195 4348 Τὸ
212 4288 314 4371 γὰρ
332 4287 559 4348 παλαιὸν
583 4288 875 4360 σητοκόπον
895 4289 1215 4372 εὑρίσκεται·

126 4381 317 4438 Λευκοῦ
340 4377 468 4436 δέκα
491 4377 762 4460 δραχμάς·
782 4376 1056 4458 χαλὸάνης
1080 4383 1313 4459 καθαρᾶς
1336 4377 1461 4438 δέκα
1478 4401 1491 4416 ·

128 4466 527 4546 Ναρδοστάχυος
550 4467 605 4525 δὲ
627 4469 721 4537 τῆς
746 4468 913 4537 καλῆς
933 4465 1242 4527 ἑκκαίδεκα·

122 4551 204 4620 Δὶς
228 4555 273 4613 δ’
297 4553 495 4614 εἴκοσιν
521 4553 615 4612 καὶ
638 4551 795 4612 πέντε
829 4557 1094 4634 Κρητικοῦ
1114 4558 1279 4615 καλοῦ

46 4653 103 4696 κο
127 4642 225 4701 Καὶ
250 4643 552 4724 προσφάτου
575 4639 882 4722 πρόσὸαλλε
905 4642 1148 4725 σκορδίου
1169 4642 1439 4723 δραχμάς·
1534 4713 1539 4716 ,

128 4731 387 4808 Τριπλοῦν
410 4729 467 4790 δέ
492 4731 701 4808 μέλιτος
722 4737 856 4789 πᾶσι
877 4730 991 4797 τοῖς·
1006 4729 1177 4812 ξηροῖς
1207 4731 1381 4812 βάρος.

131 4817 353 4887 Σκεύαζε
376 4820 423 4878 δ’
450 4818 628 4891 αὐτὸν,
650 4821 719 4886 ὣς
743 4821 993 4900 προεῖπον
1019 4819 1275 4877 σκευάσαι

128 4899 309 4972 Ἄλλας
331 4927 390 4964 τε
413 4903 661 4982 δυνάμεις
675 4951 694 4983 ,
716 4903 808 4963 καὶ
829 4903 999 4972 διδοὺς
1022 4903 1193 4971 αὕτως
1210 4903 1390 4964 πάλιν.

130 4990 332 5064 Ταύτην
360 4991 553 5052 ἐπώλει
577 4991 791 5072 Χαρμὶς
814 4991 1059 5052 Ἀττικῶν
1083 4993 1335 5071 δραχμῶν

47 5089 109 5132 ωε
130 5075 213 5144 Δὶς
236 5077 609 5154 πεντακοσίων,
632 5079 739 5140 οὐδ’
763 5079 890 5153 ὅλην
913 5079 1097 5160 λίτραν
1120 5079 1315 5153 διδοὺς,

132 5162 327 5226 Ἐδόκει
349 5166 405 5226 δὲ
432 5167 629 5248 χάριτα
654 5167 849 5227 διδόναι
872 5171 978 5235 τοῖς
1002 5168 1326 5243 ὠνουμένοις.

131 5253 241 5313 Τῦν
266 5254 311 5314 δ’
332 5254 645 5325 ἀξιοπίστων
668 5257 938 5338 Χαρμίδος
957 5279 1035 5325 τις
1052 5257 1331 5337 γνωρίμων

1644 588 1789 639 Nardi
1809 590 1953 651 spicat
1989 604 2126 653 pares
2145 592 2353 652 myrrha·
2377 593 2425 639 ct
2443 591 2680 651 denarios,

1646 679 1705 725 Et
1722 678 2013 726 cinnamomi
2035 678 2287 727 ‹lrarlnna›
2307 679 2376 727 bis
2395 682 2554 727 ternas
2575 680 2684 727 boui
2700 716 2712 737 ,

1642 768 1781 815 Rosoe
1802 766 2026 815 foliorum
2048 766 2240 816 siccalae
2263 767 2335 817 bis
2361 772 2589 829 quattuor
2607 805 2620 827 ,

1648 855 1795 903 Junci
1820 855 2033 916 rotundi,
2057 856 2228 915 thuriS,
2253 856 2373 905 costi
2394 870 2542 905 unam
2561 858 2840 905 drachmam

1646 943 1915 1006 Cujusque,
1937 945 2114 993 amomi
2134 948 2250 1003 tres.
2270 947 2320 994 et
2333 945 2509 1007 piperis
2533 945 2743 1003 candidi,

1646 1033 1831 1081 Verum
1850 1032 1977 1094 longi
1997 1032 2173 1095 piperis
2189 1033 2327 1083 indas
2346 1033 2792 1096 saequidrachmam
2811 1071 2823 1093 ‚

1646 1120 1791 1171 Croci
1808 1119 2082 1182 duodecim,
2102 1121 2244 1171 casia}
2266 1120 2341 1171 bis
2359 1124 2612 1183 quattuor,

1646 1209 1826 1267 Quinas
1839 1209 2004 1259 trifolii
2032 1209 2220 1271 radicis,
2245 1210 2360 1273 polii
2379 1224 2535 1273 pares,

1646 1297 1954 1360 opobalsami
1975 1300 2090 1357 tres,
2117 1298 2392 1360 petroselini
2411 1300 2661 1362 quattuor,

1648 1388 1707 1436 Et
1736 1386 1988 1449 pinguium
2006 1386 2214 1449 juniperi
2247 1388 2505 1436 baccarum
2529 1378 2588 1437 et'
2610 1388 2751 1449 asari,

1646 1475 1783 1525 Rheu
1804 1475 2009 1537 Pontici,
2030 1477 2238 1538 meique,
2257 1475 2487 1525 dictamni
2505 1476 2645 1538 duas,

1648 1567 1753 1613 Hoc
1780 1567 1854 1613 est
1877 1565 2110 1626 cujusque
2137 1564 2289 1625 binas,
2309 1565 2409 1627 phu
2429 1565 2573 1614 simul
2602 1565 2740 1624 duas,

1650 1652 1946 1702 Ammoniaci
1965 1652 2220 1703 suffiminis
2237 1654 2492 1703 drachmas
2505 1654 2647 1715 duas,

1649 1741 1886 1790 Foeniculi
1900 1742 1994 1803 tot,
2021 1741 2296 1804 agaricique
2311 1742 2688 1805 sesquitertiam,

1652 1827 1875 1878 saxatilis
1894 1830 2018 1877 rutae
2037 1830 2215 1890 ternas,
2232 1829 2376 1879 dauci
2399 1829 2540 1891 duas,

1652 1916 1782 1966 Anisi
1804 1917 2019 1975 seminis,
2041 1918 2163 1966 asari
2187 1918 2628 1979 sesquidrachmarn
2646 1955 2662 1981 ,

1652 2008 1865 2055 Tantum
1887 2014 2128 2067 ammeos,
2147 2009 2296 2069 atque
2315 2008 2389 2057 his
2409 2022 2576 2058 rursus
2593 2008 2780 2058 cunctis
2801 2007 2928 2058 idem

1652 2095 1845 2145 Cumini
1862 2095 2059 2145 seminis
2086 2095 2318 2145 Thebaici
2335 2096 2548 2159 injicito;

1652 2181 1771 2245 Napi
1790 2179 2039 2243 sylvestris
2060 2181 2258 2231 seminis
2279 2184 2378 2231 tres
2397 2182 2579 2244 iudit03

1658 2271 1718 2319 Et
1735 2268 1912 2319 scordii
1929 2269 2240 2332 superaddito
2266 2270 2340 2319 his
2351 2271 2526 2333 quinas
2540 2270 2824 2334 drachmas3

1657 2359 1718 2407 At
1736 2358 1982 2408 Creticum
2003 2356 2220 2421 praestat,
2238 2360 2295 2408 ut
2317 2372 2464 2423 supra
2482 2358 2697 2409 diximus
2713 2376 2728 2422 ;

1658 2445 1813 2495 Mellis
1832 2446 2022 2509 probati
2039 2446 2220 2509 duplex
2239 2446 2427 2510 pondus
2451 2447 2622 2497 indito.

1658 2534 1881 2584 contrita
1899 2538 2076 2585 cuncta
2093 2549 2204 2598 quoe
2225 2534 2538 2598 praediximus
2552 2550 2706 2599 nuper

1659 2624 1720 2672 st
1738 2636 1896 2673 mersa
1913 2624 2052 2673 cocto
2070 2625 2214 2675 melle
2236 2624 2362 2675 vasis
2390 2624 2604 2674 condito.

1659 2794 1924 2847 Antidotus
1944 2810 2094 2859 quam
2121 2797 2414 2848 recentiores
2431 2797 2684 2847 nominant

1657 2885 1932 2948 charmen3
1951 2884 2150 2940 diutinis
2163 2885 2360 2949 prodest
2378 2884 2632 2936 affectibus
2643 2922 2658 2948 ,

1659 2974 1734 3026 Ad
1746 2987 1873 3038 quos
1897 2975 1965 3024 nil
1991 2974 2269 3037 profuerant
2282 2975 2377 3025 alia
2403 2973 2747 3024 medicamina.

1662 3063 1974 3126 myrrhaeque
1990 3063 2207 3113 continet
2225 3064 2366 3113 bonae
2380 3100 2396 3126 ,
2419 3065 2566 3126 atque
2589 3062 2918 3126 opobalsami,

1662 3151 1984 3214 Hypocistidis
2004 3151 2156 3214 succi,
2181 3165 2272 3201 nec
2285 3165 2384 3201 non
2408 3151 2562 3201 thuris
2581 3151 2692 3200 boni
2703 3187 2719 3213 ,

1663 3240 1970 3303 Opopanacis
1989 3241 2195 3304 purgati,
2216 3241 2332 3290 item
2353 3242 2482 3290 croci
2503 3240 2638 3302 boni,

1664 3327 1916 3391 cujusque
1933 3329 2138 3378 istorum
2161 3328 2420 3378 duodecim
2439 3327 2690 3390 denarios;

1664 3415 1893 3478 Costique
1909 3416 2123 3478 candidi,
2157 3416 2350 3466 castorii
2378 3416 2584 3478 Pontici,

1662 3505 2018 3555 Terebinthinoe
2048 3518 2204 3568 purae,
2218 3505 2356 3566 junci
2373 3505 2540 3556 teretis
2559 3519 2714 3568 pares,

1666 3593 2000 3642 Medicaminis
2021 3593 2259 3656 cuiusque
2279 3607 2448 3644 rursus
2465 3595 2718 3657 quattuor,

1665 3684 1878 3744 Uvoeque
1906 3682 2089 3730 amomi
2111 3683 2364 3744 quattuor,
2383 3681 2498 3744 polii
2517 3695 2673 3745 pares,

1669 3773 1728 3820 st
1747 3771 2040 3821 cinnamomi
2058 3775 2292 3834 quattuor
2321 3785 2488 3822 mrsus
2512 3772 2644 3835 boni,
2705 3807 2728 3825 .

1666 3861 1725 3908 Et
1746 3860 1920 3910 cretici
1939 3860 2082 3909 dauci
2105 3859 2180 3910 bis
2204 3863 2370 3910 ternos
2391 3859 2614 3921 seminis;

1666 3949 1758 3996 Par
1776 3946 1965 4010 pondus
1989 3948 2144 3997 dauco
2169 3949 2336 4011 recipit
2357 3949 2494 3998 seseli
2523 3948 2718 3998 seminis
2733 3983 2749 4008 ,

1666 4037 1728 4084 Et
1755 4037 1950 4086 corticis
1970 4037 2112 4086 casiae
2141 4035 2355 4086 rubentis
2381 4035 2454 4084 bis
2473 4049 2646 4084 novem
2662 4073 2678 4098 ,

1666 4125 1729 4175 st
1748 4124 2025 4187 petroselini
2056 4123 2253 4174 seminis
2274 4124 2529 4175 drachmas
2557 4137 2709 4186 pares,

1664 4215 1811 4276 Longi
1840 4213 2018 4276 piperis
2037 4213 2201 4275 viginti
2223 4215 2456 4276 quattuor
2481 4211 2597 4261 novi

1666 4304 1823 4363 (Nam
1855 4301 1987 4364 quod
2005 4303 2254 4351 vetustum
2283 4302 2410 4352 carie
2429 4301 2741 4364 absumptum
2767 4303 3029 4364 repperis),

1664 4390 1774 4441 Albi
1792 4391 1960 4440 decem
1973 4425 1990 4450 ,
2010 4391 2202 4454 purgati
2230 4389 2418 4453 galbani
2437 4389 2602 4440 decern
2618 4426 2633 4450 ,

1665 4478 1813 4528 Nar-di
1838 4477 1986 4542 spicae
2003 4491 2143 4528 senas
2166 4478 2308 4528 bonae
2325 4481 2377 4528 et
2398 4478 2653 4528 drachmas
2669 4479 2836 4528 decem
2851 4515 2866 4540 ,

1666 4570 1727 4618 At
1755 4568 1827 4617 bis
1848 4567 2012 4630 viginti
2034 4567 2210 4630 quinos
2227 4567 2406 4618 Cretici
2425 4567 2538 4616 boni
2552 4604 2568 4629 ,

1666 4659 1763 4706 Nec
1784 4669 1881 4705 non
1903 4656 2106 4706 recentis
2127 4655 2304 4704 scordil
2332 4655 2580 4716 denarios,

1664 4743 1755 4793 Sed
1784 4743 1939 4793 mellis
1959 4744 2100 4794 siccis
2116 4742 2303 4805 pondus
2327 4744 2527 4808 triplum
2549 4743 2672 4792 adde
2694 4743 2934 4793 omnibus.

1668 4835 1787 4882 Para
1806 4833 1937 4882 hanc
1953 4846 2052 4895 quo
2077 4831 2430 4882 medicamenta
2453 4833 2547 4882 alia
2565 4832 2706 4880 docui
2729 4835 2860 4894 prius

1666 4921 1809 4971 Modo
1830 4935 2021 4984 parare;
2051 4921 2222 4970 eodem
2244 4921 2442 4984 propina
2469 4919 2631 4970 modo.

1668 5013 1800 5060 Hanc
1817 5011 2050 5060 charmes
2069 5012 2240 5058 auctor
2268 5008 2342 5059 bis
2365 5010 2637 5072 quingentis
2655 5007 2828 5058 Atticis

1564 5127 1573 5138 ·
1665 5097 1917 5148 Vendebat
1935 5097 2208 5158 drachmis,
2237 5111 2326 5147 nec
2349 5101 2503 5147 totam
2525 5097 2697 5146 libram
2727 5097 2894 5157 dabat,

1668 5185 1928 5246 Gratisque
1944 5185 2242 5247 emptoribus
2269 5185 2521 5234 videbatur
2535 5185 2669 5234 dare.

1666 5275 1729 5323 st
1742 5271 2015 5322 Charmidis
2033 5271 2279 5322 familiaris
2297 5273 2471 5334 dignus
2489 5272 2584 5322 lide

3097 464 3205 515 125
