3767 5825
1531 310 1955 369 PRAEFATIO.
2004 310 2009 313 ’

144 445 341 513 dicam,
379 437 638 499 mutandi
678 434 919 514 prurigo
945 452 1046 491 eos
1080 433 1324 505 invasit,
1365 433 1446 491 ita
1476 446 1540 490 ut
1577 432 1676 491 hic

143 550 356 609 quoque
378 551 436 607 p.
465 547 702 585 xvi-xix
719 528 1008 599 ingentem
1040 521 1502 597 conjecturarum
1525 522 1676 579 essu-

142 622 314 677 derint
339 635 676 687 numerum,
710 632 853 691 quas
889 611 1148 687 singulas
1190 610 1441 667 refutare
1470 610 1678 667 inutile

141 722 236 781 est,
253 726 426 784 quum
442 725 516 763 ne
534 724 652 762 una
665 702 900 780 quidem
921 721 993 759 ex
1009 701 1085 759 iis
1103 698 1452 757 admittenda
1468 700 1563 756 sit.
1587 700 1681 755 Di-

139 809 262 853 cunt
288 794 516 873 quidem
553 814 614 871 p.
645 812 782 865 xnt,
813 809 874 849 se
901 800 1120 867 partem
1150 807 1349 845 earum
1385 786 1674 862 conjectu-

139 904 314 943 rarum
343 904 461 943 non
491 892 798 961 propterea
838 878 1242 957 proposuisse,
1283 877 1442 952 quod
1484 893 1676 931 cense-

137 988 252 1031 rent
266 993 360 1033 eas
379 973 444 1031 in
465 984 798 1031 contextum
817 967 1200 1045 recipiendas,
1235 991 1262 1016 «ι
1285 963 1386 1021 sed
1405 976 1469 1021 ut
1488 975 1676 1020 osten-

137 1063 352 1134 derent,
383 1080 556 1139 quam
589 1058 754 1117 facile
783 1056 910 1114 fieri
957 1053 1244 1131 potuerit,
1287 1064 1351 1109 ut
1387 1053 1586 1107 scribae
1616 1048 1676 1106 id

133 1170 300 1225 genus
338 1150 616 1209 vitiorum
645 1140 1004 1205 carminibus
1031 1142 1313 1200 inferrent
1340 1165 1386 1195 ι».
1426 1142 1499 1197 At
1537 1158 1678 1195 vero

134 1238 232 1295 hoc
256 1252 340 1297 est
366 1238 597 1309 ludere,
633 1255 752 1294 non
778 1250 1049 1292 exercere
1070 1230 1364 1300 criticam,
1397 1247 1566 1304 quem
1597 1228 1677 1285 lu-

133 1348 244 1386 sum
263 1342 380 1386 tum
398 1340 620 1385 tantum
635 1322 968 1403 probarem,
987 1321 1036 1378 si
1052 1339 1121 1379 eo
1137 1316 1437 1377 ostendere
1460 1316 1674 1373 voluis·

133 1432 274 1487 sent,
299 1437 474 1495 quam
505 1414 674 1473 facile
697 1412 825 1470 fieri
848 1411 1132 1490 potuisset
1149 1451 1165 1479 ,
1193 1419 1259 1465 ut
1278 1419 1449 1482 poeta
1471 1404 1598 1482 ipse
1617 1406 1675 1463 id

131 1526 297 1581 genus
317 1508 594 1565 vitiorum
627 1511 856 1561 vitaret.
883 1498 1052 1557 Unde
1079 1497 1262 1555 multo
1289 1494 1533 1574 pronius
1557 1508 1680 1552 erat

130 1596 194 1653 ad
211 1594 668 1654 concludendum
681 1635 702 1665 ,
727 1592 971 1649 Atticam
993 1586 1416 1663 correptionem
1437 1583 1528 1640 his
1549 1602 1680 1660 poe·

131 1684 196 1739 tis
219 1685 296 1740 ita
321 1684 386 1741 in
409 1682 640 1740 deliciis
662 1680 860 1748 fuisse,
884 1690 977 1747 ut,
999 1675 1354 1751 ubicumque
1374 1674 1532 1749 optio
1548 1671 1679 1729 data

129 1772 224 1842 sit,
255 1792 384 1829 eam
407 1774 604 1849 potius
631 1774 1007 1845 quaesiverim,
1035 1784 1206 1841 quam
1237 1770 1514 1819 evitarint.
1541 1828 1548 1835 μ

197 1860 504 1919 possemus
527 1856 624 1916 hic
668 1856 864 1927 finire,
892 1854 1264 1932 quumetiam
1285 1850 1412 1928 ejus
1459 1850 1676 1921 hiatus,

3170 330 3335 372 xxnt

1769 448 1894 493 erat
1906 436 2245 507 emendata,
2266 435 2449 493 altero
2470 434 2527 493 Π
2546 478 2561 505 ,
2590 437 2705 512 439
2724 434 2855 514 ῥέζει
2872 438 2923 493 ἐν
2945 438 3141 515 primo
3157 439 3305 516 pede
3320 484 3336 513 ,

1769 544 1941 600 quem
1966 538 2031 583 ut
2052 524 2137 582 ib.
2166 525 2281 600 349
2306 527 2491 595 αὐτοῦ,
2515 528 2602 595 ὡς,
2629 525 2737 593 364
2764 524 2957 603 φθείρει
2988 526 3217 585 Ἠελίοιο
3246 540 3341 585 to-

1770 612 2067 669 lerandum
2097 614 2386 671 existima
2420 612 2529 671 Sed
2566 612 2989 672 dubitationem
3018 613 3115 672 hic
3152 636 3339 693 nuper

1769 700 1949 757 movit
1970 702 2067 757 vir
2095 720 2333 758 summae
2356 702 2715 759 auctoritatis
2738 701 3055 773 Lunnsms,
3085 702 3251 780 cujus
3276 703 3339 762 in

1770 789 1860 847 his
1893 788 2067 846 rebus
2097 787 2367 847 subtilem
2393 803 2449 848 et
2483 789 2819 865 diligentem
2848 788 3115 867 ἀκρίὸειαν
3146 789 3340 849 admi—

1769 877 1887 935 rari
1914 878 2140 935 facilius
2161 890 2247 935 est
2275 895 2449 953 quam
2482 878 2740 936 aemulari
2758 920 2776 951 ‚
2812 878 2875 935 in
2906 881 3115 951 Quoest.
3146 882 3335 956 Epioe.

1767 986 1828 1039 p.
1876 966 2119 1037 278-81.
2150 964 2376 1023 Etenim
2411 984 2485 1023 ex
2508 966 2636 1043 ejus
2666 960 2889 1037 hiatus,
2918 966 3020 1043 qui
3048 967 3113 1023 fit
3144 968 3336 1027 vocali

1768 1056 1941 1129 longa
1970 1053 2031 1111 in
2065 1052 2185 1111 arsi
2220 1053 2444 1131 posita,
2475 1053 2703 1112 ratione
2738 1067 2797 1112 et
2826 1054 3200 1114 multitudine
3233 1056 3340 1115 de-

1719 1150 1726 1169 ·
1771 1155 2149 1200 monstratum
2187 1141 2329 1213 ivit,
2360 1141 2532 1200 etiam
2560 1141 2667 1200 hos
2697 1156 2815 1201 tres
2856 1141 3044 1201 libros
3072 1144 3341 1219 singulos

1768 1230 2017 1305 singulis
2064 1228 2266 1287 deberi
2306 1228 2665 1289 auctoribus.
2702 1229 2780 1288 Ut
2809 1250 3009 1289 verum
3049 1232 3248 1305 fatear,
3286 1233 3340 1294 si

1769 1320 1902 1395 quis
1920 1319 2069 1377 alius
2086 1319 2238 1376 hanc
2254 1319 2439 1375 solam
2458 1321 2533 1375 ob
2554 1339 2786 1377 causam
2808 1332 3103 1379 auctorem
3122 1363 3139 1391 ,
3162 1339 3339 1397 quem

1770 1427 1946 1465 unum
2002 1426 2127 1465 esse
2170 1420 2287 1465 tam
2346 1405 2544 1464 multis
2606 1406 2935 1484 validisque
2983 1410 3340 1484 argumentis

1769 1496 2325 1568 demonstravimus,
2374 1494 2705 1572 discerpere
2755 1509 3089 1568 conaretur,
3133 1514 3340 1575 exspe-

1769 1598 2015 1656 ctarem,
2057 1584 2245 1642 donec
2292 1582 2407 1641 alia
2446 1584 2618 1641 etiam
2664 1585 2917 1641 afferret.
2966 1584 3079 1643 Sed
3108 1584 3339 1645 Lehrsii

1770 1686 1990 1731 tantum
2022 1672 2176 1750 apud
2218 1691 2310 1729 me
2345 1671 2500 1729 valet
2526 1673 2869 1745 auctoritas,
2908 1686 2971 1732 ut
3000 1674 3147 1731 hanc
3174 1693 3339 1749 quae-

1769 1763 2013 1819 stionem
2040 1761 2111 1820 de
2130 1761 2360 1835 integro
2380 1760 2749 1838 repetendam
2776 1780 3062 1838 censeam,
3084 1781 3157 1821 ne
3180 1762 3339 1838 quod

1769 1850 1870 1907 ille
1912 1850 2063 1907 dixit
2090 1848 2417 1925 neglexisse
2455 1848 2677 1910 videar.
2707 1849 3004 1927 Optimum
3028 1864 3219 1909 autem
3244 1850 3342 1909 vi-

129 1969 284 2025 quem
329 1950 510 2025 vulgo
553 1949 618 2005 in
664 1945 1142 2022 disceptationem
1192 1959 1402 1999 vocare
1455 1939 1672 2009 solent,
1719 1916 1725 1963 ι
1770 1940 1963 2009 detur,
1996 1938 2197 1997 omnia
2214 1956 2289 1995 ex
2310 1936 2402 1995 his
2426 1935 2616 1996 tribus
2641 1938 2813 1996 libris
2836 1938 3029 1997 hiatus
3047 1938 3336 2017 exempla,

126 2042 382 2117 exempla
399 2058 456 2116 p.
486 2056 732 2095 xrv-xn
751 2046 1017 2093 accurate
1043 2031 1285 2089 collecta
1309 2042 1366 2087 et
1387 2028 1678 2106 disputata

1769 2046 1899 2101 quae
1934 2026 1997 2083 in
2028 2038 2225 2083 nostra
2253 2024 2511 2083 editione
2538 2024 2836 2101 leguntur,
2875 2026 3046 2103 juxta
3088 2045 3338 2104 ponere,

125 2128 258 2199 sint3
277 2125 666 2185 duobuslocis
685 2123 926 2195 relictis»,
947 2141 1062 2179 uno
1074 2119 1184 2190 111,
1212 2140 1348 2191 277,
1372 2118 1474 2193 qui
1491 2116 1678 2173 facilis
1717 2154 1729 2167 .
1771 2115 1980 2172 ordine
2007 2113 2297 2171 vocalium
2327 2113 2632 2185 disposita.

441 2372 524 2423 Ex
553 2367 701 2417 Libro
720 2364 983 2415 secundo:

119 2556 146 2595 η
169 2540 401 2601 sequente
432 2555 466 2586 α
487 2538 628 2586 vacat

267 2684 328 2692 —
439 2670 462 2702 ε
525 2656 586 2703 74
619 2652 758 2715 μοίρῃ
780 2652 862 2700 ἔνι.

1400 2534 1489 2577 206
1523 2532 1648 2591 κακῇ
1668 2526 1896 2580 ἄλληκτα.

1401 2594 1490 2637 405
1524 2591 1714 2651 γενέθλη
1743 2590 1923 2649 ἄφεσις.

1433 2657 1494 2701 75
1529 2652 1560 2713 ἡ
1586 2653 1649 2699 ἐνὶ
1678 2650 1851 2715 πάτρῃ.

1767 2360 1935 2407 Tertio
1957 2372 1975 2404 .·
2776 2358 2928 2407 Sexto
2950 2377 2965 2407 τ

2443 2477 2501 2523 45
2536 2472 2761 2530 Σεληναίη
2786 2473 3021 2533 ἀφίκηται.

2414 2540 2499 2585 217
2536 2538 2651 2595 γυνὴ
2681 2535 2891 2598 ἀθερίζει.

2413 2604 2503 2646 220
2536 2597 2765 2659 Σεληναίη
2786 2597 2997 2660 ἀλόχοις.

2412 2666 2505 2708 606
2534 2662 2671 2723 Μήνη
2694 2658 3015 2723 ἐπιμάρτυρος.

503 2719 588 2763 142
622 2715 838 2775 γενέθλη,
867 2712 984 2762 ἐπεί.

265 2808 324 2819 -
441 2792 469 2825 ο
503 2780 590 2826 217
625 2779 680 2840 ἑῇ
708 2776 802 2825 ὀπί.
1405 2781 1495 2825 269
1527 2782 1704 2839 κρατῇ,
1727 2774 1876 2830 ὀλοὸς.
2536 2778 2693 2823 vacat.

267 2870 324 2879 —
441 2856 470 2887 υ
504 2843 592 2887 483
627 2840 956 2902 ἀποχαζομὲνη
975 2838 1249 2901 Ὑπερίονος.
1532 2842 1675 2887 vacat
2412 2842 2497 2885 561
2539 2836 2673 2893 Μήνη

2414 2904 2507 2948 698
2542 2898 2768 2956 Σεληναίη
2791 2898 3029 2962 ὑπόγειον.

2412 2965 2504 3010 729
2534 2966 2663 3024 κακῇ
2680 2961 2790 3010 ὑπό.

264 3053 330 3064 -
451 3044 492 3074 ω
527 3028 688 3074 vacat.
1532 3027 1691 3075 vacat.
2414 3029 2505 3072 556
2537 3023 2669 3086 δύνῃ,
2692 3024 2833 3086 ὥρην.

119 3205 194 3253 His
212 3205 324 3256 addi
343 3205 503 3268 placet
521 3205 740 3266 exempla
759 3204 903 3264 hujus
925 3205 1105 3254 vocalis
1122 3218 1210 3266 per
1229 3206 1516 3266 ,maculam
1533 3205 1564 3258 ἦ
1589 3205 1722 3254 lacta

452 3423 534 3468 Ea·
559 3419 706 3468 Libro
729 3419 958 3468 Secundo
983 3435 999 3469 .-
1755 3423 1924 3470 rertio
1943 3437 1960 3469 ,-
2780 3419 2935 3466 sato
2955 3431 2975 3468 ,-

1405 3539 1496 3585 424
1529 3539 1560 3594 ἢ
1584 3536 1662 3586 αὗ.

505 3602 596 3646 ι’130
627 3600 659 3656 ἢ
685 3597 750 3645 ἔτι
2442 3599 2499 3643 55
2534 3595 2565 3652 ἢ
2590 3593 2751 3658 ἑτέρῳ.

2442 3661 2503 3705 90
2534 3659 2565 3714 ἢ
2591 3657 2830 3717 ἐτέροισιν.

1436 3727 1493 3772 58
1529 3725 1559 3781 ἢ
1580 3723 1680 3772 ἕνα.

1405 3793 1493 3833 222
1527 3787 1556 3842 ἢ
1582 3787 1608 3833 ὁ
1634 3789 1734 3847 μέν.

1404 3853 1493 3894 235
1528 3851 1558 3906 ἢ
1579 3850 1672 3896 ὁτὲ.
2411 3847 2503 3890 316
2534 3843 2565 3899 ἢ
2593 3841 2771 3890 ὁπότ’.-

1406 3915 1494 3958 286
1528 3913 1558 3969 ἢ
1587 3911 1685 3970 ὅγε.
2412 3909 2504 3952 319
2536 3905 2565 3961 ἢ
2590 3904 2797 3952 ὄσσοισι.

1408 3977 1494 4019 258
1529 3975 1558 4030 ἢ
1587 3973 1698 4021 ὑπό.

113 4055 146 4083 ω
173 4035 412 4098 sequente
433 4033 465 4081 ὀι
487 4051 500 4080 :
535 4037 626 4082 303
659 4037 838 4097 ιιρυερῷ
858 4033 1094 4091 ἀλέγοντες
1531 4039 1684 4083 vacat.
2414 4031 2504 4076 249
2541 4027 2713 4138 ’Helltg
2732 4026 2793 4088 ἀμ
2809 4087 2821 4100 ‚

2411 4092 2501 4138 643
2531 4089 2661 4148 ἄφνω
2712 4105 3017 4150 πενοσφισαν.

115 4185 122 4200 ¹
214 4205 222 4212 .
251 4189 318 4199 —
421 4177 444 4209 ε
1531 4161 1685 4208 vacat.
2445 4159 2503 4201 35
2536 4151 2763 4213 ὡρονόμῳ
2790 4151 3021 4213 ἑπιτὲλλῃ.

488 4224 644 4270 vacat.
1688 4235 1694 4240 ·
2420 4219 2494 4260 111
2536 4213 2577 4275 ᾧ
2601 4212 2682 4263 ἔνι.

2420 4281 2495 4324 151
2536 4276 2731 4386 §almo
2748 4275 2816 4322 ἂν.

2418 4341 2504 4386 176
2562 4340 2711 4400 υτικῷ
2730 4335 2815 4386 ἔνι.

2414 4406 2501 4447 225
2534 4401 2689 4462 τρέψω
2707 4399 2881 4460 ἑτέρην.

2414 4469 2505 4508 302
2537 4461 2645 4524 ζῴῳ
2663 4461 2725 4509 ιν.

2416 4529 2501 4572 537
2538 4521 2784 4585 αἱπυτάτῳ
2804 4522 3080 4580 ἐφέπωνται.

111 4622 120 4634 ⁶
259 4629 326 4639 -
431 4615 450 4646 ι
481 4597 639 4646 vacat.
1532 4593 1689 4642 vacat.
2415 4591 2503 4632 250
2537 4587 2644 4662 ζῴςρ
2668 4585 2878 4694 ῐσέουσι.

105 4677 147 4704 2:
265 4689 330 4699 —-
413 4677 444 4707 α
479 4663 636 4708 vacat.
1406 4659 1491 4704 331
1530 4655 1794 4716 γίγνονται,
1820 4651 2074 4714 ἀναφανδά.
2414 4653 2497 4696 261
2539 4664 2619 4695 και
2644 4646 2713 4695 ἀπ
2746 4682 2758 4692 .

2414 4715 2505 4758 266
2536 4709 2782 4771 φαίνηται,
2802 4705 2958 4761 αὐτός.

103 4811 140 4830 ι.
267 4813 334 4820 —-
401 4801 448 4834 οι
469 4800 482 4833 :
503 4785 596 4834 415
624 4783 799 4846 μινύθει
823 4783 951 4830 οἶκον
1531 4781 1688 4828 vacat.
2540 4773 2697 4820 vacat.

103 4863 144 4893 m
265 4877 332 4887 —
394 4864 442 4896 αι
488 4849 646 4895 vacat.
1407 4847 1498 4891 308
1533 4841 1860 4904 &mersus-002,
1888 4838 1998 4886 alat.
2539 4837 2695 4881 vacat.

259 4941 326 4952 -
422 4927 445 4958 ε
490 4913 650 4958 vacat.
1408 4909 1498 4953 406
1532 4907 1612 4962 ἠοῖ
1635 4905 1715 4952 ἐνι.
2538 4898 2696 4944 vaeat.

259 5000 324 5008 —-
417 4989 444 5022 ο
488 4976 646 5021 vacat.
1532 4969 1692 5016 vacat.
2416 4964 2505 5006 422
2537 4959 2593 5007 λο
2698 4955 2834 5032 χροι,
2859 4953 3096 5018 ὀχετηγοί.

101 5051 154 5081 ου
263 5062 332 5070 -
416 5053 448 5084 α
491 5037 658 5093 vacat,
691 5033 779 5082 nisi
1415 5035 1502 5078 145
1536 5027 1847 5090 ἀνερχομένου
1867 5025 2043 5088 Ἄρεος.
2418 5025 2504 5069 ⁴297
2541 5023 2621 5068 ἑοῦ
2674 5033 2755 5067 πο.

507 5101 596 5146 344
635 5097 795 5159 βιότου
815 5096 915 5159 ἅμα
934 5109 994 5144 ex
1022 5107 1126 5142 mea
1153 5093 1315 5150 conie—
2416 5090 2504 5132 528
2539 5079 2847 5157 μεσουρανίου
2864 5078 2979 5128 ἀπό.

581 5162 735 5209 etun-a.
1408 5158 1500 5204 342
1535 5153 1696 5216 βιότου
1720 5153 1957 5212 ἀνέφηνεν.
2415 5151 2507 5194 558
2540 5145 2853 5207 ἀνερχομενου
2876 5139 2995 5202 ἅμα.
