<?xml version="1.0" encoding="UTF-8"?>
<!DOCTYPE html PUBLIC "-//W3C//DTD XHTML 1.0 Transitional//EN"
    "http://www.w3.org/TR/xhtml1/DTD/xhtml1-transitional.dtd">
<html xmlns="http://www.w3.org/1999/xhtml" xml:lang="en" lang="en">
 <head>
  <title>
</title>
<meta http-equiv="Content-Type" content="text/html;charset=utf-8" />
  <meta name='ocr-system' content='tesseract 3.04.00' />
  <meta name='ocr-capabilities' content='ocr_page ocr_carea ocr_par ocr_line ocrx_word'/>
</head>
<body>
  <div class='ocr_page' id='page_1' title='image "./poetbucolicietd00ameigoog_0261.png"; bbox 0 0 3767 5825; ppageno 0'>
   <div class='ocr_carea' id='block_1_1' title="bbox 1089 351 2226 421">
    <p class='ocr_par' dir='ltr' id='par_1_1' title="bbox 1089 351 2226 421">
     <span class='ocr_line' id='line_1_1' title="bbox 1089 351 2226 421; baseline 0.007 -8"><span class='ocrx_word' id='word_1_1' title='bbox 1089 351 1439 414; x_wconf 82' lang='lat' dir='ltr'><strong>DIONYSII</strong></span> <span class='ocrx_word' id='word_1_2' title='bbox 1480 353 1583 414; x_wconf 83' lang='lat' dir='ltr'>DE</span> <span class='ocrx_word' id='word_1_3' title='bbox 1630 355 1914 418; x_wconf 81' lang='lat' dir='ltr'><strong>AVlBUS</strong></span> <span class='ocrx_word' id='word_1_4' title='bbox 1957 358 2104 418; x_wconf 82' lang='lat' dir='ltr'><strong>Lm.</strong></span> <span class='ocrx_word' id='word_1_5' title='bbox 2150 359 2226 421; x_wconf 90' lang='grc' dir='ltr'>Π.</span> 
     </span>
    </p>
   </div>
   <div class='ocr_carea' id='block_1_2' title="bbox 52 481 1615 5259">
    <p class='ocr_par' dir='ltr' id='par_1_2' title="bbox 52 481 1614 2953">
     <span class='ocr_line' id='line_1_2' title="bbox 124 481 1605 565; baseline -0.002 -22"><span class='ocrx_word' id='word_1_6' title='bbox 124 485 222 543; x_wconf 85' lang='lat' dir='ltr'>lv.</span> <span class='ocrx_word' id='word_1_7' title='bbox 264 483 335 544; x_wconf 75' lang='lat' dir='ltr'>Oi</span> <span class='ocrx_word' id='word_1_8' title='bbox 374 481 528 563; x_wconf 97' lang='grc' dir='ltr'>λάροι</span> <span class='ocrx_word' id='word_1_9' title='bbox 556 489 660 550; x_wconf 86' lang='grc' dir='ltr'>τοῖς</span> <span class='ocrx_word' id='word_1_10' title='bbox 702 483 989 565; x_wconf 78' lang='grc' dir='ltr'>ἀνθρώποις</span> <span class='ocrx_word' id='word_1_11' title='bbox 1017 484 1116 543; x_wconf 78' lang='grc' dir='ltr'>εἰσὶ</span> <span class='ocrx_word' id='word_1_12' title='bbox 1163 483 1605 565; x_wconf 79' lang='grc' dir='ltr'>προσφιλέστατοι</span> 
     </span>
     <span class='ocr_line' id='line_1_3' title="bbox 54 571 1603 646; baseline -0.001 -14"><span class='ocrx_word' id='word_1_13' title='bbox 54 575 131 632; x_wconf 73' lang='grc' dir='ltr'>καὶ</span> <span class='ocrx_word' id='word_1_14' title='bbox 170 571 389 644; x_wconf 82' lang='grc' dir='ltr'>πλησίον</span> <span class='ocrx_word' id='word_1_15' title='bbox 431 574 605 632; x_wconf 82' lang='grc' dir='ltr'>αὐτῶν</span> <span class='ocrx_word' id='word_1_16' title='bbox 633 575 859 633; x_wconf 75' lang='grc' dir='ltr'>οἰκοῦσιν</span> <span class='ocrx_word' id='word_1_17' title='bbox 897 577 967 640; x_wconf 79' lang='grc' dir='ltr'>ὥς</span> <span class='ocrx_word' id='word_1_18' title='bbox 1003 572 1401 646; x_wconf 80' lang='grc' dir='ltr'>συνηθέστατοι·</span> <span class='ocrx_word' id='word_1_19' title='bbox 1439 573 1529 631; x_wconf 79' lang='grc' dir='ltr'>καὶ</span> <span class='ocrx_word' id='word_1_20' title='bbox 1558 574 1603 630; x_wconf 80' lang='grc' dir='ltr'>εἰ</span> 
     </span>
     <span class='ocr_line' id='line_1_4' title="bbox 54 659 1605 738; baseline -0.001 -20"><span class='ocrx_word' id='word_1_21' title='bbox 54 662 311 719; x_wconf 74' lang='grc' dir='ltr'>θεάσαιντο</span> <span class='ocrx_word' id='word_1_22' title='bbox 334 660 573 738; x_wconf 73' lang='grc' dir='ltr'>σαγήνην</span> <span class='ocrx_word' id='word_1_23' title='bbox 600 661 777 730; x_wconf 78' lang='grc' dir='ltr'>ἇλιίας</span> <span class='ocrx_word' id='word_1_24' title='bbox 808 659 1133 734; x_wconf 79' lang='grc' dir='ltr'>ἐξίλκοντας,</span> <span class='ocrx_word' id='word_1_25' title='bbox 1157 664 1229 728; x_wconf 84' lang='grc' dir='ltr'>ὡς</span> <span class='ocrx_word' id='word_1_26' title='bbox 1252 659 1485 718; x_wconf 78' lang='grc' dir='ltr'>κοινωνοὶ</span> <span class='ocrx_word' id='word_1_27' title='bbox 1513 662 1605 730; x_wconf 74' lang='grc' dir='ltr'>τῆς</span> 
     </span>
     <span class='ocr_line' id='line_1_5' title="bbox 56 747 1604 830; baseline -0.002 -23"><span class='ocrx_word' id='word_1_28' title='bbox 56 749 201 830; x_wconf 74' lang='grc' dir='ltr'>ἄγρας</span> <span class='ocrx_word' id='word_1_29' title='bbox 226 749 604 820; x_wconf 79' lang='grc' dir='ltr'>πλησιάζουσιν</span> <span class='ocrx_word' id='word_1_30' title='bbox 635 759 751 818; x_wconf 84' lang='grc' dir='ltr'>ταῖς</span> <span class='ocrx_word' id='word_1_31' title='bbox 779 750 990 816; x_wconf 80' lang='grc' dir='ltr'>ἀκάτοις</span> <span class='ocrx_word' id='word_1_32' title='bbox 1008 797 1023 824; x_wconf 88' lang='grc'>,</span> <span class='ocrx_word' id='word_1_33' title='bbox 1051 749 1142 808; x_wconf 70' lang='grc' dir='ltr'>καὶ</span> <span class='ocrx_word' id='word_1_34' title='bbox 1182 748 1303 829; x_wconf 75' lang='grc' dir='ltr'>περὶ</span> <span class='ocrx_word' id='word_1_35' title='bbox 1334 747 1399 808; x_wconf 80' lang='grc' dir='ltr'>τὰ</span> <span class='ocrx_word' id='word_1_36' title='bbox 1422 747 1604 807; x_wconf 83' lang='grc' dir='ltr'>δίκτυα</span> 
     </span>
     <span class='ocr_line' id='line_1_6' title="bbox 56 835 1605 918; baseline -0.001 -22"><span class='ocrx_word' id='word_1_37' title='bbox 56 839 351 916; x_wconf 74' lang='grc' dir='ltr'>κεκραγότες</span> <span class='ocrx_word' id='word_1_38' title='bbox 379 842 569 918; x_wconf 87' lang='grc' dir='ltr'>μοῖραν</span> <span class='ocrx_word' id='word_1_39' title='bbox 598 843 878 898; x_wconf 78' lang='grc' dir='ltr'>ἀπαιτοῦσι</span> <span class='ocrx_word' id='word_1_40' title='bbox 905 843 999 910; x_wconf 70' lang='grc' dir='ltr'>τῆς</span> <span class='ocrx_word' id='word_1_41' title='bbox 1027 839 1203 918; x_wconf 80' lang='grc' dir='ltr'>θήρας,</span> <span class='ocrx_word' id='word_1_42' title='bbox 1227 837 1319 896; x_wconf 80' lang='grc' dir='ltr'>καὶ</span> <span class='ocrx_word' id='word_1_43' title='bbox 1344 835 1605 916; x_wconf 81' lang='grc' dir='ltr'>παρέχου-</span> 
     </span>
     <span class='ocr_line' id='line_1_7' title="bbox 54 923 1603 1010; baseline -0.001 -26"><span class='ocrx_word' id='word_1_44' title='bbox 54 951 123 984; x_wconf 86' lang='grc' dir='ltr'>σιν</span> <span class='ocrx_word' id='word_1_45' title='bbox 142 930 185 985; x_wconf 80' lang='grc' dir='ltr'>οἱ</span> <span class='ocrx_word' id='word_1_46' title='bbox 204 930 405 1005; x_wconf 90' lang='grc' dir='ltr'>γριπεῖς</span> <span class='ocrx_word' id='word_1_47' title='bbox 418 927 557 986; x_wconf 75' lang='grc' dir='ltr'>κατὰ</span> <span class='ocrx_word' id='word_1_48' title='bbox 579 932 673 1000; x_wconf 76' lang='grc' dir='ltr'>τῆς</span> <span class='ocrx_word' id='word_1_49' title='bbox 689 927 949 998; x_wconf 83' lang='grc' dir='ltr'>θαλάττης</span> <span class='ocrx_word' id='word_1_50' title='bbox 975 931 1273 1010; x_wconf 78' lang='grc' dir='ltr'>ῥιπτοῦντες</span> <span class='ocrx_word' id='word_1_51' title='bbox 1284 929 1387 984; x_wconf 84' lang='grc' dir='ltr'>τῶν</span> <span class='ocrx_word' id='word_1_52' title='bbox 1410 923 1603 1004; x_wconf 77' lang='grc' dir='ltr'>ἰχθύων</span> 
     </span>
     <span class='ocr_line' id='line_1_8' title="bbox 54 1013 1604 1097; baseline 0 -25"><span class='ocrx_word' id='word_1_53' title='bbox 54 1015 199 1086; x_wconf 69' lang='grc' dir='ltr'>τινὰς,</span> <span class='ocrx_word' id='word_1_54' title='bbox 219 1017 268 1073; x_wconf 71' lang='grc' dir='ltr'>οἱ</span> <span class='ocrx_word' id='word_1_55' title='bbox 292 1013 483 1093; x_wconf 60' lang='grc' dir='ltr'>δὲξτούς</span> <span class='ocrx_word' id='word_1_56' title='bbox 506 1039 563 1074; x_wconf 85' lang='grc' dir='ltr'>τε</span> <span class='ocrx_word' id='word_1_57' title='bbox 586 1017 839 1097; x_wconf 78' lang='grc' dir='ltr'>ῥιπτουμὲ</span> <span class='ocrx_word' id='word_1_58' title='bbox 839 1037 953 1081; x_wconf 89' lang='grc' dir='ltr'>νους</span> <span class='ocrx_word' id='word_1_59' title='bbox 969 1015 1341 1094; x_wconf 81' lang='grc' dir='ltr'>ἐπιδραμόντες</span> <span class='ocrx_word' id='word_1_60' title='bbox 1360 1015 1604 1086; x_wconf 85' lang='grc' dir='ltr'>ἐσθίουσι,</span> 
     </span>
     <span class='ocr_line' id='line_1_9' title="bbox 54 1100 1606 1216; baseline 0.001 -58"><span class='ocrx_word' id='word_1_61' title='bbox 54 1103 132 1159; x_wconf 77' lang='grc' dir='ltr'>καὶ</span> <span class='ocrx_word' id='word_1_62' title='bbox 158 1100 205 1160; x_wconf 83' lang='grc' dir='ltr'>εἴ</span> <span class='ocrx_word' id='word_1_63' title='bbox 222 1126 359 1169; x_wconf 81' lang='grc' dir='ltr'>τινες</span> <span class='ocrx_word' id='word_1_64' title='bbox 386 1103 753 1216; x_wconf 52' lang='grc' dir='ltr'>διεκφύγοιενθ</span> <span class='ocrx_word' id='word_1_65' title='bbox 755 1102 906 1162; x_wconf 82' lang='grc' dir='ltr'>ἄλλοι</span> <span class='ocrx_word' id='word_1_66' title='bbox 944 1105 1049 1161; x_wconf 85' lang='grc' dir='ltr'>τῶν</span> <span class='ocrx_word' id='word_1_67' title='bbox 1074 1103 1253 1176; x_wconf 87' lang='grc' dir='ltr'>λίνων,</span> <span class='ocrx_word' id='word_1_68' title='bbox 1299 1100 1606 1182; x_wconf 84' lang='grc' dir='ltr'>ἐκδέχονται</span> 
     </span>
     <span class='ocr_line' id='line_1_10' title="bbox 56 1181 1605 1269; baseline -0.001 -21"><span class='ocrx_word' id='word_1_69' title='bbox 56 1193 183 1248; x_wconf 67' lang='grc' dir='ltr'>μάλα</span> <span class='ocrx_word' id='word_1_70' title='bbox 220 1190 445 1268; x_wconf 76' lang='grc' dir='ltr'>ἑτοίμως</span> <span class='ocrx_word' id='word_1_71' title='bbox 480 1187 692 1264; x_wconf 81' lang='grc' dir='ltr'>αὗτους,</span> <span class='ocrx_word' id='word_1_72' title='bbox 714 1187 851 1248; x_wconf 80' lang='grc' dir='ltr'>ὥστε</span> <span class='ocrx_word' id='word_1_73' title='bbox 888 1181 1022 1248; x_wconf 75' lang='grc' dir='ltr'>εἶναι</span> <span class='ocrx_word' id='word_1_74' title='bbox 1044 1189 1218 1269; x_wconf 82' lang='grc' dir='ltr'>δόξαν,</span> <span class='ocrx_word' id='word_1_75' title='bbox 1246 1190 1327 1250; x_wconf 77' lang='grc' dir='ltr'>ὅτι</span> <span class='ocrx_word' id='word_1_76' title='bbox 1368 1189 1495 1248; x_wconf 81' lang='grc' dir='ltr'>ποτὲ</span> <span class='ocrx_word' id='word_1_77' title='bbox 1523 1212 1605 1268; x_wconf 84' lang='grc' dir='ltr'>γε·</span> 
     </span>
     <span class='ocr_line' id='line_1_11' title="bbox 52 1238 1606 1359; baseline 0 -23"><span class='ocrx_word' id='word_1_78' title='bbox 52 1279 235 1354; x_wconf 83' lang='grc' dir='ltr'>γονότες</span> <span class='ocrx_word' id='word_1_79' title='bbox 266 1278 449 1356; x_wconf 83' lang='grc' dir='ltr'>ἄνδρες</span> <span class='ocrx_word' id='word_1_80' title='bbox 494 1277 586 1336; x_wconf 77' lang='grc' dir='ltr'>καὶ</span> <span class='ocrx_word' id='word_1_81' title='bbox 620 1281 818 1358; x_wconf 80' lang='grc' dir='ltr'>πρῶτοι</span> <span class='ocrx_word' id='word_1_82' title='bbox 860 1277 1024 1359; x_wconf 77' lang='grc' dir='ltr'>θήραν</span> <span class='ocrx_word' id='word_1_83' title='bbox 1053 1279 1147 1350; x_wconf 79' lang='grc' dir='ltr'>τὴν</span> <span class='ocrx_word' id='word_1_84' title='bbox 1192 1238 1484 1338; x_wconf 84' lang='grc' dir='ltr'>θαλασσίαν</span> <span class='ocrx_word' id='word_1_85' title='bbox 1514 1281 1606 1336; x_wconf 80' lang='grc' dir='ltr'>εὑ-</span> 
     </span>
     <span class='ocr_line' id='line_1_12' title="bbox 56 1365 1607 1448; baseline -0.003 -22"><span class='ocrx_word' id='word_1_86' title='bbox 56 1369 251 1448; x_wconf 82' lang='grc' dir='ltr'>ράμενοι</span> <span class='ocrx_word' id='word_1_87' title='bbox 275 1366 371 1425; x_wconf 79' lang='grc' dir='ltr'>καὶ</span> <span class='ocrx_word' id='word_1_88' title='bbox 408 1368 537 1425; x_wconf 79' lang='grc' dir='ltr'>θεῶν</span> <span class='ocrx_word' id='word_1_89' title='bbox 569 1366 819 1445; x_wconf 83' lang='grc' dir='ltr'>βουλησει</span> <span class='ocrx_word' id='word_1_90' title='bbox 850 1366 1286 1448; x_wconf 75' lang='grc' dir='ltr'>μεταμειφθίντες</span> <span class='ocrx_word' id='word_1_91' title='bbox 1312 1370 1384 1434; x_wconf 84' lang='grc' dir='ltr'>εἷς</span> <span class='ocrx_word' id='word_1_92' title='bbox 1411 1365 1607 1446; x_wconf 80' lang='grc' dir='ltr'>ὄρνεις,</span> 
     </span>
     <span class='ocr_line' id='line_1_13' title="bbox 52 1455 1607 1536; baseline -0.001 -22"><span class='ocrx_word' id='word_1_93' title='bbox 52 1461 129 1527; x_wconf 69' lang='grc' dir='ltr'>τῆς</span> <span class='ocrx_word' id='word_1_94' title='bbox 155 1459 389 1522; x_wconf 76' lang='grc' dir='ltr'>παλαιᾶς</span> <span class='ocrx_word' id='word_1_95' title='bbox 414 1455 493 1515; x_wconf 80' lang='grc' dir='ltr'>ἔτι</span> <span class='ocrx_word' id='word_1_96' title='bbox 526 1455 823 1532; x_wconf 80' lang='grc' dir='ltr'>μέμνηνται</span> <span class='ocrx_word' id='word_1_97' title='bbox 852 1455 1147 1534; x_wconf 79' lang='grc' dir='ltr'>ἐπιστήμης</span> <span class='ocrx_word' id='word_1_98' title='bbox 1164 1500 1183 1528; x_wconf 92' lang='grc'>,</span> <span class='ocrx_word' id='word_1_99' title='bbox 1215 1457 1273 1513; x_wconf 84' lang='grc' dir='ltr'>οὗ</span> <span class='ocrx_word' id='word_1_100' title='bbox 1298 1455 1477 1536; x_wconf 72' lang='grc' dir='ltr'>πόρρω</span> <span class='ocrx_word' id='word_1_101' title='bbox 1502 1457 1607 1513; x_wconf 81' lang='grc' dir='ltr'>τῶν</span> 
     </span>
     <span class='ocr_line' id='line_1_14' title="bbox 52 1543 1607 1622; baseline -0.001 -19"><span class='ocrx_word' id='word_1_102' title='bbox 52 1548 237 1604; x_wconf 78' lang='grc' dir='ltr'>πόλεων</span> <span class='ocrx_word' id='word_1_103' title='bbox 273 1543 369 1603; x_wconf 85' lang='grc' dir='ltr'>καὶ</span> <span class='ocrx_word' id='word_1_104' title='bbox 403 1547 507 1604; x_wconf 78' lang='grc' dir='ltr'>τῶν</span> <span class='ocrx_word' id='word_1_105' title='bbox 548 1544 772 1622; x_wconf 84' lang='grc' dir='ltr'>λιμένων</span> <span class='ocrx_word' id='word_1_106' title='bbox 814 1543 1111 1620; x_wconf 80' lang='grc' dir='ltr'>ἱπτάμενοι.</span> <span class='ocrx_word' id='word_1_107' title='bbox 1199 1543 1381 1604; x_wconf 83' lang='grc' dir='ltr'>Πλείω</span> <span class='ocrx_word' id='word_1_108' title='bbox 1410 1543 1454 1601; x_wconf 89' lang='grc' dir='ltr'>δ’</span> <span class='ocrx_word' id='word_1_109' title='bbox 1495 1543 1607 1603; x_wconf 78' lang='grc' dir='ltr'>ἐστὶ</span> 
     </span>
     <span class='ocr_line' id='line_1_15' title="bbox 52 1629 1606 1711; baseline 0 -23"><span class='ocrx_word' id='word_1_110' title='bbox 52 1634 159 1708; x_wconf 75' lang='grc' dir='ltr'>γένη</span> <span class='ocrx_word' id='word_1_111' title='bbox 186 1637 289 1692; x_wconf 77' lang='grc' dir='ltr'>τῶν</span> <span class='ocrx_word' id='word_1_112' title='bbox 316 1630 521 1711; x_wconf 81' lang='grc' dir='ltr'>λάρων·</span> <span class='ocrx_word' id='word_1_113' title='bbox 552 1630 643 1690; x_wconf 83' lang='grc' dir='ltr'>καὶ</span> <span class='ocrx_word' id='word_1_114' title='bbox 672 1635 718 1690; x_wconf 76' lang='grc' dir='ltr'>οἳ</span> <span class='ocrx_word' id='word_1_115' title='bbox 756 1631 851 1709; x_wconf 84' lang='grc' dir='ltr'>μὲν</span> <span class='ocrx_word' id='word_1_116' title='bbox 882 1635 1053 1690; x_wconf 78' lang='grc' dir='ltr'>αὐτῶν</span> <span class='ocrx_word' id='word_1_117' title='bbox 1087 1631 1265 1691; x_wconf 81' lang='grc' dir='ltr'>λευκοί</span> <span class='ocrx_word' id='word_1_118' title='bbox 1300 1633 1347 1689; x_wconf 89' lang='grc' dir='ltr'>τ’</span> <span class='ocrx_word' id='word_1_119' title='bbox 1379 1629 1480 1689; x_wconf 76' lang='grc' dir='ltr'>εἰσὶ</span> <span class='ocrx_word' id='word_1_120' title='bbox 1514 1631 1606 1689; x_wconf 82' lang='grc' dir='ltr'>καὶ</span> 
     </span>
     <span class='ocr_line' id='line_1_16' title="bbox 52 1718 1608 1802; baseline -0.001 -22"><span class='ocrx_word' id='word_1_121' title='bbox 52 1725 109 1788; x_wconf 76' lang='grc' dir='ltr'>ὡς</span> <span class='ocrx_word' id='word_1_122' title='bbox 134 1725 185 1780; x_wconf 75' lang='grc' dir='ltr'>αἱ</span> <span class='ocrx_word' id='word_1_123' title='bbox 213 1721 523 1802; x_wconf 77' lang='grc' dir='ltr'>περιστεραὶ</span> <span class='ocrx_word' id='word_1_124' title='bbox 554 1724 797 1801; x_wconf 83' lang='grc' dir='ltr'>βραχεῖς·</span> <span class='ocrx_word' id='word_1_125' title='bbox 824 1723 874 1780; x_wconf 76' lang='grc' dir='ltr'>οἱ</span> <span class='ocrx_word' id='word_1_126' title='bbox 908 1721 962 1780; x_wconf 84' lang='grc' dir='ltr'>δὲ</span> <span class='ocrx_word' id='word_1_127' title='bbox 995 1718 1195 1780; x_wconf 86' lang='grc' dir='ltr'>τούτων</span> <span class='ocrx_word' id='word_1_128' title='bbox 1234 1718 1329 1798; x_wconf 73' lang='grc' dir='ltr'>μέν</span> <span class='ocrx_word' id='word_1_129' title='bbox 1356 1722 1457 1779; x_wconf 79' lang='grc' dir='ltr'>εἶσι</span> <span class='ocrx_word' id='word_1_130' title='bbox 1493 1719 1608 1797; x_wconf 86' lang='grc' dir='ltr'>μεί·</span> 
     </span>
     <span class='ocr_line' id='line_1_17' title="bbox 54 1806 1605 1890; baseline -0.001 -23"><span class='ocrx_word' id='word_1_131' title='bbox 54 1815 175 1878; x_wconf 78' lang='grc' dir='ltr'>ζονες</span> <span class='ocrx_word' id='word_1_132' title='bbox 206 1810 299 1868; x_wconf 83' lang='grc' dir='ltr'>καὶ</span> <span class='ocrx_word' id='word_1_133' title='bbox 340 1808 665 1890; x_wconf 75' lang='grc' dir='ltr'>ἰσχυρότεροι</span> <span class='ocrx_word' id='word_1_134' title='bbox 683 1852 700 1880; x_wconf 95' lang='grc'>,</span> <span class='ocrx_word' id='word_1_135' title='bbox 731 1806 1067 1876; x_wconf 80' lang='grc' dir='ltr'>πυκνοτάτοις</span> <span class='ocrx_word' id='word_1_136' title='bbox 1116 1807 1173 1868; x_wconf 78' lang='grc' dir='ltr'>δὲ</span> <span class='ocrx_word' id='word_1_137' title='bbox 1212 1812 1425 1888; x_wconf 86' lang='grc' dir='ltr'>πτεροῖς</span> <span class='ocrx_word' id='word_1_138' title='bbox 1458 1831 1605 1889; x_wconf 83' lang='grc' dir='ltr'>περι-</span> 
     </span>
     <span class='ocr_line' id='line_1_18' title="bbox 56 1895 1604 1979; baseline 0.002 -23"><span class='ocrx_word' id='word_1_139' title='bbox 56 1897 355 1975; x_wconf 67' lang='grc' dir='ltr'>σκέπτονται,</span> <span class='ocrx_word' id='word_1_140' title='bbox 394 1897 485 1956; x_wconf 84' lang='grc' dir='ltr'>καί</span> <span class='ocrx_word' id='word_1_141' title='bbox 521 1920 654 1964; x_wconf 87' lang='grc' dir='ltr'>τινες</span> <span class='ocrx_word' id='word_1_142' title='bbox 692 1895 772 1955; x_wconf 76' lang='grc' dir='ltr'>ἔτι</span> <span class='ocrx_word' id='word_1_143' title='bbox 809 1897 901 1955; x_wconf 79' lang='grc' dir='ltr'>καὶ</span> <span class='ocrx_word' id='word_1_144' title='bbox 938 1899 1134 1956; x_wconf 86' lang='grc' dir='ltr'>τούτων</span> <span class='ocrx_word' id='word_1_145' title='bbox 1160 1896 1604 1979; x_wconf 81' lang='grc' dir='ltr'>εὐμεγεθέστεροι.</span> 
     </span>
     <span class='ocr_line' id='line_1_19' title="bbox 54 1983 1612 2066; baseline -0.004 -18"><span class='ocrx_word' id='word_1_146' title='bbox 54 1987 213 2048; x_wconf 71' lang='grc' dir='ltr'>Λευκὰ</span> <span class='ocrx_word' id='word_1_147' title='bbox 240 1987 289 2045; x_wconf 86' lang='grc' dir='ltr'>δ’</span> <span class='ocrx_word' id='word_1_148' title='bbox 320 1985 431 2046; x_wconf 76' lang='grc' dir='ltr'>ἐστὶ</span> <span class='ocrx_word' id='word_1_149' title='bbox 463 1986 554 2045; x_wconf 77' lang='grc' dir='ltr'>καὶ</span> <span class='ocrx_word' id='word_1_150' title='bbox 582 1985 778 2053; x_wconf 81' lang='grc' dir='ltr'>τούτοις</span> <span class='ocrx_word' id='word_1_151' title='bbox 813 1985 1011 2066; x_wconf 80' lang='grc' dir='ltr'>πτερὰ,</span> <span class='ocrx_word' id='word_1_152' title='bbox 1039 1984 1179 2058; x_wconf 75' lang='grc' dir='ltr'>πλὴν</span> <span class='ocrx_word' id='word_1_153' title='bbox 1209 1983 1327 2044; x_wconf 80' lang='grc' dir='ltr'>ὅσον</span> <span class='ocrx_word' id='word_1_154' title='bbox 1370 1983 1459 2044; x_wconf 74' lang='grc' dir='ltr'>ἐπὶ</span> <span class='ocrx_word' id='word_1_155' title='bbox 1497 1993 1612 2051; x_wconf 87' lang='grc' dir='ltr'>ταῖς</span> 
     </span>
     <span class='ocr_line' id='line_1_20' title="bbox 58 2072 1605 2157; baseline -0.003 -22"><span class='ocrx_word' id='word_1_156' title='bbox 58 2076 355 2157; x_wconf 76' lang='grc' dir='ltr'>ἁκροτάταις</span> <span class='ocrx_word' id='word_1_157' title='bbox 390 2072 601 2156; x_wconf 66' lang='grc' dir='ltr'>πτέρυξι</span> <span class='ocrx_word' id='word_1_158' title='bbox 640 2073 731 2133; x_wconf 80' lang='grc' dir='ltr'>καὶ</span> <span class='ocrx_word' id='word_1_159' title='bbox 770 2075 877 2142; x_wconf 87' lang='grc' dir='ltr'>τοῖς</span> <span class='ocrx_word' id='word_1_160' title='bbox 914 2073 1203 2155; x_wconf 80' lang='grc' dir='ltr'>τραχήλοις</span> <span class='ocrx_word' id='word_1_161' title='bbox 1249 2072 1605 2150; x_wconf 81' lang='grc' dir='ltr'>μελαίνονται.</span> 
     </span>
     <span class='ocr_line' id='line_1_21' title="bbox 58 2160 1609 2244; baseline -0.002 -21"><span class='ocrx_word' id='word_1_162' title='bbox 58 2165 153 2224; x_wconf 76' lang='grc' dir='ltr'>Καὶ</span> <span class='ocrx_word' id='word_1_163' title='bbox 192 2163 399 2232; x_wconf 79' lang='grc' dir='ltr'>τούτοις</span> <span class='ocrx_word' id='word_1_164' title='bbox 445 2163 670 2232; x_wconf 77' lang='grc' dir='ltr'>ἅπαντες</span> <span class='ocrx_word' id='word_1_165' title='bbox 715 2165 765 2222; x_wconf 81' lang='grc' dir='ltr'>οἱ</span> <span class='ocrx_word' id='word_1_166' title='bbox 810 2161 985 2222; x_wconf 76' lang='grc' dir='ltr'>λοιποὶ</span> <span class='ocrx_word' id='word_1_167' title='bbox 1029 2163 1183 2244; x_wconf 86' lang='grc' dir='ltr'>λάροι</span> <span class='ocrx_word' id='word_1_168' title='bbox 1218 2166 1384 2241; x_wconf 76' lang='grc' dir='ltr'>νομῆς</span> <span class='ocrx_word' id='word_1_169' title='bbox 1424 2185 1483 2221; x_wconf 90' lang='grc' dir='ltr'>τε</span> <span class='ocrx_word' id='word_1_170' title='bbox 1517 2160 1609 2221; x_wconf 69' lang='grc' dir='ltr'>καὶ</span> 
     </span>
     <span class='ocr_line' id='line_1_22' title="bbox 56 2250 1611 2335; baseline -0.003 -22"><span class='ocrx_word' id='word_1_171' title='bbox 56 2256 189 2335; x_wconf 79' lang='grc' dir='ltr'>ἔδρας</span> <span class='ocrx_word' id='word_1_172' title='bbox 209 2259 595 2334; x_wconf 79' lang='grc' dir='ltr'>παραχωροῦσι</span> <span class='ocrx_word' id='word_1_173' title='bbox 617 2250 763 2311; x_wconf 65' lang='grc' dir='ltr'>καὶζ</span> <span class='ocrx_word' id='word_1_174' title='bbox 736 2277 806 2319; x_wconf 85' lang='grc' dir='ltr'>ως</span> <span class='ocrx_word' id='word_1_175' title='bbox 837 2254 1139 2332; x_wconf 77' lang='grc' dir='ltr'>βασιλεῦσιν</span> <span class='ocrx_word' id='word_1_176' title='bbox 1174 2254 1477 2323; x_wconf 77' lang='grc' dir='ltr'>ὑπείκουσι,</span> <span class='ocrx_word' id='word_1_177' title='bbox 1520 2251 1611 2309; x_wconf 84' lang='grc' dir='ltr'>καὶ</span> 
     </span>
     <span class='ocr_line' id='line_1_23' title="bbox 54 2337 1611 2422; baseline -0.003 -21"><span class='ocrx_word' id='word_1_178' title='bbox 54 2345 365 2422; x_wconf 70' lang='grc' dir='ltr'>γηράσκουσι</span> <span class='ocrx_word' id='word_1_179' title='bbox 386 2343 437 2400; x_wconf 88' lang='grc' dir='ltr'>δ’</span> <span class='ocrx_word' id='word_1_180' title='bbox 466 2342 639 2408; x_wconf 76' lang='grc' dir='ltr'>αὐτοῖς</span> <span class='ocrx_word' id='word_1_181' title='bbox 666 2341 859 2401; x_wconf 88' lang='grc' dir='ltr'>κυάνεα</span> <span class='ocrx_word' id='word_1_182' title='bbox 888 2340 1089 2420; x_wconf 87' lang='grc' dir='ltr'>γίνεται</span> <span class='ocrx_word' id='word_1_183' title='bbox 1117 2339 1322 2421; x_wconf 80' lang='grc' dir='ltr'>πτερὰ,</span> <span class='ocrx_word' id='word_1_184' title='bbox 1354 2339 1445 2398; x_wconf 80' lang='grc' dir='ltr'>καὶ</span> <span class='ocrx_word' id='word_1_185' title='bbox 1472 2337 1611 2398; x_wconf 78' lang='grc' dir='ltr'>κατὰ</span> 
     </span>
     <span class='ocr_line' id='line_1_24' title="bbox 56 2419 1610 2510; baseline -0.001 -22"><span class='ocrx_word' id='word_1_186' title='bbox 56 2435 143 2488; x_wconf 72' lang='grc' dir='ltr'>τῶν</span> <span class='ocrx_word' id='word_1_187' title='bbox 182 2433 415 2510; x_wconf 78' lang='grc' dir='ltr'>πετρῶν,</span> <span class='ocrx_word' id='word_1_188' title='bbox 458 2431 513 2488; x_wconf 86' lang='grc' dir='ltr'>ἐν</span> <span class='ocrx_word' id='word_1_189' title='bbox 547 2419 628 2495; x_wconf 78' lang='grc' dir='ltr'>αἷς</span> <span class='ocrx_word' id='word_1_190' title='bbox 668 2428 905 2506; x_wconf 87' lang='grc' dir='ltr'>μάλιστα</span> <span class='ocrx_word' id='word_1_191' title='bbox 944 2427 1084 2509; x_wconf 73' lang='grc' dir='ltr'>ὕδωρ</span> <span class='ocrx_word' id='word_1_192' title='bbox 1124 2451 1219 2500; x_wconf 89' lang='grc' dir='ltr'>της</span> <span class='ocrx_word' id='word_1_193' title='bbox 1252 2432 1349 2506; x_wconf 73' lang='grc' dir='ltr'>γῆς</span> <span class='ocrx_word' id='word_1_194' title='bbox 1385 2427 1610 2505; x_wconf 89' lang='grc' dir='ltr'>πότιμον</span> 
     </span>
     <span class='ocr_line' id='line_1_25' title="bbox 60 2515 1612 2599; baseline -0.001 -24"><span class='ocrx_word' id='word_1_195' title='bbox 60 2521 257 2599; x_wconf 67' lang='grc' dir='ltr'>ἀπορρεῖ</span> <span class='ocrx_word' id='word_1_196' title='bbox 270 2564 289 2594; x_wconf 93' lang='grc'>,</span> <span class='ocrx_word' id='word_1_197' title='bbox 314 2515 691 2590; x_wconf 88' lang='grc' dir='ltr'>νεοττεύουσιν,</span> <span class='ocrx_word' id='word_1_198' title='bbox 712 2516 847 2576; x_wconf 79' lang='grc' dir='ltr'>ὥστε</span> <span class='ocrx_word' id='word_1_199' title='bbox 870 2515 989 2584; x_wconf 87' lang='grc' dir='ltr'>τους</span> <span class='ocrx_word' id='word_1_200' title='bbox 1010 2516 1207 2583; x_wconf 88' lang='grc' dir='ltr'>παῖδας</span> <span class='ocrx_word' id='word_1_201' title='bbox 1228 2516 1493 2574; x_wconf 81' lang='grc' dir='ltr'>θαλασσία</span> <span class='ocrx_word' id='word_1_202' title='bbox 1516 2515 1612 2592; x_wconf 84' lang='grc' dir='ltr'>μὲν</span> 
     </span>
     <span class='ocr_line' id='line_1_26' title="bbox 58 2571 1614 2686; baseline -0.001 -22"><span class='ocrx_word' id='word_1_203' title='bbox 58 2611 227 2686; x_wconf 53' lang='grc' dir='ltr'>τροφῇ,</span> <span class='ocrx_word' id='word_1_204' title='bbox 256 2607 499 2684; x_wconf 83' lang='grc' dir='ltr'>γλυκεῖ</span> <span class='ocrx_word' id='word_1_205' title='bbox 469 2605 514 2664; x_wconf 88' lang='lat' dir='ltr'>o’</span> <span class='ocrx_word' id='word_1_206' title='bbox 543 2605 695 2663; x_wconf 74' lang='grc' dir='ltr'>ὕδατι</span> <span class='ocrx_word' id='word_1_207' title='bbox 722 2610 981 2686; x_wconf 77' lang='grc' dir='ltr'>χρῆσθαι,</span> <span class='ocrx_word' id='word_1_208' title='bbox 1011 2606 1195 2686; x_wconf 82' lang='grc' dir='ltr'>με’χρις</span> <span class='ocrx_word' id='word_1_209' title='bbox 1224 2602 1289 2663; x_wconf 73' lang='grc' dir='ltr'>ἂν</span> <span class='ocrx_word' id='word_1_210' title='bbox 1314 2571 1614 2676; x_wconf 79' lang='grc' dir='ltr'>αὐξηθέντες</span> 
     </span>
     <span class='ocr_line' id='line_1_27' title="bbox 58 2691 1610 2776; baseline 0 -24"><span class='ocrx_word' id='word_1_211' title='bbox 58 2696 325 2774; x_wconf 64' lang='grc' dir='ltr'>ἰσχύσουσιν</span> <span class='ocrx_word' id='word_1_212' title='bbox 367 2695 691 2775; x_wconf 80' lang='grc' dir='ltr'>ἀφίπτασθαι</span> <span class='ocrx_word' id='word_1_213' title='bbox 724 2696 830 2751; x_wconf 79' lang='grc' dir='ltr'>τῶν</span> <span class='ocrx_word' id='word_1_214' title='bbox 858 2696 1079 2771; x_wconf 82' lang='grc' dir='ltr'>καλιῶν,</span> <span class='ocrx_word' id='word_1_215' title='bbox 1100 2694 1221 2753; x_wconf 86' lang='grc' dir='ltr'>τότε</span> <span class='ocrx_word' id='word_1_216' title='bbox 1247 2691 1304 2753; x_wconf 84' lang='grc' dir='ltr'>δὲ</span> <span class='ocrx_word' id='word_1_217' title='bbox 1326 2695 1420 2752; x_wconf 87' lang='grc' dir='ltr'>καὶ</span> <span class='ocrx_word' id='word_1_218' title='bbox 1428 2699 1610 2776; x_wconf 80' lang='grc' dir='ltr'>-τροφῇ</span> 
     </span>
     <span class='ocr_line' id='line_1_28' title="bbox 58 2780 1611 2864; baseline 0.001 -22"><span class='ocrx_word' id='word_1_219' title='bbox 58 2807 135 2842; x_wconf 75' lang='grc' dir='ltr'>και</span> <span class='ocrx_word' id='word_1_220' title='bbox 162 2807 257 2842; x_wconf 84' lang='grc' dir='ltr'>ποτ</span> <span class='ocrx_word' id='word_1_221' title='bbox 258 2809 301 2864; x_wconf 73' lang='grc' dir='ltr'>ῳ</span> <span class='ocrx_word' id='word_1_222' title='bbox 338 2783 629 2863; x_wconf 81' lang='grc' dir='ltr'>χρήσονται</span> <span class='ocrx_word' id='word_1_223' title='bbox 655 2782 951 2864; x_wconf 80' lang='grc' dir='ltr'>θαλασσίῳ.</span> <span class='ocrx_word' id='word_1_224' title='bbox 1040 2781 1183 2863; x_wconf 78' lang='grc' dir='ltr'>Πρὸς</span> <span class='ocrx_word' id='word_1_225' title='bbox 1213 2781 1269 2841; x_wconf 71' lang='grc' dir='ltr'>δὲ</span> <span class='ocrx_word' id='word_1_226' title='bbox 1292 2780 1483 2853; x_wconf 80' lang='grc' dir='ltr'>νήξεως</span> <span class='ocrx_word' id='word_1_227' title='bbox 1514 2783 1611 2843; x_wconf 85' lang='grc' dir='ltr'>τά·</span> 
     </span>
     <span class='ocr_line' id='line_1_29' title="bbox 60 2869 1110 2983; baseline -0.002 -51"><span class='ocrx_word' id='word_1_228' title='bbox 60 2895 143 2953; x_wconf 79' lang='grc' dir='ltr'>χος</span> <span class='ocrx_word' id='word_1_229' title='bbox 165 2874 255 2932; x_wconf 81' lang='grc' dir='ltr'>οὐκ</span> <span class='ocrx_word' id='word_1_230' title='bbox 282 2895 351 2931; x_wconf 88' lang='grc' dir='ltr'>αν</span> <span class='ocrx_word' id='word_1_231' title='bbox 371 2870 510 2953; x_wconf 83' lang='grc' dir='ltr'>ὄρνις</span> <span class='ocrx_word' id='word_1_232' title='bbox 540 2871 711 2953; x_wconf 80' lang='grc' dir='ltr'>ἕτερος</span> <span class='ocrx_word' id='word_1_233' title='bbox 735 2870 923 2951; x_wconf 81' lang='grc' dir='ltr'>ἐρίσειε</span> <span class='ocrx_word' id='word_1_234' title='bbox 946 2869 1110 2983; x_wconf 80' lang='grc' dir='ltr'>λάρῳ.</span> 
     </span>
    </p>

    <p class='ocr_par' dir='ltr' id='par_1_3' title="bbox 58 2958 1615 4266">
     <span class='ocr_line' id='line_1_30' title="bbox 130 2958 1613 3044; baseline -0.001 -23"><span class='ocrx_word' id='word_1_235' title='bbox 130 2964 196 3023; x_wconf 81' lang='lat' dir='ltr'>V.</span> <span class='ocrx_word' id='word_1_236' title='bbox 231 2965 303 3023; x_wconf 72' lang='lat' dir='ltr'><strong>At</strong></span> <span class='ocrx_word' id='word_1_237' title='bbox 330 2962 375 3020; x_wconf 86' lang='grc' dir='ltr'>δ’</span> <span class='ocrx_word' id='word_1_238' title='bbox 401 2960 599 3020; x_wconf 84' lang='grc' dir='ltr'>αἴθυιαι</span> <span class='ocrx_word' id='word_1_239' title='bbox 617 2965 811 3044; x_wconf 75' lang='grc' dir='ltr'>τροφῆς</span> <span class='ocrx_word' id='word_1_240' title='bbox 836 2958 932 3038; x_wconf 88' lang='grc' dir='ltr'>μὲν</span> <span class='ocrx_word' id='word_1_241' title='bbox 962 2960 1050 3019; x_wconf 83' lang='grc' dir='ltr'>ἀει</span> <span class='ocrx_word' id='word_1_242' title='bbox 1070 2959 1322 3032; x_wconf 75' lang='grc' dir='ltr'>πλείστης</span> <span class='ocrx_word' id='word_1_243' title='bbox 1344 2958 1613 3041; x_wconf 74' lang='grc' dir='ltr'>ὀρέγονται</span> 
     </span>
     <span class='ocr_line' id='line_1_31' title="bbox 58 3048 1615 3129; baseline 0 -19"><span class='ocrx_word' id='word_1_244' title='bbox 58 3052 135 3110; x_wconf 80' lang='grc' dir='ltr'>καὶ</span> <span class='ocrx_word' id='word_1_245' title='bbox 158 3054 249 3111; x_wconf 82' lang='grc' dir='ltr'>οὗκ</span> <span class='ocrx_word' id='word_1_246' title='bbox 272 3051 337 3111; x_wconf 79' lang='grc' dir='ltr'>ἄν</span> <span class='ocrx_word' id='word_1_247' title='bbox 358 3074 490 3109; x_wconf 83' lang='grc' dir='ltr'>ποτε</span> <span class='ocrx_word' id='word_1_248' title='bbox 510 3050 871 3128; x_wconf 80' lang='grc' dir='ltr'>λιμώττουσαι</span> <span class='ocrx_word' id='word_1_249' title='bbox 900 3054 1209 3129; x_wconf 87' lang='grc' dir='ltr'>κορεσθεῖεν,</span> <span class='ocrx_word' id='word_1_250' title='bbox 1234 3048 1352 3118; x_wconf 76' lang='grc' dir='ltr'>τοὺς</span> <span class='ocrx_word' id='word_1_251' title='bbox 1380 3052 1427 3110; x_wconf 90' lang='grc' dir='ltr'>δ’</span> <span class='ocrx_word' id='word_1_252' title='bbox 1450 3056 1615 3111; x_wconf 84' lang='grc' dir='ltr'>ἐσθιο·</span> 
     </span>
     <span class='ocr_line' id='line_1_32' title="bbox 60 3137 1614 3219; baseline 0.002 -22"><span class='ocrx_word' id='word_1_253' title='bbox 60 3140 225 3213; x_wconf 78' lang='grc' dir='ltr'>μένους</span> <span class='ocrx_word' id='word_1_254' title='bbox 244 3138 433 3219; x_wconf 79' lang='grc' dir='ltr'>ἰχθύας</span> <span class='ocrx_word' id='word_1_255' title='bbox 450 3137 597 3207; x_wconf 71' lang='grc' dir='ltr'>εὐθὺς</span> <span class='ocrx_word' id='word_1_256' title='bbox 620 3139 706 3198; x_wconf 74' lang='grc' dir='ltr'>διὰ</span> <span class='ocrx_word' id='word_1_257' title='bbox 734 3142 828 3211; x_wconf 80' lang='grc' dir='ltr'>τ’ἥς</span> <span class='ocrx_word' id='word_1_258' title='bbox 861 3138 1016 3219; x_wconf 76' lang='grc' dir='ltr'>ἕδρας</span> <span class='ocrx_word' id='word_1_259' title='bbox 1042 3137 1381 3219; x_wconf 82' lang='grc' dir='ltr'>ἐκκρίνουσιν,</span> <span class='ocrx_word' id='word_1_260' title='bbox 1412 3142 1482 3207; x_wconf 79' lang='grc' dir='ltr'>ὥς</span> <span class='ocrx_word' id='word_1_261' title='bbox 1523 3140 1614 3200; x_wconf 74' lang='grc' dir='ltr'>καὶ</span> 
     </span>
     <span class='ocr_line' id='line_1_33' title="bbox 60 3226 1615 3307; baseline 0.001 -22"><span class='ocrx_word' id='word_1_262' title='bbox 60 3230 231 3295; x_wconf 73' lang='grc' dir='ltr'>ζῶντας</span> <span class='ocrx_word' id='word_1_263' title='bbox 266 3226 609 3305; x_wconf 80' lang='grc' dir='ltr'>ἀποπέμπειν</span> <span class='ocrx_word' id='word_1_264' title='bbox 636 3226 743 3287; x_wconf 78' lang='grc' dir='ltr'>ἔσθ’</span> <span class='ocrx_word' id='word_1_265' title='bbox 772 3227 879 3289; x_wconf 84' lang='grc' dir='ltr'>ὅτε.</span> <span class='ocrx_word' id='word_1_266' title='bbox 966 3226 1075 3287; x_wconf 80' lang='grc' dir='ltr'>Καὶ</span> <span class='ocrx_word' id='word_1_267' title='bbox 1108 3226 1265 3305; x_wconf 87' lang='grc' dir='ltr'>μόναι</span> <span class='ocrx_word' id='word_1_268' title='bbox 1292 3231 1397 3286; x_wconf 82' lang='grc' dir='ltr'>τῶν</span> <span class='ocrx_word' id='word_1_269' title='bbox 1438 3231 1615 3307; x_wconf 79' lang='grc' dir='ltr'>ἀμφι-</span> 
     </span>
     <span class='ocr_line' id='line_1_34' title="bbox 60 3314 1615 3397; baseline 0.002 -24"><span class='ocrx_word' id='word_1_270' title='bbox 60 3316 169 3375; x_wconf 64' lang='lat' dir='ltr'><strong>eie-‚v</strong></span> <span class='ocrx_word' id='word_1_271' title='bbox 206 3317 426 3397; x_wconf 79' lang='grc' dir='ltr'>ὀρνίθων</span> <span class='ocrx_word' id='word_1_272' title='bbox 460 3317 600 3376; x_wconf 74' lang='grc' dir='ltr'>κατὰ</span> <span class='ocrx_word' id='word_1_273' title='bbox 641 3316 831 3375; x_wconf 78' lang='grc' dir='ltr'>ταύτὸν</span> <span class='ocrx_word' id='word_1_274' title='bbox 863 3315 1063 3396; x_wconf 88' lang='grc' dir='ltr'>θηρωσί</span> <span class='ocrx_word' id='word_1_275' title='bbox 1101 3339 1159 3375; x_wconf 86' lang='grc' dir='ltr'>τε</span> <span class='ocrx_word' id='word_1_276' title='bbox 1200 3316 1291 3375; x_wconf 79' lang='grc' dir='ltr'>καὶ</span> <span class='ocrx_word' id='word_1_277' title='bbox 1331 3314 1582 3377; x_wconf 77' lang='grc' dir='ltr'>ἵπτανται</span> <span class='ocrx_word' id='word_1_278' title='bbox 1599 3366 1615 3393; x_wconf 86' lang='grc'>,</span> 
     </span>
     <span class='ocr_line' id='line_1_35' title="bbox 58 3403 1612 3485; baseline 0 -22"><span class='ocrx_word' id='word_1_279' title='bbox 58 3428 133 3463; x_wconf 80' lang='grc' dir='ltr'>και</span> <span class='ocrx_word' id='word_1_280' title='bbox 160 3407 389 3467; x_wconf 83' lang='grc' dir='ltr'>ἐσθίουσι</span> <span class='ocrx_word' id='word_1_281' title='bbox 420 3403 511 3464; x_wconf 76' lang='grc' dir='ltr'>καὶ</span> <span class='ocrx_word' id='word_1_282' title='bbox 541 3404 773 3481; x_wconf 85' lang='grc' dir='ltr'>μάλιστα</span> <span class='ocrx_word' id='word_1_283' title='bbox 802 3403 920 3471; x_wconf 89' lang='grc' dir='ltr'>τους</span> <span class='ocrx_word' id='word_1_284' title='bbox 942 3403 1072 3485; x_wconf 89' lang='grc' dir='ltr'>γόγγ</span> <span class='ocrx_word' id='word_1_285' title='bbox 1135 3430 1191 3471; x_wconf 89' lang='grc' dir='ltr'>υς</span> <span class='ocrx_word' id='word_1_286' title='bbox 1218 3408 1309 3463; x_wconf 82' lang='grc' dir='ltr'>καὶ</span> <span class='ocrx_word' id='word_1_287' title='bbox 1340 3404 1432 3473; x_wconf 79' lang='grc' dir='ltr'>τὰς</span> <span class='ocrx_word' id='word_1_288' title='bbox 1459 3404 1612 3485; x_wconf 83' lang='grc' dir='ltr'>ἐγχέ-</span> 
     </span>
     <span class='ocr_line' id='line_1_36' title="bbox 58 3427 1612 3575; baseline 0.003 -25"><span class='ocrx_word' id='word_1_289' title='bbox 58 3494 148 3560; x_wconf 83' lang='grc' dir='ltr'>λεις</span> <span class='ocrx_word' id='word_1_290' title='bbox 171 3518 259 3553; x_wconf 82' lang='grc' dir='ltr'>και</span> <span class='ocrx_word' id='word_1_291' title='bbox 304 3493 427 3561; x_wconf 89' lang='grc' dir='ltr'>τους</span> <span class='ocrx_word' id='word_1_292' title='bbox 467 3490 659 3561; x_wconf 80' lang='grc' dir='ltr'>ἄλλους</span> <span class='ocrx_word' id='word_1_293' title='bbox 692 3494 738 3551; x_wconf 88' lang='grc' dir='ltr'>δ’</span> <span class='ocrx_word' id='word_1_294' title='bbox 776 3492 1063 3573; x_wconf 80' lang='grc' dir='ltr'>ἶχθύας,ο</span> <span class='ocrx_word' id='word_1_295' title='bbox 977 3427 1413 3575; x_wconf 50' lang='grc' dir='ltr'>ογιῖἶρᾷὂλισθηρὸν</span> <span class='ocrx_word' id='word_1_296' title='bbox 1456 3498 1612 3571; x_wconf 80' lang='grc' dir='ltr'>σῶμα</span> 
     </span>
     <span class='ocr_line' id='line_1_37' title="bbox 61 3580 1613 3662; baseline 0.001 -23"><span class='ocrx_word' id='word_1_297' title='bbox 61 3582 109 3639; x_wconf 71' lang='grc' dir='ltr'>εὀ·</span> <span class='ocrx_word' id='word_1_298' title='bbox 110 3608 199 3644; x_wconf 81' lang='grc' dir='ltr'>τιν.</span> <span class='ocrx_word' id='word_1_299' title='bbox 286 3582 454 3643; x_wconf 74' lang='grc' dir='ltr'>Ἀλλὰ</span> <span class='ocrx_word' id='word_1_300' title='bbox 483 3582 577 3641; x_wconf 83' lang='grc' dir='ltr'>καὶ</span> <span class='ocrx_word' id='word_1_301' title='bbox 611 3580 852 3657; x_wconf 81' lang='grc' dir='ltr'>μένουσιν</span> <span class='ocrx_word' id='word_1_302' title='bbox 895 3581 980 3641; x_wconf 76' lang='grc' dir='ltr'>ἐπὶ</span> <span class='ocrx_word' id='word_1_303' title='bbox 1016 3583 1262 3641; x_wconf 87' lang='grc' dir='ltr'>πλεῖστον</span> <span class='ocrx_word' id='word_1_304' title='bbox 1302 3580 1613 3662; x_wconf 78' lang='grc' dir='ltr'>ὖποὸρύχιοι</span> 
     </span>
     <span class='ocr_line' id='line_1_38' title="bbox 62 3668 1612 3750; baseline 0.001 -23"><span class='ocrx_word' id='word_1_305' title='bbox 62 3674 334 3731; x_wconf 73' lang='grc' dir='ltr'>καταδῦσαι</span> <span class='ocrx_word' id='word_1_306' title='bbox 354 3716 372 3744; x_wconf 89' lang='grc'>,</span> <span class='ocrx_word' id='word_1_307' title='bbox 401 3670 495 3729; x_wconf 73' lang='grc' dir='ltr'>καὶ</span> <span class='ocrx_word' id='word_1_308' title='bbox 522 3669 642 3737; x_wconf 88' lang='grc' dir='ltr'>τους</span> <span class='ocrx_word' id='word_1_309' title='bbox 673 3670 857 3750; x_wconf 80' lang='grc' dir='ltr'>ἰχθύας</span> <span class='ocrx_word' id='word_1_310' title='bbox 891 3670 1186 3744; x_wconf 81' lang='grc' dir='ltr'>διώκουσιν,</span> <span class='ocrx_word' id='word_1_311' title='bbox 1213 3674 1283 3736; x_wconf 83' lang='grc' dir='ltr'>ὡς</span> <span class='ocrx_word' id='word_1_312' title='bbox 1321 3671 1551 3749; x_wconf 79' lang='grc' dir='ltr'>δελφῖνες</span> <span class='ocrx_word' id='word_1_313' title='bbox 1576 3668 1612 3741; x_wconf 80' lang='grc' dir='ltr'>ἢ</span> 
     </span>
     <span class='ocr_line' id='line_1_39' title="bbox 62 3756 1614 3835; baseline 0.001 -20"><span class='ocrx_word' id='word_1_314' title='bbox 62 3758 205 3825; x_wconf 84' lang='grc' dir='ltr'>κύνες.</span> <span class='ocrx_word' id='word_1_315' title='bbox 290 3758 457 3820; x_wconf 74' lang='grc' dir='ltr'>Ἀλλὰ</span> <span class='ocrx_word' id='word_1_316' title='bbox 498 3756 590 3817; x_wconf 81' lang='grc' dir='ltr'>καὶ</span> <span class='ocrx_word' id='word_1_317' title='bbox 632 3759 727 3817; x_wconf 77' lang='grc' dir='ltr'>οὔκ</span> <span class='ocrx_word' id='word_1_318' title='bbox 753 3760 809 3815; x_wconf 91' lang='grc' dir='ltr'>ἐν</span> <span class='ocrx_word' id='word_1_319' title='bbox 849 3758 957 3825; x_wconf 89' lang='grc' dir='ltr'>τοῖς</span> <span class='ocrx_word' id='word_1_320' title='bbox 982 3756 1237 3835; x_wconf 82' lang='grc' dir='ltr'>πελάγεσι</span> <span class='ocrx_word' id='word_1_321' title='bbox 1272 3756 1448 3835; x_wconf 87' lang='grc' dir='ltr'>μόνον,</span> <span class='ocrx_word' id='word_1_322' title='bbox 1477 3756 1614 3816; x_wconf 78' lang='grc' dir='ltr'>ἀλλὰ</span> 
     </span>
     <span class='ocr_line' id='line_1_40' title="bbox 62 3844 1615 3925; baseline 0 -22"><span class='ocrx_word' id='word_1_323' title='bbox 62 3850 137 3905; x_wconf 77' lang='grc' dir='ltr'>καὶ</span> <span class='ocrx_word' id='word_1_324' title='bbox 162 3850 211 3906; x_wconf 81' lang='grc' dir='ltr'>ἐν</span> <span class='ocrx_word' id='word_1_325' title='bbox 234 3856 356 3915; x_wconf 83' lang='grc' dir='ltr'>ταῖς</span> <span class='ocrx_word' id='word_1_326' title='bbox 376 3845 591 3925; x_wconf 82' lang='grc' dir='ltr'>λίμναις</span> <span class='ocrx_word' id='word_1_327' title='bbox 612 3844 741 3923; x_wconf 82' lang='grc' dir='ltr'>εἰσὶ,</span> <span class='ocrx_word' id='word_1_328' title='bbox 766 3844 1002 3923; x_wconf 83' lang='grc' dir='ltr'>μάλιστα</span> <span class='ocrx_word' id='word_1_329' title='bbox 1024 3844 1113 3905; x_wconf 81' lang='grc' dir='ltr'>ἐὰν</span> <span class='ocrx_word' id='word_1_330' title='bbox 1133 3845 1267 3916; x_wconf 82' lang='grc' dir='ltr'>ζάλη</span> <span class='ocrx_word' id='word_1_331' title='bbox 1292 3869 1371 3912; x_wconf 91' lang='grc' dir='ltr'>τις</span> <span class='ocrx_word' id='word_1_332' title='bbox 1394 3845 1485 3903; x_wconf 78' lang='grc' dir='ltr'>ὑπ’</span> <span class='ocrx_word' id='word_1_333' title='bbox 1504 3845 1615 3904; x_wconf 80' lang='grc' dir='ltr'>ἀνέ-</span> 
     </span>
     <span class='ocr_line' id='line_1_41' title="bbox 62 3932 1611 4018; baseline 0.002 -27"><span class='ocrx_word' id='word_1_334' title='bbox 62 3960 159 4011; x_wconf 81' lang='grc' dir='ltr'>μων</span> <span class='ocrx_word' id='word_1_335' title='bbox 184 3938 280 4018; x_wconf 75' lang='grc' dir='ltr'>ἔχῃ</span> <span class='ocrx_word' id='word_1_336' title='bbox 310 3934 412 4009; x_wconf 83' lang='grc' dir='ltr'>τὴν</span> <span class='ocrx_word' id='word_1_337' title='bbox 435 3934 706 3996; x_wconf 85' lang='grc' dir='ltr'>θάλασσαν</span> <span class='ocrx_word' id='word_1_338' title='bbox 722 3959 735 3972; x_wconf 94' lang='grc'><em>·</em></span> <span class='ocrx_word' id='word_1_339' title='bbox 759 3935 878 3993; x_wconf 86' lang='grc' dir='ltr'>τότε</span> <span class='ocrx_word' id='word_1_340' title='bbox 903 3932 1005 4014; x_wconf 74' lang='grc' dir='ltr'>γὰρ</span> <span class='ocrx_word' id='word_1_341' title='bbox 1034 3937 1129 3993; x_wconf 81' lang='grc' dir='ltr'>οὔκ</span> <span class='ocrx_word' id='word_1_342' title='bbox 1156 3934 1419 3993; x_wconf 78' lang='grc' dir='ltr'>ἐθέλουσιν</span> <span class='ocrx_word' id='word_1_343' title='bbox 1446 3936 1611 3994; x_wconf 84' lang='grc' dir='ltr'>ἐνδια-</span> 
     </span>
     <span class='ocr_line' id='line_1_42' title="bbox 60 4021 1614 4105; baseline 0 -24"><span class='ocrx_word' id='word_1_344' title='bbox 60 4024 233 4103; x_wconf 73' lang='grc' dir='ltr'>τρίὸειν</span> <span class='ocrx_word' id='word_1_345' title='bbox 282 4028 442 4105; x_wconf 79' lang='grc' dir='ltr'>αὐτῇ.</span> <span class='ocrx_word' id='word_1_346' title='bbox 531 4023 640 4085; x_wconf 74' lang='grc' dir='ltr'>Καὶ</span> <span class='ocrx_word' id='word_1_347' title='bbox 684 4021 845 4102; x_wconf 84' lang='grc' dir='ltr'>μόνας</span> <span class='ocrx_word' id='word_1_348' title='bbox 884 4022 1081 4090; x_wconf 89' lang='grc' dir='ltr'>ταύτας</span> <span class='ocrx_word' id='word_1_349' title='bbox 1122 4024 1182 4081; x_wconf 86' lang='grc' dir='ltr'>ἐκ</span> <span class='ocrx_word' id='word_1_350' title='bbox 1228 4022 1440 4082; x_wconf 88' lang='grc' dir='ltr'>πάντων</span> <span class='ocrx_word' id='word_1_351' title='bbox 1486 4022 1614 4102; x_wconf 75' lang='grc' dir='ltr'>φασὶ</span> 
     </span>
     <span class='ocr_line' id='line_1_43' title="bbox 60 4109 1613 4194; baseline 0 -25"><span class='ocrx_word' id='word_1_352' title='bbox 60 4117 147 4170; x_wconf 76' lang='grc' dir='ltr'>τῶν</span> <span class='ocrx_word' id='word_1_353' title='bbox 172 4118 385 4187; x_wconf 80' lang='grc' dir='ltr'>πτηνῶν</span> <span class='ocrx_word' id='word_1_354' title='bbox 428 4112 562 4188; x_wconf 81' lang='grc' dir='ltr'>μήτε</span> <span class='ocrx_word' id='word_1_355' title='bbox 601 4111 808 4191; x_wconf 75' lang='grc' dir='ltr'>ἀφιέναι</span> <span class='ocrx_word' id='word_1_356' title='bbox 842 4111 1042 4194; x_wconf 82' lang='grc' dir='ltr'>φωνὴν,</span> <span class='ocrx_word' id='word_1_357' title='bbox 1088 4109 1224 4189; x_wconf 84' lang='grc' dir='ltr'>μήτε</span> <span class='ocrx_word' id='word_1_358' title='bbox 1266 4110 1473 4170; x_wconf 79' lang='grc' dir='ltr'>ἀκούειν</span> <span class='ocrx_word' id='word_1_359' title='bbox 1517 4112 1613 4169; x_wconf 87' lang='grc' dir='ltr'>δύ·-</span> 
     </span>
     <span class='ocr_line' id='line_1_44' title="bbox 60 4208 246 4266; baseline 0.043 -9"><span class='ocrx_word' id='word_1_360' title='bbox 60 4208 246 4266; x_wconf 78' lang='grc' dir='ltr'>νασθαι.</span> 
     </span>
    </p>

    <p class='ocr_par' dir='ltr' id='par_1_4' title="bbox 58 4280 1613 5259">
     <span class='ocr_line' id='line_1_45' title="bbox 128 4280 1613 4399; baseline -0.001 -50"><span class='ocrx_word' id='word_1_361' title='bbox 128 4294 223 4351; x_wconf 80' lang='lat' dir='ltr'>vi.</span> <span class='ocrx_word' id='word_1_362' title='bbox 276 4290 395 4353; x_wconf 80' lang='grc' dir='ltr'>Καὶ</span> <span class='ocrx_word' id='word_1_363' title='bbox 434 4289 551 4357; x_wconf 74' lang='grc' dir='ltr'>τοὺς</span> <span class='ocrx_word' id='word_1_364' title='bbox 592 4289 924 4366; x_wconf 86' lang='grc' dir='ltr'>πελεκίνους,</span> <span class='ocrx_word' id='word_1_365' title='bbox 972 4280 1049 4357; x_wconf 76' lang='grc' dir='ltr'>οἷς</span> <span class='ocrx_word' id='word_1_366' title='bbox 1092 4291 1221 4348; x_wconf 76' lang='grc' dir='ltr'>εἰσιν</span> <span class='ocrx_word' id='word_1_367' title='bbox 1261 4291 1311 4347; x_wconf 80' lang='grc' dir='ltr'>οἱ</span> <span class='ocrx_word' id='word_1_368' title='bbox 1354 4288 1613 4399; x_wconf 82' lang='grc' dir='ltr'>τράχηλοι</span> 
     </span>
     <span class='ocr_line' id='line_1_46' title="bbox 60 4377 1613 4460; baseline 0.001 -25"><span class='ocrx_word' id='word_1_369' title='bbox 60 4402 326 4455; x_wconf 77' lang='grc' dir='ltr'>μηκιστοι,</span> <span class='ocrx_word' id='word_1_370' title='bbox 349 4384 544 4460; x_wconf 73' lang='grc' dir='ltr'>τροφῆς</span> <span class='ocrx_word' id='word_1_371' title='bbox 572 4378 683 4459; x_wconf 68' lang='grc' dir='ltr'>[χει</span> <span class='ocrx_word' id='word_1_372' title='bbox 720 4377 875 4447; x_wconf 79' lang='grc' dir='ltr'>πόθος</span> <span class='ocrx_word' id='word_1_373' title='bbox 900 4380 961 4439; x_wconf 80' lang='grc' dir='ltr'>οὗ</span> <span class='ocrx_word' id='word_1_374' title='bbox 994 4378 1178 4458; x_wconf 81' lang='grc' dir='ltr'>μείων,</span> <span class='ocrx_word' id='word_1_375' title='bbox 1212 4377 1330 4437; x_wconf 80' lang='grc' dir='ltr'>ἀλλ’</span> <span class='ocrx_word' id='word_1_376' title='bbox 1358 4382 1417 4437; x_wconf 86' lang='grc' dir='ltr'>οὐ</span> <span class='ocrx_word' id='word_1_377' title='bbox 1456 4378 1613 4437; x_wconf 76' lang='grc' dir='ltr'>παντὶ</span> 
     </span>
     <span class='ocr_line' id='line_1_47' title="bbox 59 4466 1612 4549; baseline 0.001 -26"><span class='ocrx_word' id='word_1_378' title='bbox 59 4468 179 4526; x_wconf 74' lang='grc' dir='ltr'>κατὰ</span> <span class='ocrx_word' id='word_1_379' title='bbox 206 4469 299 4535; x_wconf 87' lang='grc' dir='ltr'>τας</span> <span class='ocrx_word' id='word_1_380' title='bbox 322 4468 527 4536; x_wconf 84' lang='grc' dir='ltr'>αἶθυίας</span> <span class='ocrx_word' id='word_1_381' title='bbox 548 4471 625 4549; x_wconf 78' lang='grc' dir='ltr'>τῷ</span> <span class='ocrx_word' id='word_1_382' title='bbox 649 4466 860 4545; x_wconf 81' lang='grc' dir='ltr'>σώματι</span> <span class='ocrx_word' id='word_1_383' title='bbox 888 4467 1291 4543; x_wconf 88' lang='grc' dir='ltr'>καταδύνουσιν,</span> <span class='ocrx_word' id='word_1_384' title='bbox 1322 4468 1393 4533; x_wconf 80' lang='grc' dir='ltr'>ὣς</span> <span class='ocrx_word' id='word_1_385' title='bbox 1428 4468 1477 4524; x_wconf 77' lang='grc' dir='ltr'>οἱ</span> <span class='ocrx_word' id='word_1_386' title='bbox 1512 4489 1612 4524; x_wconf 91' lang='grc' dir='ltr'>κυ-</span> 
     </span>
     <span class='ocr_line' id='line_1_48' title="bbox 62 4546 1613 4637; baseline 0.001 -26"><span class='ocrx_word' id='word_1_387' title='bbox 62 4554 321 4624; x_wconf 68' lang='grc' dir='ltr'>Βιστῶντες</span> <span class='ocrx_word' id='word_1_388' title='bbox 345 4554 403 4615; x_wconf 79' lang='grc' dir='ltr'>δὲ</span> <span class='ocrx_word' id='word_1_389' title='bbox 422 4555 541 4623; x_wconf 78' lang='grc' dir='ltr'>τοὺς</span> <span class='ocrx_word' id='word_1_390' title='bbox 563 4553 657 4634; x_wconf 74' lang='grc' dir='ltr'>μὲν</span> <span class='ocrx_word' id='word_1_391' title='bbox 682 4556 976 4637; x_wconf 80' lang='grc' dir='ltr'>τραχήλους</span> <span class='ocrx_word' id='word_1_392' title='bbox 1003 4560 1234 4637; x_wconf 79' lang='grc' dir='ltr'>συνεχῶς</span> <span class='ocrx_word' id='word_1_393' title='bbox 1256 4560 1519 4633; x_wconf 75' lang='grc' dir='ltr'>καθιᾶσιν,</span> <span class='ocrx_word' id='word_1_394' title='bbox 1540 4546 1613 4623; x_wconf 73' lang='grc' dir='ltr'>οἷς</span> 
     </span>
     <span class='ocr_line' id='line_1_49' title="bbox 60 4643 1612 4753; baseline 0.002 -53"><span class='ocrx_word' id='word_1_395' title='bbox 60 4644 156 4701; x_wconf 80' lang='grc' dir='ltr'>ἐστι</span> <span class='ocrx_word' id='word_1_396' title='bbox 194 4650 367 4753; x_wconf 70' lang='grc' dir='ltr'>μῆκος</span> <span class='ocrx_word' id='word_1_397' title='bbox 277 4646 643 4753; x_wconf 73' lang='grc' dir='ltr'>κοςόργυιᾶς,</span> <span class='ocrx_word' id='word_1_398' title='bbox 688 4644 755 4703; x_wconf 74' lang='grc' dir='ltr'>τὰ</span> <span class='ocrx_word' id='word_1_399' title='bbox 790 4649 930 4703; x_wconf 83' lang='grc' dir='ltr'>νῶτα</span> <span class='ocrx_word' id='word_1_400' title='bbox 966 4644 1011 4703; x_wconf 82' lang='grc' dir='ltr'>δ’</span> <span class='ocrx_word' id='word_1_401' title='bbox 1050 4644 1181 4725; x_wconf 77' lang='grc' dir='ltr'>ὑπὲρ</span> <span class='ocrx_word' id='word_1_402' title='bbox 1220 4648 1313 4717; x_wconf 81' lang='grc' dir='ltr'>τῆς</span> <span class='ocrx_word' id='word_1_403' title='bbox 1344 4643 1612 4717; x_wconf 77' lang='grc' dir='ltr'>θαλάσσης</span> 
     </span>
     <span class='ocr_line' id='line_1_50' title="bbox 62 4730 1612 4801; baseline 0.002 -13"><span class='ocrx_word' id='word_1_404' title='bbox 62 4732 333 4792; x_wconf 73' lang='grc' dir='ltr'>δεικνύουσι</span> <span class='ocrx_word' id='word_1_405' title='bbox 377 4734 471 4792; x_wconf 79' lang='grc' dir='ltr'>καὶ</span> <span class='ocrx_word' id='word_1_406' title='bbox 508 4730 625 4800; x_wconf 74' lang='grc' dir='ltr'>τοὺς</span> <span class='ocrx_word' id='word_1_407' title='bbox 660 4734 1003 4801; x_wconf 76' lang='grc' dir='ltr'>ἀπαντῶντας</span> <span class='ocrx_word' id='word_1_408' title='bbox 1038 4732 1369 4793; x_wconf 84' lang='grc' dir='ltr'>κατεσθίουσι</span> <span class='ocrx_word' id='word_1_409' title='bbox 1413 4734 1612 4800; x_wconf 86' lang='grc' dir='ltr'>πάντας</span> 
     </span>
     <span class='ocr_line' id='line_1_51' title="bbox 58 4820 1611 4902; baseline 0.001 -24"><span class='ocrx_word' id='word_1_410' title='bbox 58 4822 244 4899; x_wconf 72' lang='grc' dir='ltr'>ἰχθύας,</span> <span class='ocrx_word' id='word_1_411' title='bbox 268 4820 505 4901; x_wconf 79' lang='grc' dir='ltr'>μεγίστῳ</span> <span class='ocrx_word' id='word_1_412' title='bbox 526 4820 767 4901; x_wconf 84' lang='grc' dir='ltr'>χάσματι</span> <span class='ocrx_word' id='word_1_413' title='bbox 786 4822 1213 4902; x_wconf 80' lang='grc' dir='ltr'>προσδεξάμενοι.</span> <span class='ocrx_word' id='word_1_414' title='bbox 1260 4822 1369 4882; x_wconf 84' lang='grc' dir='ltr'>Καί</span> <span class='ocrx_word' id='word_1_415' title='bbox 1390 4846 1468 4890; x_wconf 87' lang='grc' dir='ltr'>τις</span> <span class='ocrx_word' id='word_1_416' title='bbox 1487 4822 1611 4880; x_wconf 80' lang='grc' dir='ltr'>κόλ·</span> 
     </span>
     <span class='ocr_line' id='line_1_52' title="bbox 58 4908 1611 4993; baseline 0.001 -25"><span class='ocrx_word' id='word_1_417' title='bbox 58 4930 139 4977; x_wconf 76' lang='grc' dir='ltr'>πος</span> <span class='ocrx_word' id='word_1_418' title='bbox 166 4912 343 4977; x_wconf 73' lang='grc' dir='ltr'>αὐτοῖς</span> <span class='ocrx_word' id='word_1_419' title='bbox 369 4908 649 4991; x_wconf 76' lang='grc' dir='ltr'>ἐξήρτηται</span> <span class='ocrx_word' id='word_1_420' title='bbox 678 4910 783 4993; x_wconf 80' lang='grc' dir='ltr'>πρὸ</span> <span class='ocrx_word' id='word_1_421' title='bbox 807 4914 911 4970; x_wconf 82' lang='grc' dir='ltr'>τῶν</span> <span class='ocrx_word' id='word_1_422' title='bbox 936 4910 1183 4992; x_wconf 78' lang='grc' dir='ltr'>στέρνων,</span> <span class='ocrx_word' id='word_1_423' title='bbox 1210 4912 1279 4978; x_wconf 82' lang='grc' dir='ltr'>εἰς</span> <span class='ocrx_word' id='word_1_424' title='bbox 1304 4910 1358 4969; x_wconf 85' lang='grc' dir='ltr'>ὃν</span> <span class='ocrx_word' id='word_1_425' title='bbox 1398 4910 1611 4969; x_wconf 76' lang='grc' dir='ltr'>ἅπασαν</span> 
     </span>
     <span class='ocr_line' id='line_1_53' title="bbox 59 4998 1609 5081; baseline 0.001 -26"><span class='ocrx_word' id='word_1_426' title='bbox 59 5000 141 5067; x_wconf 67' lang='grc' dir='ltr'>τὴν</span> <span class='ocrx_word' id='word_1_427' title='bbox 178 4998 375 5081; x_wconf 78' lang='grc' dir='ltr'>τροφὴν</span> <span class='ocrx_word' id='word_1_428' title='bbox 414 4998 742 5078; x_wconf 83' lang='grc' dir='ltr'>ἐπειγόμενοι</span> <span class='ocrx_word' id='word_1_429' title='bbox 774 4999 906 5066; x_wconf 81' lang='grc' dir='ltr'>τέως</span> <span class='ocrx_word' id='word_1_430' title='bbox 948 5000 1328 5076; x_wconf 72' lang='grc' dir='ltr'>ἐμὸάλλουσιν,</span> <span class='ocrx_word' id='word_1_431' title='bbox 1359 4998 1475 5058; x_wconf 82' lang='grc' dir='ltr'>οὔτε</span> <span class='ocrx_word' id='word_1_432' title='bbox 1505 5003 1609 5057; x_wconf 82' lang='grc' dir='ltr'>τῶν</span> 
     </span>
     <span class='ocr_line' id='line_1_54' title="bbox 58 5086 1607 5169; baseline 0.003 -26"><span class='ocrx_word' id='word_1_433' title='bbox 58 5090 233 5145; x_wconf 78' lang='grc' dir='ltr'>κτενῶν</span> <span class='ocrx_word' id='word_1_434' title='bbox 284 5087 403 5147; x_wconf 83' lang='grc' dir='ltr'>οὔτε</span> <span class='ocrx_word' id='word_1_435' title='bbox 456 5092 559 5147; x_wconf 80' lang='grc' dir='ltr'>τῶν</span> <span class='ocrx_word' id='word_1_436' title='bbox 618 5090 858 5167; x_wconf 83' lang='grc' dir='ltr'>σκληρῶν</span> <span class='ocrx_word' id='word_1_437' title='bbox 911 5094 1057 5166; x_wconf 83' lang='grc' dir='ltr'>μυῶν</span> <span class='ocrx_word' id='word_1_438' title='bbox 1112 5086 1459 5169; x_wconf 77' lang='grc' dir='ltr'>ἀπεχόμενοι,</span> <span class='ocrx_word' id='word_1_439' title='bbox 1515 5086 1607 5147; x_wconf 77' lang='grc' dir='ltr'>σὺν</span> 
     </span>
     <span class='ocr_line' id='line_1_55' title="bbox 60 5174 1608 5259; baseline 0.002 -27"><span class='ocrx_word' id='word_1_440' title='bbox 60 5174 98 5231; x_wconf 76' lang='grc' dir='ltr'>δ’</span> <span class='ocrx_word' id='word_1_441' title='bbox 120 5178 299 5244; x_wconf 75' lang='grc' dir='ltr'>αὐταῖς</span> <span class='ocrx_word' id='word_1_442' title='bbox 326 5184 442 5245; x_wconf 86' lang='grc' dir='ltr'>ταῖς</span> <span class='ocrx_word' id='word_1_443' title='bbox 472 5176 691 5243; x_wconf 76' lang='grc' dir='ltr'>σκέπαις</span> <span class='ocrx_word' id='word_1_444' title='bbox 737 5176 865 5243; x_wconf 77' lang='grc' dir='ltr'>τέως</span> <span class='ocrx_word' id='word_1_445' title='bbox 894 5178 956 5237; x_wconf 79' lang='grc' dir='ltr'>τὸ</span> <span class='ocrx_word' id='word_1_446' title='bbox 987 5178 1283 5259; x_wconf 55' lang='grc' dir='ltr'>προστυχὸν</span> <span class='ocrx_word' id='word_1_447' title='bbox 1324 5202 1397 5234; x_wconf 85' lang='grc' dir='ltr'>ποι</span> <span class='ocrx_word' id='word_1_448' title='bbox 1405 5177 1539 5257; x_wconf 81' lang='grc' dir='ltr'>ραπέ</span> <span class='ocrx_word' id='word_1_449' title='bbox 1542 5202 1608 5253; x_wconf 80' lang='grc' dir='ltr'>μ·</span> 
     </span>
    </p>
   </div>
   <div class='ocr_carea' id='block_1_3' title="bbox 3155 375 3266 430">
    <p class='ocr_par' dir='ltr' id='par_1_5' title="bbox 3155 375 3266 430">
     <span class='ocr_line' id='line_1_56' title="bbox 3155 375 3266 430; baseline 0.018 -2"><span class='ocrx_word' id='word_1_450' title='bbox 3155 375 3266 430; x_wconf 81' lang='grc'>117</span> 
     </span>
    </p>
   </div>
   <div class='ocr_carea' id='block_1_4' title="bbox 1695 497 3286 4005">
    <p class='ocr_par' dir='ltr' id='par_1_6' title="bbox 1695 497 3285 2922">
     <span class='ocr_line' id='line_1_57' title="bbox 1758 497 3266 568; baseline 0.009 -23"><span class='ocrx_word' id='word_1_451' title='bbox 1758 497 1845 545; x_wconf 83' lang='lat' dir='ltr'>IV.</span> <span class='ocrx_word' id='word_1_452' title='bbox 1878 499 1990 546; x_wconf 81' lang='lat' dir='ltr'><strong>Lari</strong></span> <span class='ocrx_word' id='word_1_453' title='bbox 2027 497 2284 548; x_wconf 89' lang='lat' dir='ltr'><strong>bominum</strong></span> <span class='ocrx_word' id='word_1_454' title='bbox 2313 501 2634 552; x_wconf 76' lang='lat' dir='ltr'><strong>amantissimi</strong></span> <span class='ocrx_word' id='word_1_455' title='bbox 2656 503 2774 553; x_wconf 82' lang='lat' dir='ltr'><strong>sunt</strong></span> <span class='ocrx_word' id='word_1_456' title='bbox 2803 505 2852 553; x_wconf 89' lang='lat' dir='ltr'>et</span> <span class='ocrx_word' id='word_1_457' title='bbox 2873 517 3020 568; x_wconf 82' lang='lat' dir='ltr'><strong>prope</strong></span> <span class='ocrx_word' id='word_1_458' title='bbox 3037 518 3123 556; x_wconf 84' lang='lat' dir='ltr'>eos</span> <span class='ocrx_word' id='word_1_459' title='bbox 3151 510 3266 558; x_wconf 84' lang='lat' dir='ltr'><strong>tan—</strong></span> 
     </span>
     <span class='ocr_line' id='line_1_58' title="bbox 1696 581 3270 686; baseline 0.008 -24"><span class='ocrx_word' id='word_1_460' title='bbox 1696 625 1849 675; x_wconf 79' lang='lat' dir='ltr'><strong>quam</strong></span> <span class='ocrx_word' id='word_1_461' title='bbox 1866 581 2084 664; x_wconf 43' lang='lat' dir='ltr'><strong>marimo</strong></span> <span class='ocrx_word' id='word_1_462' title='bbox 2100 615 2368 666; x_wconf 69' lang='lat' dir='ltr'><strong>familiares</strong></span> <span class='ocrx_word' id='word_1_463' title='bbox 2385 619 2660 682; x_wconf 81' lang='lat' dir='ltr'><strong>versantur,</strong></span> <span class='ocrx_word' id='word_1_464' title='bbox 2679 631 2756 681; x_wconf 78' lang='lat' dir='ltr'>ac,</span> <span class='ocrx_word' id='word_1_465' title='bbox 2781 619 2864 668; x_wconf 76' lang='lat' dir='ltr'>ubi</span> <span class='ocrx_word' id='word_1_466' title='bbox 2884 619 3094 671; x_wconf 72' lang='lat' dir='ltr'><strong>viderint</strong></span> <span class='ocrx_word' id='word_1_467' title='bbox 3111 622 3270 686; x_wconf 79' lang='lat' dir='ltr'><strong>pisca-</strong></span> 
     </span>
     <span class='ocr_line' id='line_1_59' title="bbox 1695 729 3274 802; baseline 0.008 -24"><span class='ocrx_word' id='word_1_468' title='bbox 1695 729 1828 778; x_wconf 85' lang='lat' dir='ltr'><strong>tores</strong></span> <span class='ocrx_word' id='word_1_469' title='bbox 1844 729 2099 781; x_wconf 83' lang='lat' dir='ltr'><strong>extrahere</strong></span> <span class='ocrx_word' id='word_1_470' title='bbox 2117 745 2208 781; x_wconf 84' lang='lat' dir='ltr'>sua</span> <span class='ocrx_word' id='word_1_471' title='bbox 2228 731 2372 794; x_wconf 84' lang='lat' dir='ltr'><strong>retia,</strong></span> <span class='ocrx_word' id='word_1_472' title='bbox 2393 733 2683 795; x_wconf 76' lang='lat' dir='ltr'><strong>ceurpraedoe</strong></span> <span class='ocrx_word' id='word_1_473' title='bbox 2700 735 2982 799; x_wconf 77' lang='lat' dir='ltr'>participes,</span> <span class='ocrx_word' id='word_1_474' title='bbox 3005 737 3274 802; x_wconf 82' lang='lat' dir='ltr'><strong>adjungunt</strong></span> 
     </span>
     <span class='ocr_line' id='line_1_60' title="bbox 1696 850 3266 926; baseline 0.008 -27"><span class='ocrx_word' id='word_1_475' title='bbox 1696 862 1752 900; x_wconf 82' lang='lat' dir='ltr'>se</span> <span class='ocrx_word' id='word_1_476' title='bbox 1785 850 2028 901; x_wconf 73' lang='lat' dir='ltr'><strong>naviculis</strong></span> <span class='ocrx_word' id='word_1_477' title='bbox 2059 854 2110 902; x_wconf 89' lang='lat' dir='ltr'>et</span> <span class='ocrx_word' id='word_1_478' title='bbox 2143 853 2359 904; x_wconf 90' lang='lat' dir='ltr'><strong>clamore</strong></span> <span class='ocrx_word' id='word_1_479' title='bbox 2393 857 2584 918; x_wconf 84' lang='lat' dir='ltr'><strong>partem</strong></span> <span class='ocrx_word' id='word_1_480' title='bbox 2618 856 2833 919; x_wconf 78' lang='lat' dir='ltr'><strong>aliquam</strong></span> <span class='ocrx_word' id='word_1_481' title='bbox 2856 858 2950 908; x_wconf 85' lang='lat' dir='ltr'><strong>sibi</strong></span> <span class='ocrx_word' id='word_1_482' title='bbox 2989 863 3266 926; x_wconf 84' lang='lat' dir='ltr'><strong>postulant;</strong></span> 
     </span>
     <span class='ocr_line' id='line_1_61' title="bbox 1696 969 3274 1042; baseline 0.008 -22"><span class='ocrx_word' id='word_1_483' title='bbox 1696 969 1771 1020; x_wconf 87' lang='lat' dir='ltr'><strong>illi</strong></span> <span class='ocrx_word' id='word_1_484' title='bbox 1791 971 1954 1035; x_wconf 84' lang='lat' dir='ltr'><strong>pisces</strong></span> <span class='ocrx_word' id='word_1_485' title='bbox 1982 972 2174 1037; x_wconf 77' lang='lat' dir='ltr'><strong>aliquot</strong></span> <span class='ocrx_word' id='word_1_486' title='bbox 2191 973 2459 1037; x_wconf 80' lang='lat' dir='ltr'><strong>projiciunt</strong></span> <span class='ocrx_word' id='word_1_487' title='bbox 2485 991 2636 1041; x_wconf 87' lang='lat' dir='ltr'><strong>super</strong></span> <span class='ocrx_word' id='word_1_488' title='bbox 2657 991 2794 1028; x_wconf 84' lang='lat' dir='ltr'><strong>mare</strong></span> <span class='ocrx_word' id='word_1_489' title='bbox 2809 1015 2824 1042; x_wconf 90' lang='lat'><strong>,</strong></span> <span class='ocrx_word' id='word_1_490' title='bbox 2847 992 2976 1041; x_wconf 90' lang='lat' dir='ltr'><strong>quos</strong></span> <span class='ocrx_word' id='word_1_491' title='bbox 2999 982 3086 1030; x_wconf 79' lang='lat' dir='ltr'><strong>lar-i</strong></span> <span class='ocrx_word' id='word_1_492' title='bbox 3109 983 3274 1033; x_wconf 73' lang='lat' dir='ltr'><strong>statim</strong></span> 
     </span>
     <span class='ocr_line' id='line_1_62' title="bbox 1697 1082 3275 1157; baseline 0.01 -28"><span class='ocrx_word' id='word_1_493' title='bbox 1697 1083 1874 1132; x_wconf 76' lang='lat' dir='ltr'><strong>vorant</strong></span> <span class='ocrx_word' id='word_1_494' title='bbox 1893 1082 2154 1146; x_wconf 86' lang='lat' dir='ltr'><strong>irruentes,</strong></span> <span class='ocrx_word' id='word_1_495' title='bbox 2171 1086 2224 1134; x_wconf 88' lang='lat' dir='ltr'>et</span> <span class='ocrx_word' id='word_1_496' title='bbox 2242 1085 2284 1134; x_wconf 86' lang='lat' dir='ltr'>si</span> <span class='ocrx_word' id='word_1_497' title='bbox 2307 1085 2391 1148; x_wconf 89' lang='lat' dir='ltr'>qui</span> <span class='ocrx_word' id='word_1_498' title='bbox 2412 1086 2496 1136; x_wconf 88' lang='lat' dir='ltr'><strong>alii</strong></span> <span class='ocrx_word' id='word_1_499' title='bbox 2515 1085 2639 1136; x_wconf 75' lang='lat' dir='ltr'><strong>torte</strong></span> <span class='ocrx_word' id='word_1_500' title='bbox 2657 1101 2860 1151; x_wconf 84' lang='lat' dir='ltr'><strong>sagenas</strong></span> <span class='ocrx_word' id='word_1_501' title='bbox 2879 1090 3275 1157; x_wconf 80' lang='lat' dir='ltr'><strong>subterfugerint,</strong></span> 
     </span>
     <span class='ocr_line' id='line_1_63' title="bbox 1698 1194 3276 1266; baseline 0.008 -24"><span class='ocrx_word' id='word_1_502' title='bbox 1698 1195 1890 1256; x_wconf 85' lang='lat' dir='ltr'><strong>promte</strong></span> <span class='ocrx_word' id='word_1_503' title='bbox 1906 1194 2179 1257; x_wconf 80' lang='lat' dir='ltr'><strong>excipiunt.</strong></span> <span class='ocrx_word' id='word_1_504' title='bbox 2245 1197 2418 1260; x_wconf 83' lang='lat' dir='ltr'><strong>Itaque</strong></span> <span class='ocrx_word' id='word_1_505' title='bbox 2451 1197 2601 1262; x_wconf 77' lang='lat' dir='ltr'><strong>vulgo</strong></span> <span class='ocrx_word' id='word_1_506' title='bbox 2625 1198 2904 1251; x_wconf 84' lang='lat' dir='ltr'><strong>celebratur</strong></span> <span class='ocrx_word' id='word_1_507' title='bbox 2925 1203 3117 1266; x_wconf 89' lang='lat' dir='ltr'><strong>opinio,</strong></span> <span class='ocrx_word' id='word_1_508' title='bbox 3147 1204 3276 1254; x_wconf 76' lang='lat' dir='ltr'><strong>leros</strong></span> 
     </span>
     <span class='ocr_line' id='line_1_64' title="bbox 1696 1303 3280 1372; baseline 0.008 -20"><span class='ocrx_word' id='word_1_509' title='bbox 1696 1303 1821 1353; x_wconf 90' lang='lat' dir='ltr'><strong>olim</strong></span> <span class='ocrx_word' id='word_1_510' title='bbox 1848 1305 2078 1355; x_wconf 87' lang='lat' dir='ltr'><strong>homines</strong></span> <span class='ocrx_word' id='word_1_511' title='bbox 2098 1305 2277 1370; x_wconf 81' lang='lat' dir='ltr'><strong>fuisse,</strong></span> <span class='ocrx_word' id='word_1_512' title='bbox 2309 1309 2397 1370; x_wconf 89' lang='lat' dir='ltr'>qui</span> <span class='ocrx_word' id='word_1_513' title='bbox 2419 1309 2566 1372; x_wconf 85' lang='lat' dir='ltr'><strong>primi</strong></span> <span class='ocrx_word' id='word_1_514' title='bbox 2591 1311 2905 1362; x_wconf 80' lang='lat' dir='ltr'><strong>venationem</strong></span> <span class='ocrx_word' id='word_1_515' title='bbox 2935 1314 3181 1364; x_wconf 86' lang='lat' dir='ltr'><strong>marinam</strong></span> <span class='ocrx_word' id='word_1_516' title='bbox 3207 1316 3280 1366; x_wconf 87' lang='lat' dir='ltr'>in·</span> 
     </span>
     <span class='ocr_line' id='line_1_65' title="bbox 1699 1415 3278 1490; baseline 0.009 -29"><span class='ocrx_word' id='word_1_517' title='bbox 1699 1415 1955 1478; x_wconf 78' lang='lat' dir='ltr'><strong>venerint,</strong></span> <span class='ocrx_word' id='word_1_518' title='bbox 1989 1415 2198 1480; x_wconf 84' lang='lat' dir='ltr'><strong>deinde,</strong></span> <span class='ocrx_word' id='word_1_519' title='bbox 2235 1417 2308 1468; x_wconf 87' lang='lat' dir='ltr'>sic</span> <span class='ocrx_word' id='word_1_520' title='bbox 2339 1418 2622 1470; x_wconf 76' lang='lat' dir='ltr'><strong>volentibus</strong></span> <span class='ocrx_word' id='word_1_521' title='bbox 2643 1420 2769 1484; x_wconf 88' lang='lat' dir='ltr'><strong>diis,</strong></span> <span class='ocrx_word' id='word_1_522' title='bbox 2792 1421 2845 1472; x_wconf 91' lang='lat' dir='ltr'>in</span> <span class='ocrx_word' id='word_1_523' title='bbox 2883 1435 3000 1473; x_wconf 83' lang='lat' dir='ltr'><strong>aves</strong></span> <span class='ocrx_word' id='word_1_524' title='bbox 3031 1428 3278 1490; x_wconf 81' lang='lat' dir='ltr'><strong>mutatos,</strong></span> 
     </span>
     <span class='ocr_line' id='line_1_66' title="bbox 1695 1527 3282 1593; baseline 0.006 -16"><span class='ocrx_word' id='word_1_525' title='bbox 1695 1527 1834 1589; x_wconf 80' lang='lat' dir='ltr'><strong>iuxta</strong></span> <span class='ocrx_word' id='word_1_526' title='bbox 1866 1529 2016 1579; x_wconf 68' lang='lat' dir='ltr'><strong>iubes</strong></span> <span class='ocrx_word' id='word_1_527' title='bbox 2049 1532 2100 1580; x_wconf 90' lang='lat' dir='ltr'>et</span> <span class='ocrx_word' id='word_1_528' title='bbox 2133 1533 2303 1593; x_wconf 86' lang='lat' dir='ltr'><strong>portus</strong></span> <span class='ocrx_word' id='word_1_529' title='bbox 2335 1531 2600 1582; x_wconf 76' lang='lat' dir='ltr'><strong>volitantes</strong></span> <span class='ocrx_word' id='word_1_530' title='bbox 2635 1533 2817 1584; x_wconf 76' lang='lat' dir='ltr'><strong>veteris</strong></span> <span class='ocrx_word' id='word_1_531' title='bbox 2851 1535 3125 1587; x_wconf 78' lang='lat' dir='ltr'><strong>etiamnum</strong></span> <span class='ocrx_word' id='word_1_532' title='bbox 3161 1539 3282 1588; x_wconf 81' lang='lat' dir='ltr'><strong>artis</strong></span> 
     </span>
     <span class='ocr_line' id='line_1_67' title="bbox 1699 1639 3280 1708; baseline 0.006 -20"><span class='ocrx_word' id='word_1_533' title='bbox 1699 1639 2001 1690; x_wconf 75' lang='lat' dir='ltr'><strong>meminisse.</strong></span> <span class='ocrx_word' id='word_1_534' title='bbox 2068 1641 2216 1692; x_wconf 90' lang='lat' dir='ltr'><strong>Plura</strong></span> <span class='ocrx_word' id='word_1_535' title='bbox 2243 1641 2410 1691; x_wconf 78' lang='lat' dir='ltr'><strong>autem</strong></span> <span class='ocrx_word' id='word_1_536' title='bbox 2437 1655 2610 1692; x_wconf 89' lang='lat' dir='ltr'><strong>eorum</strong></span> <span class='ocrx_word' id='word_1_537' title='bbox 2644 1645 2764 1694; x_wconf 81' lang='lat' dir='ltr'><strong>sunt</strong></span> <span class='ocrx_word' id='word_1_538' title='bbox 2785 1657 2962 1708; x_wconf 88' lang='lat' dir='ltr'><strong>genera</strong></span> <span class='ocrx_word' id='word_1_539' title='bbox 2989 1665 3000 1695; x_wconf 91' lang='lat'>:</span> <span class='ocrx_word' id='word_1_540' title='bbox 3027 1647 3124 1696; x_wconf 83' lang='lat' dir='ltr'><strong>albi</strong></span> <span class='ocrx_word' id='word_1_541' title='bbox 3162 1651 3280 1698; x_wconf 85' lang='lat' dir='ltr'><strong>sunt</strong></span> 
     </span>
     <span class='ocr_line' id='line_1_68' title="bbox 1700 1749 3283 1820; baseline 0.006 -19"><span class='ocrx_word' id='word_1_542' title='bbox 1700 1749 1908 1815; x_wconf 86' lang='lat' dir='ltr'><strong>quidam</strong></span> <span class='ocrx_word' id='word_1_543' title='bbox 1942 1753 1994 1802; x_wconf 83' lang='lat' dir='ltr'>et</span> <span class='ocrx_word' id='word_1_544' title='bbox 2026 1752 2196 1816; x_wconf 84' lang='lat' dir='ltr'><strong>parvis</strong></span> <span class='ocrx_word' id='word_1_545' title='bbox 2231 1753 2480 1804; x_wconf 83' lang='lat' dir='ltr'><strong>columbis</strong></span> <span class='ocrx_word' id='word_1_546' title='bbox 2521 1753 2708 1806; x_wconf 88' lang='lat' dir='ltr'><strong>similes</strong></span> <span class='ocrx_word' id='word_1_547' title='bbox 2718 1773 2735 1818; x_wconf 87' lang='lat'>;</span> <span class='ocrx_word' id='word_1_548' title='bbox 2771 1757 2850 1807; x_wconf 77' lang='lat' dir='ltr'><strong>liis</strong></span> <span class='ocrx_word' id='word_1_549' title='bbox 2881 1757 2964 1807; x_wconf 83' lang='lat' dir='ltr'><strong>alii</strong></span> <span class='ocrx_word' id='word_1_550' title='bbox 2993 1758 3206 1820; x_wconf 79' lang='lat' dir='ltr'><strong>maiores</strong></span> <span class='ocrx_word' id='word_1_551' title='bbox 3234 1764 3283 1812; x_wconf 89' lang='lat' dir='ltr'>et</span> 
     </span>
     <span class='ocr_line' id='line_1_69' title="bbox 1702 1862 3282 1931; baseline 0.005 -19"><span class='ocrx_word' id='word_1_552' title='bbox 1702 1862 2004 1914; x_wconf 76' lang='lat' dir='ltr'><strong>robustiores</strong></span> <span class='ocrx_word' id='word_1_553' title='bbox 2025 1865 2146 1914; x_wconf 87' lang='lat' dir='ltr'><strong>sunt</strong></span> <span class='ocrx_word' id='word_1_554' title='bbox 2170 1875 2231 1914; x_wconf 84' lang='lat' dir='ltr'>ac</span> <span class='ocrx_word' id='word_1_555' title='bbox 2262 1865 2442 1929; x_wconf 90' lang='lat' dir='ltr'><strong>pennis</strong></span> <span class='ocrx_word' id='word_1_556' title='bbox 2463 1865 2768 1916; x_wconf 82' lang='lat' dir='ltr'><strong>densissimis</strong></span> <span class='ocrx_word' id='word_1_557' title='bbox 2791 1867 2987 1931; x_wconf 79' lang='lat' dir='ltr'><strong>vestiti3</strong></span> <span class='ocrx_word' id='word_1_558' title='bbox 3011 1869 3091 1918; x_wconf 83' lang='lat' dir='ltr'>his</span> <span class='ocrx_word' id='word_1_559' title='bbox 3112 1883 3282 1920; x_wconf 85' lang='lat' dir='ltr'><strong>rursus</strong></span> 
     </span>
     <span class='ocr_line' id='line_1_70' title="bbox 1700 1972 3282 2041; baseline 0.004 -19"><span class='ocrx_word' id='word_1_560' title='bbox 1700 1973 1905 2022; x_wconf 87' lang='lat' dir='ltr'><strong>tertium</strong></span> <span class='ocrx_word' id='word_1_561' title='bbox 1939 1985 2096 2035; x_wconf 83' lang='lat' dir='ltr'><strong>genus</strong></span> <span class='ocrx_word' id='word_1_562' title='bbox 2128 1972 2292 2035; x_wconf 71' lang='lat' dir='ltr'><strong>majus</strong></span> <span class='ocrx_word' id='word_1_563' title='bbox 2327 1977 2431 2037; x_wconf 84' lang='lat' dir='ltr'><strong>est,</strong></span> <span class='ocrx_word' id='word_1_564' title='bbox 2457 1974 2583 2025; x_wconf 87' lang='lat' dir='ltr'><strong>albis</strong></span> <span class='ocrx_word' id='word_1_565' title='bbox 2618 1975 2790 2026; x_wconf 83' lang='lat' dir='ltr'><strong>itidem</strong></span> <span class='ocrx_word' id='word_1_566' title='bbox 2823 1976 3027 2041; x_wconf 88' lang='lat' dir='ltr'><strong>pennis,</strong></span> <span class='ocrx_word' id='word_1_567' title='bbox 3051 1979 3282 2029; x_wconf 83' lang='lat' dir='ltr'><strong>extremis</strong></span> 
     </span>
     <span class='ocr_line' id='line_1_71' title="bbox 1703 2083 3285 2150; baseline 0.005 -17"><span class='ocrx_word' id='word_1_568' title='bbox 1703 2083 1898 2134; x_wconf 83' lang='lat' dir='ltr'><strong>tantmn</strong></span> <span class='ocrx_word' id='word_1_569' title='bbox 1923 2084 2014 2134; x_wconf 88' lang='lat' dir='ltr'><strong>alis</strong></span> <span class='ocrx_word' id='word_1_570' title='bbox 2037 2086 2088 2134; x_wconf 89' lang='lat' dir='ltr'>et</span> <span class='ocrx_word' id='word_1_571' title='bbox 2108 2085 2236 2135; x_wconf 89' lang='lat' dir='ltr'><strong>collo</strong></span> <span class='ocrx_word' id='word_1_572' title='bbox 2258 2085 2535 2149; x_wconf 83' lang='lat' dir='ltr'><strong>nigricans,</strong></span> <span class='ocrx_word' id='word_1_573' title='bbox 2553 2087 2712 2150; x_wconf 85' lang='lat' dir='ltr'><strong>iisque</strong></span> <span class='ocrx_word' id='word_1_574' title='bbox 2734 2087 2887 2138; x_wconf 87' lang='lat' dir='ltr'><strong>ceteri</strong></span> <span class='ocrx_word' id='word_1_575' title='bbox 2909 2103 3082 2140; x_wconf 76' lang='lat' dir='ltr'><strong>omnes</strong></span> <span class='ocrx_word' id='word_1_576' title='bbox 3107 2091 3200 2140; x_wconf 87' lang='lat' dir='ltr'><strong>lari</strong></span> <span class='ocrx_word' id='word_1_577' title='bbox 3224 2091 3285 2142; x_wconf 88' lang='lat' dir='ltr'>de</span> 
     </span>
     <span class='ocr_line' id='line_1_72' title="bbox 1704 2191 3281 2264; baseline 0.008 -24"><span class='ocrx_word' id='word_1_578' title='bbox 1704 2191 1900 2255; x_wconf 79' lang='lat' dir='ltr'><strong>pascuis</strong></span> <span class='ocrx_word' id='word_1_579' title='bbox 1917 2195 1968 2242; x_wconf 89' lang='lat' dir='ltr'>et</span> <span class='ocrx_word' id='word_1_580' title='bbox 1985 2193 2100 2245; x_wconf 84' lang='lat' dir='ltr'><strong>sede</strong></span> <span class='ocrx_word' id='word_1_581' title='bbox 2117 2196 2356 2258; x_wconf 84' lang='lat' dir='ltr'><strong>tanquam</strong></span> <span class='ocrx_word' id='word_1_582' title='bbox 2382 2195 2580 2258; x_wconf 85' lang='lat' dir='ltr'><strong>regibus</strong></span> <span class='ocrx_word' id='word_1_583' title='bbox 2597 2196 2882 2248; x_wconf 81' lang='lat' dir='ltr'><strong>subducunt</strong></span> <span class='ocrx_word' id='word_1_584' title='bbox 2903 2212 3014 2249; x_wconf 85' lang='lat' dir='ltr'><strong>sese</strong></span> <span class='ocrx_word' id='word_1_585' title='bbox 3034 2203 3186 2264; x_wconf 87' lang='lat' dir='ltr'><strong>atque</strong></span> <span class='ocrx_word' id='word_1_586' title='bbox 3209 2216 3281 2252; x_wconf 89' lang='lat' dir='ltr'>ce·</span> 
     </span>
     <span class='ocr_line' id='line_1_73' title="bbox 1703 2302 3285 2369; baseline 0.006 -17"><span class='ocrx_word' id='word_1_587' title='bbox 1703 2302 1844 2353; x_wconf 89' lang='lat' dir='ltr'><strong>dunt.</strong></span> <span class='ocrx_word' id='word_1_588' title='bbox 1913 2303 2288 2355; x_wconf 81' lang='lat' dir='ltr'><strong>senescentibus</strong></span> <span class='ocrx_word' id='word_1_589' title='bbox 2310 2318 2501 2369; x_wconf 88' lang='lat' dir='ltr'><strong>pennas</strong></span> <span class='ocrx_word' id='word_1_590' title='bbox 2521 2307 2767 2358; x_wconf 73' lang='lat' dir='ltr'><strong>erar-uleus</strong></span> <span class='ocrx_word' id='word_1_591' title='bbox 2789 2309 2924 2358; x_wconf 89' lang='lat' dir='ltr'><strong>color</strong></span> <span class='ocrx_word' id='word_1_592' title='bbox 2943 2309 3115 2361; x_wconf 83' lang='lat' dir='ltr'><strong>inficit.</strong></span> <span class='ocrx_word' id='word_1_593' title='bbox 3182 2315 3285 2362; x_wconf 67' lang='lat' dir='ltr'>1³oe-</span> 
     </span>
     <span class='ocr_line' id='line_1_74' title="bbox 1705 2413 3283 2487; baseline 0.006 -25"><span class='ocrx_word' id='word_1_594' title='bbox 1705 2413 1895 2464; x_wconf 82' lang='lat' dir='ltr'><strong>tificant</strong></span> <span class='ocrx_word' id='word_1_595' title='bbox 1915 2413 1968 2464; x_wconf 90' lang='lat' dir='ltr'>in</span> <span class='ocrx_word' id='word_1_596' title='bbox 1991 2415 2160 2480; x_wconf 89' lang='lat' dir='ltr'><strong>petris,</strong></span> <span class='ocrx_word' id='word_1_597' title='bbox 2178 2416 2426 2480; x_wconf 81' lang='lat' dir='ltr'><strong>praecipue</strong></span> <span class='ocrx_word' id='word_1_598' title='bbox 2444 2430 2475 2467; x_wconf 87' lang='lat' dir='ltr'><strong>a</strong></span> <span class='ocrx_word' id='word_1_599' title='bbox 2492 2416 2675 2481; x_wconf 88' lang='lat' dir='ltr'><strong>quibus</strong></span> <span class='ocrx_word' id='word_1_600' title='bbox 2694 2418 2929 2482; x_wconf 87' lang='lat' dir='ltr'><strong>potabilis</strong></span> <span class='ocrx_word' id='word_1_601' title='bbox 2943 2433 3074 2484; x_wconf 86' lang='lat' dir='ltr'><strong>aqua</strong></span> <span class='ocrx_word' id='word_1_602' title='bbox 3096 2425 3283 2487; x_wconf 80' lang='lat' dir='ltr'><strong>manat,</strong></span> 
     </span>
     <span class='ocr_line' id='line_1_75' title="bbox 1706 2525 3284 2594; baseline 0.005 -20"><span class='ocrx_word' id='word_1_603' title='bbox 1706 2527 1762 2574; x_wconf 89' lang='lat' dir='ltr'>ut</span> <span class='ocrx_word' id='word_1_604' title='bbox 1794 2525 1940 2575; x_wconf 77' lang='lat' dir='ltr'><strong>foetus</strong></span> <span class='ocrx_word' id='word_1_605' title='bbox 1973 2539 2146 2576; x_wconf 84' lang='lat' dir='ltr'><strong>eorum</strong></span> <span class='ocrx_word' id='word_1_606' title='bbox 2185 2527 2320 2577; x_wconf 78' lang='lat' dir='ltr'><strong>victu</strong></span> <span class='ocrx_word' id='word_1_607' title='bbox 2359 2528 2559 2592; x_wconf 87' lang='lat' dir='ltr'><strong>quidem</strong></span> <span class='ocrx_word' id='word_1_608' title='bbox 2590 2529 2809 2594; x_wconf 87' lang='lat' dir='ltr'><strong>marino,</strong></span> <span class='ocrx_word' id='word_1_609' title='bbox 2843 2543 2972 2594; x_wconf 81' lang='lat' dir='ltr'><strong>aqua</strong></span> <span class='ocrx_word' id='word_1_610' title='bbox 3001 2545 3118 2582; x_wconf 76' lang='lat' dir='ltr'><strong>vero</strong></span> <span class='ocrx_word' id='word_1_611' title='bbox 3147 2532 3284 2582; x_wconf 87' lang='lat' dir='ltr'><strong>dulci</strong></span> 
     </span>
     <span class='ocr_line' id='line_1_76' title="bbox 1708 2635 3282 2704; baseline 0.005 -21"><span class='ocrx_word' id='word_1_612' title='bbox 1708 2635 1928 2698; x_wconf 84' lang='lat' dir='ltr'><strong>utantur,</strong></span> <span class='ocrx_word' id='word_1_613' title='bbox 1962 2635 2124 2686; x_wconf 89' lang='lat' dir='ltr'><strong>donec</strong></span> <span class='ocrx_word' id='word_1_614' title='bbox 2145 2635 2300 2687; x_wconf 84' lang='lat' dir='ltr'><strong>adulti</strong></span> <span class='ocrx_word' id='word_1_615' title='bbox 2322 2637 2466 2688; x_wconf 85' lang='lat' dir='ltr'><strong>nidos</strong></span> <span class='ocrx_word' id='word_1_616' title='bbox 2487 2638 2764 2702; x_wconf 79' lang='lat' dir='ltr'><strong>relinquere</strong></span> <span class='ocrx_word' id='word_1_617' title='bbox 2795 2639 3013 2703; x_wconf 83' lang='lat' dir='ltr'><strong>possint,</strong></span> <span class='ocrx_word' id='word_1_618' title='bbox 3037 2654 3136 2704; x_wconf 89' lang='lat' dir='ltr'>quo</span> <span class='ocrx_word' id='word_1_619' title='bbox 3156 2644 3282 2691; x_wconf 89' lang='lat' dir='ltr'><strong>tem-</strong></span> 
     </span>
     <span class='ocr_line' id='line_1_77' title="bbox 1706 2743 3280 2810; baseline 0.005 -17"><span class='ocrx_word' id='word_1_620' title='bbox 1706 2757 1825 2808; x_wconf 87' lang='lat' dir='ltr'><strong>pore</strong></span> <span class='ocrx_word' id='word_1_621' title='bbox 1841 2743 1946 2806; x_wconf 77' lang='lat' dir='ltr'>Jam</span> <span class='ocrx_word' id='word_1_622' title='bbox 1968 2744 2081 2795; x_wconf 87' lang='lat' dir='ltr'><strong>cibo</strong></span> <span class='ocrx_word' id='word_1_623' title='bbox 2111 2745 2262 2796; x_wconf 84' lang='lat' dir='ltr'><strong>simul</strong></span> <span class='ocrx_word' id='word_1_624' title='bbox 2283 2759 2344 2796; x_wconf 87' lang='lat' dir='ltr'>ac</span> <span class='ocrx_word' id='word_1_625' title='bbox 2367 2749 2489 2810; x_wconf 86' lang='lat' dir='ltr'><strong>potu</strong></span> <span class='ocrx_word' id='word_1_626' title='bbox 2507 2761 2569 2797; x_wconf 83' lang='lat' dir='ltr'>ex</span> <span class='ocrx_word' id='word_1_627' title='bbox 2605 2748 2732 2798; x_wconf 89' lang='lat' dir='ltr'><strong>mari</strong></span> <span class='ocrx_word' id='word_1_628' title='bbox 2755 2751 2983 2800; x_wconf 82' lang='lat' dir='ltr'><strong>utuntur.</strong></span> <span class='ocrx_word' id='word_1_629' title='bbox 3051 2751 3194 2809; x_wconf 86' lang='lat' dir='ltr'><strong>Quod</strong></span> <span class='ocrx_word' id='word_1_630' title='bbox 3219 2752 3280 2801; x_wconf 83' lang='lat' dir='ltr'><strong>ad</strong></span> 
     </span>
     <span class='ocr_line' id='line_1_78' title="bbox 1706 2856 3102 2922; baseline 0.004 -17"><span class='ocrx_word' id='word_1_631' title='bbox 1706 2856 1908 2906; x_wconf 79' lang='lat' dir='ltr'><strong>natandi</strong></span> <span class='ocrx_word' id='word_1_632' title='bbox 1931 2857 2272 2922; x_wconf 77' lang='lat' dir='ltr'><strong>velocitatem,</strong></span> <span class='ocrx_word' id='word_1_633' title='bbox 2293 2857 2377 2907; x_wconf 81' lang='lat' dir='ltr'>vix</span> <span class='ocrx_word' id='word_1_634' title='bbox 2402 2857 2511 2908; x_wconf 85' lang='lat' dir='ltr'><strong>avis</strong></span> <span class='ocrx_word' id='word_1_635' title='bbox 2529 2859 2632 2909; x_wconf 84' lang='lat' dir='ltr'><strong>nlla</strong></span> <span class='ocrx_word' id='word_1_636' title='bbox 2653 2860 2756 2910; x_wconf 88' lang='lat' dir='ltr'><strong>laro</strong></span> <span class='ocrx_word' id='word_1_637' title='bbox 2778 2860 3102 2912; x_wconf 82' lang='lat' dir='ltr'><strong>contenderit.</strong></span> 
     </span>
    </p>

    <p class='ocr_par' dir='ltr' id='par_1_7' title="bbox 1704 2970 3286 4005">
     <span class='ocr_line' id='line_1_79' title="bbox 1767 2970 3286 3038; baseline 0.004 -20"><span class='ocrx_word' id='word_1_638' title='bbox 1767 2972 1830 3019; x_wconf 79' lang='lat' dir='ltr'>V.</span> <span class='ocrx_word' id='word_1_639' title='bbox 1868 2970 2020 3032; x_wconf 80' lang='lat' dir='ltr'><strong>Mergi</strong></span> <span class='ocrx_word' id='word_1_640' title='bbox 2051 2984 2246 3035; x_wconf 85' lang='lat' dir='ltr'><strong>semper</strong></span> <span class='ocrx_word' id='word_1_641' title='bbox 2281 2971 2550 3021; x_wconf 79' lang='lat' dir='ltr'><strong>maximam</strong></span> <span class='ocrx_word' id='word_1_642' title='bbox 2581 2972 2678 3022; x_wconf 89' lang='lat' dir='ltr'><strong>cibi</strong></span> <span class='ocrx_word' id='word_1_643' title='bbox 2709 2972 2904 3035; x_wconf 81' lang='lat' dir='ltr'><strong>copiam</strong></span> <span class='ocrx_word' id='word_1_644' title='bbox 2935 2975 3172 3038; x_wconf 80' lang='lat' dir='ltr'><strong>expetunt</strong></span> <span class='ocrx_word' id='word_1_645' title='bbox 3195 2988 3286 3025; x_wconf 84' lang='lat' dir='ltr'>nec</span> 
     </span>
     <span class='ocr_line' id='line_1_80' title="bbox 1704 3091 3278 3156; baseline 0.001 -15"><span class='ocrx_word' id='word_1_646' title='bbox 1704 3091 1972 3142; x_wconf 58' lang='lat' dir='ltr'><strong>esur-intes</strong></span> <span class='ocrx_word' id='word_1_647' title='bbox 2004 3104 2221 3154; x_wconf 82' lang='lat' dir='ltr'><strong>unquam</strong></span> <span class='ocrx_word' id='word_1_648' title='bbox 2245 3092 2412 3141; x_wconf 78' lang='lat' dir='ltr'><strong>satiari</strong></span> <span class='ocrx_word' id='word_1_649' title='bbox 2445 3094 2669 3155; x_wconf 77' lang='lat' dir='ltr'><strong>possimt.</strong></span> <span class='ocrx_word' id='word_1_650' title='bbox 2733 3092 2898 3143; x_wconf 84' lang='lat' dir='ltr'><strong>Pisces</strong></span> <span class='ocrx_word' id='word_1_651' title='bbox 2927 3094 3140 3156; x_wconf 87' lang='lat' dir='ltr'><strong>ingestos</strong></span> <span class='ocrx_word' id='word_1_652' title='bbox 3165 3108 3278 3143; x_wconf 78' lang='lat' dir='ltr'>mox</span> 
     </span>
     <span class='ocr_line' id='line_1_81' title="bbox 1705 3211 3282 3277; baseline 0.001 -14"><span class='ocrx_word' id='word_1_653' title='bbox 1705 3214 1816 3263; x_wconf 76' lang='lat' dir='ltr'><strong>alvo</strong></span> <span class='ocrx_word' id='word_1_654' title='bbox 1836 3212 2067 3276; x_wconf 86' lang='lat' dir='ltr'><strong>reddunt,</strong></span> <span class='ocrx_word' id='word_1_655' title='bbox 2091 3214 2238 3277; x_wconf 82' lang='lat' dir='ltr'><strong>atque</strong></span> <span class='ocrx_word' id='word_1_656' title='bbox 2253 3211 2402 3263; x_wconf 84' lang='lat' dir='ltr'><strong>etiam</strong></span> <span class='ocrx_word' id='word_1_657' title='bbox 2422 3212 2566 3263; x_wconf 78' lang='lat' dir='ltr'><strong>vivos</strong></span> <span class='ocrx_word' id='word_1_658' title='bbox 2582 3226 2972 3277; x_wconf 83' lang='lat' dir='ltr'><strong>nonnumquam.</strong></span> <span class='ocrx_word' id='word_1_659' title='bbox 3039 3214 3140 3264; x_wconf 89' lang='lat' dir='ltr'><strong>Soli</strong></span> <span class='ocrx_word' id='word_1_660' title='bbox 3158 3215 3282 3265; x_wconf 81' lang='lat' dir='ltr'><strong>inter</strong></span> 
     </span>
     <span class='ocr_line' id='line_1_82' title="bbox 1704 3333 3285 3398; baseline 0.001 -15"><span class='ocrx_word' id='word_1_661' title='bbox 1704 3334 1980 3398; x_wconf 84' lang='lat' dir='ltr'><strong>amphibius</strong></span> <span class='ocrx_word' id='word_1_662' title='bbox 1996 3346 2110 3385; x_wconf 82' lang='lat' dir='ltr'><strong>aves</strong></span> <span class='ocrx_word' id='word_1_663' title='bbox 2127 3333 2380 3384; x_wconf 80' lang='lat' dir='ltr'><strong>volitando</strong></span> <span class='ocrx_word' id='word_1_664' title='bbox 2397 3333 2654 3398; x_wconf 84' lang='lat' dir='ltr'><strong>piscantur</strong></span> <span class='ocrx_word' id='word_1_665' title='bbox 2669 3334 2742 3384; x_wconf 80' lang='lat' dir='ltr'>ita</span> <span class='ocrx_word' id='word_1_666' title='bbox 2752 3369 2769 3396; x_wconf 88' lang='lat'>‚</span> <span class='ocrx_word' id='word_1_667' title='bbox 2787 3336 2844 3383; x_wconf 88' lang='lat' dir='ltr'>ut</span> <span class='ocrx_word' id='word_1_668' title='bbox 2860 3334 3006 3385; x_wconf 88' lang='lat' dir='ltr'><strong>simul</strong></span> <span class='ocrx_word' id='word_1_669' title='bbox 3025 3335 3285 3398; x_wconf 86' lang='lat' dir='ltr'><strong>utrumque</strong></span> 
     </span>
     <span class='ocr_line' id='line_1_83' title="bbox 1706 3454 3285 3520; baseline 0.001 -15"><span class='ocrx_word' id='word_1_670' title='bbox 1706 3455 1903 3505; x_wconf 74' lang='lat' dir='ltr'><strong>faciant.</strong></span> <span class='ocrx_word' id='word_1_671' title='bbox 1968 3457 2188 3519; x_wconf 83' lang='lat' dir='ltr'><strong>congros</strong></span> <span class='ocrx_word' id='word_1_672' title='bbox 2223 3454 2480 3520; x_wconf 85' lang='lat' dir='ltr'><strong>inprimis,</strong></span> <span class='ocrx_word' id='word_1_673' title='bbox 2503 3454 2738 3519; x_wconf 78' lang='lat' dir='ltr'><strong>anguillas</strong></span> <span class='ocrx_word' id='word_1_674' title='bbox 2758 3456 2810 3506; x_wconf 82' lang='lat' dir='ltr'>et</span> <span class='ocrx_word' id='word_1_675' title='bbox 2839 3455 3051 3519; x_wconf 86' lang='lat' dir='ltr'><strong>reliquos</strong></span> <span class='ocrx_word' id='word_1_676' title='bbox 3072 3456 3285 3506; x_wconf 85' lang='lat' dir='ltr'><strong>lubricos</strong></span> 
     </span>
     <span class='ocr_line' id='line_1_84' title="bbox 1705 3576 3283 3642; baseline 0 -16"><span class='ocrx_word' id='word_1_677' title='bbox 1705 3576 1867 3642; x_wconf 85' lang='lat' dir='ltr'><strong>pisces</strong></span> <span class='ocrx_word' id='word_1_678' title='bbox 1891 3576 2183 3640; x_wconf 87' lang='lat' dir='ltr'><strong>deglutiunt.</strong></span> <span class='ocrx_word' id='word_1_679' title='bbox 2249 3577 2520 3627; x_wconf 79' lang='lat' dir='ltr'><strong>Urinantm·</strong></span> <span class='ocrx_word' id='word_1_680' title='bbox 2540 3578 2592 3627; x_wconf 82' lang='lat' dir='ltr'>et</span> <span class='ocrx_word' id='word_1_681' title='bbox 2611 3576 2705 3627; x_wconf 88' lang='lat' dir='ltr'>sub</span> <span class='ocrx_word' id='word_1_682' title='bbox 2740 3589 2866 3641; x_wconf 84' lang='lat' dir='ltr'><strong>aqua</strong></span> <span class='ocrx_word' id='word_1_683' title='bbox 2885 3578 3084 3627; x_wconf 85' lang='lat' dir='ltr'><strong>manent</strong></span> <span class='ocrx_word' id='word_1_684' title='bbox 3101 3576 3283 3627; x_wconf 84' lang='lat' dir='ltr'><strong>diutis-</strong></span> 
     </span>
     <span class='ocr_line' id='line_1_85' title="bbox 1706 3698 3285 3763; baseline -0.001 -14"><span class='ocrx_word' id='word_1_685' title='bbox 1706 3700 1858 3762; x_wconf 85' lang='lat' dir='ltr'><strong>sime,</strong></span> <span class='ocrx_word' id='word_1_686' title='bbox 1901 3701 2046 3763; x_wconf 79' lang='lat' dir='ltr'><strong>atqne</strong></span> <span class='ocrx_word' id='word_1_687' title='bbox 2090 3699 2251 3762; x_wconf 88' lang='lat' dir='ltr'><strong>pisces</strong></span> <span class='ocrx_word' id='word_1_688' title='bbox 2285 3699 2632 3763; x_wconf 85' lang='lat' dir='ltr'><strong>delphinorum</strong></span> <span class='ocrx_word' id='word_1_689' title='bbox 2665 3700 2734 3751; x_wconf 85' lang='lat' dir='ltr'>et.</span> <span class='ocrx_word' id='word_1_690' title='bbox 2757 3698 3096 3749; x_wconf 84' lang='lat' dir='ltr'><strong>canicularum</strong></span> <span class='ocrx_word' id='word_1_691' title='bbox 3133 3698 3285 3748; x_wconf 82' lang='lat' dir='ltr'><strong>instar</strong></span> 
     </span>
     <span class='ocr_line' id='line_1_86' title="bbox 1705 3812 3280 3884; baseline 0 -15"><span class='ocrx_word' id='word_1_692' title='bbox 1705 3822 2080 3883; x_wconf 85' lang='lat' dir='ltr'><strong>persequuntur.</strong></span> <span class='ocrx_word' id='word_1_693' title='bbox 2145 3823 2256 3871; x_wconf 84' lang='lat' dir='ltr'>Non</span> <span class='ocrx_word' id='word_1_694' title='bbox 2277 3820 2332 3871; x_wconf 89' lang='lat' dir='ltr'>in</span> <span class='ocrx_word' id='word_1_695' title='bbox 2350 3820 2522 3884; x_wconf 84' lang='lat' dir='ltr'><strong>pelago</strong></span> <span class='ocrx_word' id='word_1_696' title='bbox 2539 3812 2719 3882; x_wconf 81' lang='lat' dir='ltr'><strong>solnm,</strong></span> <span class='ocrx_word' id='word_1_697' title='bbox 2745 3818 2832 3870; x_wconf 85' lang='lat' dir='ltr'>sed</span> <span class='ocrx_word' id='word_1_698' title='bbox 2849 3818 3113 3882; x_wconf 88' lang='lat' dir='ltr'><strong>paludibus</strong></span> <span class='ocrx_word' id='word_1_699' title='bbox 3133 3818 3280 3869; x_wconf 86' lang='lat' dir='ltr'><strong>etiam</strong></span> 
     </span>
     <span class='ocr_line' id='line_1_87' title="bbox 1706 3940 3283 4005; baseline -0.001 -14"><span class='ocrx_word' id='word_1_700' title='bbox 1706 3944 1980 4005; x_wconf 82' lang='lat' dir='ltr'><strong>versantur,</strong></span> <span class='ocrx_word' id='word_1_701' title='bbox 2003 3945 2112 3993; x_wconf 87' lang='lat' dir='ltr'>tum</span> <span class='ocrx_word' id='word_1_702' title='bbox 2147 3942 2360 3993; x_wconf 86' lang='lat' dir='ltr'><strong>maxime</strong></span> <span class='ocrx_word' id='word_1_703' title='bbox 2373 3978 2388 4005; x_wconf 92' lang='lat'><strong>,</strong></span> <span class='ocrx_word' id='word_1_704' title='bbox 2421 3955 2537 3992; x_wconf 90' lang='lat' dir='ltr'>cum</span> <span class='ocrx_word' id='word_1_705' title='bbox 2569 3941 2648 3991; x_wconf 79' lang='lat' dir='ltr'>vis</span> <span class='ocrx_word' id='word_1_706' title='bbox 2673 3940 2832 4004; x_wconf 82' lang='lat' dir='ltr'><strong>aliqua</strong></span> <span class='ocrx_word' id='word_1_707' title='bbox 2865 3943 3120 3991; x_wconf 82' lang='lat' dir='ltr'><strong>ventorum</strong></span> <span class='ocrx_word' id='word_1_708' title='bbox 3147 3952 3283 3989; x_wconf 84' lang='lat' dir='ltr'><strong>mare</strong></span> 
     </span>
    </p>
   </div>
   <div class='ocr_carea' id='block_1_5' title="bbox 1701 4060 3283 5244">
    <p class='ocr_par' dir='ltr' id='par_1_8' title="bbox 1704 4060 3281 4240">
     <span class='ocr_line' id='line_1_88' title="bbox 1706 4060 3281 4127; baseline -0.002 -15"><span class='ocrx_word' id='word_1_709' title='bbox 1706 4063 1936 4127; x_wconf 76' lang='lat' dir='ltr'><strong>infestat3</strong></span> <span class='ocrx_word' id='word_1_710' title='bbox 1953 4064 2073 4114; x_wconf 87' lang='lat' dir='ltr'><strong>tunc</strong></span> <span class='ocrx_word' id='word_1_711' title='bbox 2090 4064 2224 4114; x_wconf 89' lang='lat' dir='ltr'><strong>enim</strong></span> <span class='ocrx_word' id='word_1_712' title='bbox 2243 4062 2496 4113; x_wconf 82' lang='lat' dir='ltr'><strong>immorari</strong></span> <span class='ocrx_word' id='word_1_713' title='bbox 2513 4062 2568 4112; x_wconf 86' lang='lat' dir='ltr'>in</span> <span class='ocrx_word' id='word_1_714' title='bbox 2585 4074 2647 4112; x_wconf 86' lang='lat' dir='ltr'>eo</span> <span class='ocrx_word' id='word_1_715' title='bbox 2681 4062 2869 4111; x_wconf 87' lang='lat' dir='ltr'><strong>nolunt.</strong></span> <span class='ocrx_word' id='word_1_716' title='bbox 2921 4064 3023 4112; x_wconf 83' lang='lat' dir='ltr'>Has</span> <span class='ocrx_word' id='word_1_717' title='bbox 3041 4060 3094 4111; x_wconf 91' lang='lat' dir='ltr'>in</span> <span class='ocrx_word' id='word_1_718' title='bbox 3113 4060 3281 4111; x_wconf 86' lang='lat' dir='ltr'><strong>avium</strong></span> 
     </span>
     <span class='ocr_line' id='line_1_89' title="bbox 1704 4146 3053 4240; baseline 0 -12"><span class='ocrx_word' id='word_1_719' title='bbox 1704 4192 1884 4240; x_wconf 82' lang='lat' dir='ltr'><strong>genere</strong></span> <span class='ocrx_word' id='word_1_720' title='bbox 1903 4179 2032 4227; x_wconf 82' lang='lat' dir='ltr'><strong>solas</strong></span> <span class='ocrx_word' id='word_1_721' title='bbox 2049 4191 2225 4228; x_wconf 80' lang='lat' dir='ltr'><strong>vocem</strong></span> <span class='ocrx_word' id='word_1_722' title='bbox 2241 4146 2467 4229; x_wconf 65' lang='lat' dir='ltr'><strong>emittere</strong></span> <span class='ocrx_word' id='word_1_723' title='bbox 2492 4178 2579 4228; x_wconf 83' lang='lat' dir='ltr'>ant</span> <span class='ocrx_word' id='word_1_724' title='bbox 2593 4176 2844 4240; x_wconf 78' lang='lat' dir='ltr'><strong>percipere</strong></span> <span class='ocrx_word' id='word_1_725' title='bbox 2859 4178 3053 4240; x_wconf 83' lang='lat' dir='ltr'><strong>negant.</strong></span> 
     </span>
    </p>

    <p class='ocr_par' dir='ltr' id='par_1_9' title="bbox 1701 4292 3283 5244">
     <span class='ocr_line' id='line_1_90' title="bbox 1768 4292 3283 4358; baseline 0.002 -15"><span class='ocrx_word' id='word_1_726' title='bbox 1768 4297 1855 4345; x_wconf 90' lang='lat' dir='ltr'>v1.</span> <span class='ocrx_word' id='word_1_727' title='bbox 1887 4293 2123 4356; x_wconf 81' lang='lat' dir='ltr'><strong>Peleoini,</strong></span> <span class='ocrx_word' id='word_1_728' title='bbox 2138 4294 2222 4357; x_wconf 88' lang='lat' dir='ltr'>qui</span> <span class='ocrx_word' id='word_1_729' title='bbox 2237 4292 2574 4356; x_wconf 83' lang='lat' dir='ltr'><strong>longissimum</strong></span> <span class='ocrx_word' id='word_1_730' title='bbox 2586 4293 2770 4345; x_wconf 83' lang='lat' dir='ltr'><strong>habent</strong></span> <span class='ocrx_word' id='word_1_731' title='bbox 2783 4293 2986 4358; x_wconf 88' lang='lat' dir='ltr'><strong>collum,</strong></span> <span class='ocrx_word' id='word_1_732' title='bbox 2999 4308 3100 4353; x_wconf 87' lang='lat' dir='ltr'>non</span> <span class='ocrx_word' id='word_1_733' title='bbox 3117 4294 3283 4346; x_wconf 83' lang='lat' dir='ltr'><strong>minus</strong></span> 
     </span>
     <span class='ocr_line' id='line_1_91' title="bbox 1704 4407 3280 4471; baseline 0 -14"><span class='ocrx_word' id='word_1_734' title='bbox 1704 4420 1856 4471; x_wconf 86' lang='lat' dir='ltr'><strong>quam</strong></span> <span class='ocrx_word' id='word_1_735' title='bbox 1879 4407 2034 4469; x_wconf 86' lang='lat' dir='ltr'><strong>mergi</strong></span> <span class='ocrx_word' id='word_1_736' title='bbox 2060 4420 2286 4469; x_wconf 59' lang='lat' dir='ltr'><strong>voraces,</strong></span> <span class='ocrx_word' id='word_1_737' title='bbox 2311 4420 2408 4457; x_wconf 89' lang='lat' dir='ltr'>non</span> <span class='ocrx_word' id='word_1_738' title='bbox 2427 4408 2534 4457; x_wconf 88' lang='lat' dir='ltr'><strong>toto</strong></span> <span class='ocrx_word' id='word_1_739' title='bbox 2550 4409 2716 4457; x_wconf 87' lang='lat' dir='ltr'><strong>tamen</strong></span> <span class='ocrx_word' id='word_1_740' title='bbox 2735 4420 2938 4471; x_wconf 83' lang='lat' dir='ltr'><strong>corpore</strong></span> <span class='ocrx_word' id='word_1_741' title='bbox 2969 4409 3280 4471; x_wconf 82' lang='lat' dir='ltr'><strong>merguntur,</strong></span> 
     </span>
     <span class='ocr_line' id='line_1_92' title="bbox 1704 4516 3282 4581; baseline -0.002 -12"><span class='ocrx_word' id='word_1_742' title='bbox 1704 4517 1787 4569; x_wconf 84' lang='lat' dir='ltr'>sed</span> <span class='ocrx_word' id='word_1_743' title='bbox 1812 4518 1869 4567; x_wconf 87' lang='lat' dir='ltr'>ut</span> <span class='ocrx_word' id='word_1_744' title='bbox 1887 4517 2048 4567; x_wconf 82' lang='lat' dir='ltr'><strong>solent</strong></span> <span class='ocrx_word' id='word_1_745' title='bbox 2065 4516 2223 4580; x_wconf 65' lang='lat' dir='ltr'><strong>quise</strong></span> <span class='ocrx_word' id='word_1_746' title='bbox 2241 4516 2292 4566; x_wconf 85' lang='lat' dir='ltr'>in</span> <span class='ocrx_word' id='word_1_747' title='bbox 2311 4518 2458 4580; x_wconf 88' lang='lat' dir='ltr'><strong>caput</strong></span> <span class='ocrx_word' id='word_1_748' title='bbox 2477 4516 2755 4581; x_wconf 78' lang='lat' dir='ltr'><strong>praecipites</strong></span> <span class='ocrx_word' id='word_1_749' title='bbox 2767 4516 2993 4580; x_wconf 78' lang='lat' dir='ltr'><strong>volvunt,</strong></span> <span class='ocrx_word' id='word_1_750' title='bbox 3012 4517 3158 4581; x_wconf 86' lang='lat' dir='ltr'><strong>colla,</strong></span> <span class='ocrx_word' id='word_1_751' title='bbox 3178 4518 3282 4581; x_wconf 89' lang='lat' dir='ltr'><strong>qui-</strong></span> 
     </span>
     <span class='ocr_line' id='line_1_93' title="bbox 1705 4628 3279 4694; baseline -0.002 -13"><span class='ocrx_word' id='word_1_752' title='bbox 1705 4631 1799 4681; x_wconf 87' lang='lat' dir='ltr'>bus</span> <span class='ocrx_word' id='word_1_753' title='bbox 1814 4632 1948 4681; x_wconf 79' lang='lat' dir='ltr'><strong>ulnae</strong></span> <span class='ocrx_word' id='word_1_754' title='bbox 1975 4630 2247 4694; x_wconf 85' lang='lat' dir='ltr'><strong>proceritas</strong></span> <span class='ocrx_word' id='word_1_755' title='bbox 2273 4631 2368 4692; x_wconf 85' lang='lat' dir='ltr'><strong>est,</strong></span> <span class='ocrx_word' id='word_1_756' title='bbox 2381 4628 2590 4680; x_wconf 86' lang='lat' dir='ltr'><strong>subinde</strong></span> <span class='ocrx_word' id='word_1_757' title='bbox 2606 4629 2895 4692; x_wconf 82' lang='lat' dir='ltr'><strong>demittunt,</strong></span> <span class='ocrx_word' id='word_1_758' title='bbox 2906 4629 3068 4680; x_wconf 87' lang='lat' dir='ltr'><strong>dorsis</strong></span> <span class='ocrx_word' id='word_1_759' title='bbox 3083 4628 3279 4679; x_wconf 89' lang='lat' dir='ltr'><strong>interim</strong></span> 
     </span>
     <span class='ocr_line' id='line_1_94' title="bbox 1703 4738 3275 4805; baseline -0.003 -14"><span class='ocrx_word' id='word_1_760' title='bbox 1703 4754 1850 4805; x_wconf 88' lang='lat' dir='ltr'><strong>supra</strong></span> <span class='ocrx_word' id='word_1_761' title='bbox 1862 4754 1998 4791; x_wconf 84' lang='lat' dir='ltr'><strong>mare</strong></span> <span class='ocrx_word' id='word_1_762' title='bbox 2008 4739 2416 4804; x_wconf 82' lang='lat' dir='ltr'><strong>prominentibus.</strong></span> <span class='ocrx_word' id='word_1_763' title='bbox 2485 4738 2671 4789; x_wconf 79' lang='lat' dir='ltr'><strong>Piscem</strong></span> <span class='ocrx_word' id='word_1_764' title='bbox 2695 4738 2900 4789; x_wconf 80' lang='lat' dir='ltr'><strong>obvium</strong></span> <span class='ocrx_word' id='word_1_765' title='bbox 2915 4752 3160 4803; x_wconf 86' lang='lat' dir='ltr'><strong>quemque</strong></span> <span class='ocrx_word' id='word_1_766' title='bbox 3175 4751 3275 4787; x_wconf 85' lang='lat' dir='ltr'>am-</span> 
     </span>
     <span class='ocr_line' id='line_1_95' title="bbox 1702 4848 3280 4917; baseline -0.003 -14"><span class='ocrx_word' id='word_1_767' title='bbox 1702 4853 1936 4917; x_wconf 85' lang='lat' dir='ltr'><strong>plissimis</strong></span> <span class='ocrx_word' id='word_1_768' title='bbox 1951 4850 2173 4903; x_wconf 79' lang='lat' dir='ltr'><strong>saucibus</strong></span> <span class='ocrx_word' id='word_1_769' title='bbox 2186 4851 2448 4914; x_wconf 86' lang='lat' dir='ltr'><strong>exceptum</strong></span> <span class='ocrx_word' id='word_1_770' title='bbox 2462 4848 2719 4899; x_wconf 76' lang='lat' dir='ltr'><strong>devorant.</strong></span> <span class='ocrx_word' id='word_1_771' title='bbox 2787 4848 2934 4899; x_wconf 84' lang='lat' dir='ltr'><strong>Sinus</strong></span> <span class='ocrx_word' id='word_1_772' title='bbox 2951 4848 3152 4912; x_wconf 86' lang='lat' dir='ltr'><strong>quidam</strong></span> <span class='ocrx_word' id='word_1_773' title='bbox 3166 4850 3280 4899; x_wconf 84' lang='lat' dir='ltr'><strong>ante</strong></span> 
     </span>
     <span class='ocr_line' id='line_1_96' title="bbox 1702 4959 3276 5027; baseline -0.003 -14"><span class='ocrx_word' id='word_1_774' title='bbox 1702 4966 1873 5027; x_wconf 85' lang='lat' dir='ltr'><strong>pectus</strong></span> <span class='ocrx_word' id='word_1_775' title='bbox 1894 4962 2138 5025; x_wconf 83' lang='lat' dir='ltr'><strong>dependet</strong></span> <span class='ocrx_word' id='word_1_776' title='bbox 2149 4997 2164 5023; x_wconf 94' lang='lat'><strong>,</strong></span> <span class='ocrx_word' id='word_1_777' title='bbox 2197 4960 2249 5010; x_wconf 90' lang='lat' dir='ltr'>in</span> <span class='ocrx_word' id='word_1_778' title='bbox 2275 4974 2424 5024; x_wconf 91' lang='lat' dir='ltr'><strong>quem</strong></span> <span class='ocrx_word' id='word_1_779' title='bbox 2456 4960 2620 5010; x_wconf 87' lang='lat' dir='ltr'><strong>cibum</strong></span> <span class='ocrx_word' id='word_1_780' title='bbox 2657 4972 2854 5010; x_wconf 86' lang='lat' dir='ltr'><strong>omnem</strong></span> <span class='ocrx_word' id='word_1_781' title='bbox 2887 4959 3167 5009; x_wconf 63' lang='lat' dir='ltr'><strong>festinantes</strong></span> <span class='ocrx_word' id='word_1_782' title='bbox 3191 4959 3276 5008; x_wconf 84' lang='lat' dir='ltr'><strong>ali-</strong></span> 
     </span>
     <span class='ocr_line' id='line_1_97' title="bbox 1701 5070 3275 5138; baseline -0.003 -14"><span class='ocrx_word' id='word_1_783' title='bbox 1701 5076 1983 5138; x_wconf 79' lang='lat' dir='ltr'><strong>quantisper</strong></span> <span class='ocrx_word' id='word_1_784' title='bbox 1999 5072 2288 5135; x_wconf 85' lang='lat' dir='ltr'><strong>recondunt,</strong></span> <span class='ocrx_word' id='word_1_785' title='bbox 2299 5086 2456 5135; x_wconf 88' lang='lat' dir='ltr'><strong>neque</strong></span> <span class='ocrx_word' id='word_1_786' title='bbox 2473 5071 2764 5135; x_wconf 83' lang='lat' dir='ltr'><strong>pectinibus,</strong></span> <span class='ocrx_word' id='word_1_787' title='bbox 2783 5082 2876 5121; x_wconf 88' lang='lat' dir='ltr'>nec</span> <span class='ocrx_word' id='word_1_788' title='bbox 2892 5070 3168 5120; x_wconf 83' lang='lat' dir='ltr'><strong>durissimis</strong></span> <span class='ocrx_word' id='word_1_789' title='bbox 3185 5072 3275 5120; x_wconf 86' lang='lat' dir='ltr'>mi·</span> 
     </span>
     <span class='ocr_line' id='line_1_98' title="bbox 1702 5180 3265 5244; baseline -0.004 -8"><span class='ocrx_word' id='word_1_790' title='bbox 1702 5186 1820 5235; x_wconf 86' lang='lat' dir='ltr'><strong>tulis</strong></span> <span class='ocrx_word' id='word_1_791' title='bbox 1837 5185 2104 5243; x_wconf 80' lang='lat' dir='ltr'><strong>abstinent,</strong></span> <span class='ocrx_word' id='word_1_792' title='bbox 2137 5182 2224 5232; x_wconf 88' lang='lat' dir='ltr'>sed</span> <span class='ocrx_word' id='word_1_793' title='bbox 2249 5193 2347 5231; x_wconf 79' lang='lat' dir='ltr'>una</span> <span class='ocrx_word' id='word_1_794' title='bbox 2367 5194 2482 5231; x_wconf 91' lang='lat' dir='ltr'>cum</span> <span class='ocrx_word' id='word_1_795' title='bbox 2504 5181 2646 5231; x_wconf 79' lang='lat' dir='ltr'><strong>testis</strong></span> <span class='ocrx_word' id='word_1_796' title='bbox 2662 5180 2874 5244; x_wconf 85' lang='lat' dir='ltr'><strong>primum</strong></span> <span class='ocrx_word' id='word_1_797' title='bbox 2897 5180 3028 5243; x_wconf 91' lang='lat' dir='ltr'><strong>quod</strong></span> <span class='ocrx_word' id='word_1_798' title='bbox 3047 5194 3100 5229; x_wconf 86' lang='lat' dir='ltr'>se</span> <span class='ocrx_word' id='word_1_799' title='bbox 3132 5181 3265 5231; x_wconf 88' lang='lat' dir='ltr'><strong>obtu-</strong></span> 
     </span>
    </p>
   </div>
  </div>
 </body>
</html>
