3767 5825
1265 463 1750 528 ARATEORUM
1791 465 2205 540 numum.
3295 471 3369 525 ’ὅ

129 602 422 664 Delphi-ns
433 601 580 664 jacet,
599 581 728 648 naua
751 596 900 648 nimio
921 597 1143 648 lustratur
1160 597 1319 647 nitore

133 693 340 741 Praeter
358 688 694 752 quadruplices
710 687 870 736 stellas
895 687 944 735 in
961 686 1115 735 fronte
1137 686 1344 748 locatas,

132 783 285 836 Quas
306 777 616 828 intervallum
637 775 774 824 binas
791 774 1090 824 disterminat
1107 786 1258 822 unum
1268 809 1286 834 ,

133 869 328 916 Cetera
353 878 463 927 pars
480 865 577 913 late
594 861 728 912 tenui
753 873 864 910 cum
882 861 1065 911 lumine
1083 860 1244 923 serpit.
1662 865 1723 910 95

139 953 274 1012 illm,
296 965 407 1014 quae
423 953 606 1012 fulgent
623 950 756 999 luces
768 963 824 998 ex
846 961 934 998 ore
951 961 1179 1010 corusco,

137 1043 278 1089 Sunt
306 1039 430 1088 inter
449 1039 609 1101 partes
623 1037 802 1100 gelidas
821 1035 1062 1102 Aquiloni'
1074 1037 1245 1086 locatae

139 1130 316 1190 Atque
333 1129 458 1177 inter
482 1126 690 1188 spatium
709 1127 760 1176 et
777 1125 874 1176 insti
891 1125 1088 1186 vestigia
1112 1124 1250 1174 Solis.

143 1219 216 1265 At
243 1229 354 1278 pars
371 1215 567 1264 inferior
587 1213 809 1276 Delphini
825 1213 931 1262 msa
957 1212 1145 1261 videtur

148 1305 288 1353 inter
309 1304 434 1354 Solis
455 1303 564 1361 iter,
584 1302 725 1352 simul
748 1301 874 1350 inter
893 1300 1087 1349 flamina
1111 1301 1258 1362 venti,

143 1393 356 1442 Viribus
377 1392 586 1453 erumpit
603 1403 699 1453 qua
714 1389 892 1438 summi
911 1388 1106 1451 spiritus
1126 1388 1300 1438 Austri.
1459 1380 1494 1415 s

153 1481 350 1530 Exinde
373 1479 521 1529 Orion
537 1478 736 1540 obliquo
756 1489 959 1539 corpore
980 1477 1137 1525 nitens

1641 1302 1726 1346 100

149 1568 390 1618 inferiora
415 1569 548 1616 tenet
563 1565 824 1616 truculenti
843 1577 1041 1626 corpora
1066 1563 1214 1614 Tauri
1237 1577 1250 1610 z

149 1659 318 1713 Quem
339 1655 421 1716 qui
441 1655 704 1718 suspiciens
725 1652 774 1702 in
793 1653 968 1702 caelum
989 1653 1130 1701 nocte
1148 1663 1318 1700 serena

151 1745 279 1793 Late
296 1742 564 1805 dispersum
585 1755 683 1792 uon
706 1739 898 1802 viderit,
918 1738 1046 1788 baud
1071 1739 1134 1788 ita
1159 1752 1272 1788 vero

149 1833 336 1882 cetera
355 1844 407 1880 se
423 1831 579 1892 speret
597 1841 882 1892 cognoscere
896 1828 1028 1890 signa
1047 1830 1251 1890 potesse.

155 1922 386 1980 Namque
403 1917 546 1981 pedes
569 1917 734 1966 subter
751 1915 897 1966 rutilo
920 1927 1030 1964 cum
1051 1915 1232 1964 lumine
1254 1916 1402 1964 claret

159 2006 400 2058 Fen-vidus
416 2006 496 2055 ille
516 2004 650 2054 canis
671 2005 920 2054 stellarum
944 2003 1050 2052 luce
1075 2003 1326 2064 refulgens.

161 2095 294 2145 nuic
311 2095 431 2156 tegit
447 2094 680 2142 obscurus
695 2093 864 2142 subter
882 2091 1144 2154 praecordia
1173 2092 1358 2150 venter,

156 2188 262 2234 Nec
278 2195 394 2232 vero
411 2185 515 2232 toto
532 2181 716 2244 spirans
729 2181 790 2230 de
808 2192 1008 2242 corpore
1028 2179 1272 2228 flammam

159 2271 416 2323 AEstii'eros
438 2267 604 2319 validis
620 2270 833 2331 erumpit
850 2267 1042 2318 ilatibus
1059 2267 1190 2330 ignes
1206 2281 1218 2314 :

156 2363 316 2409 Totus
335 2357 397 2407 ab
413 2371 496 2407 ore
515 2357 700 2406 micans
715 2356 894 2418 jacitur
921 2355 1204 2404 mortalibus
1222 2352 1382 2403 ardor.

159 2448 256 2497 ilic
269 2446 353 2495 ubi
365 2459 417 2495 se
435 2445 608 2508 pariter
625 2455 738 2493 cum
759 2443 861 2494 soie
877 2443 928 2492 in
946 2442 1128 2492 lumina
1149 2441 1250 2490 caeli

159 2535 380 2594 Extulit,
397 2532 526 2582 baud
544 2533 724 2595 patitur
740 2531 966 2581 foliorum
983 2529 1192 2592 tegmine
1215 2529 1390 2578 trustra

160 2627 431 2684 suspensos
447 2620 632 2670 animos
649 2617 844 2668 arbusta
862 2619 1031 2666 ornata
1052 2618 1217 2666 tenere
1238 2635 1252 2665 ι
1279 2655 1292 2664 .
1321 2618 1326 2622 ’

167 2715 294 2762 Nam
318 2723 526 2773 quorum
545 2710 716 2770 stirpes
729 2708 874 2756 tellus
887 2705 1110 2768 amplexa
1134 2703 1426 2778 prehendit,

163 2803 286 2849 llaec
304 2810 484 2860 augens
503 2797 663 2846 anima
679 2795 815 2844 vitali
833 2793 1028 2844 flamine
1046 2795 1222 2842 mulcet
1243 2810 1256 2842 ι

166 2889 232 2937 At
245 2899 454 2949 qnorum
470 2884 714 2947 nequeunt
732 2881 916 2933 radices
937 2881 1115 2931 findere
1133 2883 1286 2931 terras
1301 2916 1317 2940 ,

169 2974 398 3023 Denudat
421 2973 544 3023 foliis
560 2982 720 3021 ramos
741 2972 791 3020 et
812 2970 992 3019 cortice
1013 2971 1228 3018 truncos.

169 3066 315 3112 Hunc
340 3064 533 3124 propter
559 3058 822 3121 subterque
835 3056 1008 3120 pedes,
1029 3070 1154 3119 quos
1171 3056 1381 3105 diximus
1405 3056 1516 3105 ante
1533 3091 1548 3116 ,

165 3148 356 3200 Orioni’
371 3148 504 3211 jacet
534 3147 713 3209 levipes
729 3148 886 3207 Lepus
905 3161 921 3194 a
941 3144 1022 3193 bic
1037 3145 1159 3205 fugit
1174 3144 1300 3193 ictus

170 3238 434 3289 Horriticos
455 3238 676 3285 metuens
693 3234 836 3285 rostri
851 3232 1200 3283 tremebundus
1216 3230 1346 3280 acuti
1361 3246 1376 3293 ς

169 3331 292 3376 Nam
315 3324 459 3374 Canis
479 3324 650 3373 infesto
670 3322 890 3385 sequitur
906 3321 1102 3383 vestigia
1114 3333 1258 3369 cursu
1271 3358 1286 3381 ‚

171 3413 562 3475 praecipitantem
580 3410 795 3473 agitans:
818 3408 979 3459 oriens
997 3409 1099 3470 jam
1121 3407 1329 3472 denique
1348 3407 1506 3470 paullo

171 3507 244 3552 Gu
251 3500 485 3551 rriculum
503 3510 768 3561 numquam
784 3496 969 3547 defesso
987 3509 1186 3557 corpore
1210 3496 1395 3544 sedans.
1655 3498 1737 3543 125

172 3594 234 3639 At
257 3590 405 3640 cauis
423 3586 486 3637 ad
507 3586 712 3635 caudam
734 3596 926 3647 serpens
943 3582 1209 3645 prolabitur
1231 3588 1381 3643 Argo,

172 3678 474 3724 conversam
491 3684 592 3734 prae
609 3684 660 3721 se
678 3672 873 3733 portans
887 3683 1001 3720 cum
1025 3669 1207 3719 lumine
1225 3670 1421 3731 puppim
1449 3685 1460 3719 :

174 3765 282 3813 Non
305 3761 412 3809 aiioe
429 3772 576 3809 naves
597 3761 652 3807 ut
679 3758 728 3807 in
742 3759 840 3808 alto
860 3770 1040 3821 ponere
1061 3770 1226 3819 proras

178 3854 305 3899 ‘tute
325 3848 480 3896 soient
501 3849 655 3895 rostro
687 3844 925 3908 Neptunia
943 3846 1080 3908 prata
1095 3846 1346 3893 secantes:

178 3938 275 3988 Sed
300 3947 532 3985 conversa
555 3935 683 3983 retro
705 3934 810 3985 caeli
825 3946 877 3983 se
897 3946 985 4000 per
1005 3932 1110 3981 loca
1129 3934 1318 3995 portat,

179 4024 334 4075 sicuti
353 4035 507 4085 quum
525 4020 739 4084 coeptant
755 4021 889 4071 tutos
909 4019 1183 4081 contingere
1211 4022 1377 4081 portus
1389 4058 1403 4079 ,

180 4114 457 4163 Obvertunt
475 4122 646 4159 navem
667 4122 840 4171 magno
854 4120 1004 4171 quum
1025 4107 1235 4169 pondere
1259 4112 1418 4157 nautae

1643 2179 1731 2226 110

1644 2619 1734 2665 115

1650 3060 1737 3104 120

1653 3941 1744 3985 130

179 4200 548 4261 Adversamque
571 4196 771 4246 trabunt
794 4197 957 4258 optata
969 4195 1029 4242 ad
1053 4194 1214 4243 littora
1235 4196 1430 4257 puppim
1454 4215 1464 4242 :

179 4290 261 4339 Sic
277 4298 508 4336 conversa
527 4285 670 4333 vetus
689 4295 832 4345 super
849 4281 1030 4332 aethera
1045 4282 1250 4331 vertitur
1269 4287 1393 4344 Argo

182 4376 346 4435 Atque
363 4382 518 4433 usque
536 4382 564 4417 a
581 4380 724 4431 prora
747 4367 808 4417 ad
826 4368 1009 4417 celsum
1032 4369 1133 4418 sine
1155 4369 1336 4420 lumine
1363 4371 1542 4420 malum
1559 4408 1574 4433 ‚
1665 4376 1748 4421 135

181 4468 224 4511 A
241 4460 376 4509 malo
391 4457 451 4506 ad
481 4454 677 4518 puppim
697 4454 825 4505 clara
849 4468 964 4505 cum
983 4456 1091 4505 luce
1108 4457 1316 4508 videtur.

185 4547 306 4595 inde
321 4543 665 4607 gubernaclum
684 4541 896 4605 disperso
915 4543 1094 4593 lumine
1114 4543 1297 4605 fulgens

187 4634 316 4684 Clari
343 4630 606 4695 posteriora
624 4630 766 4681 Canis
788 4631 983 4693 vestigia
1005 4631 1183 4681 condit.

187 4722 312 4772 Exin
335 4722 569 4770 semotam
588 4719 753 4781 procul
773 4720 822 4767 in
836 4720 1044 4781 tutoque
1064 4720 1266 4770 locatam

187 4807 544 4860 Andromedam
565 4808 727 4856 tamen
750 4808 1004 4869 explorans
1021 4808 1120 4856 sera
1143 4820 1359 4870 quaerere
1382 4810 1552 4859 Pistrix

192 4897 350 4959 Pergit
366 4899 416 4945 et
434 4908 585 4957 usque
597 4894 737 4945 sitam
756 4893 942 4943 validas
957 4896 1206 4957 Aquilonis
1229 4896 1288 4944 ad
1301 4910 1444 4945 auras

192 4985 380 5036 caerula
399 4982 627 5045 vestigat,
651 4982 785 5032 flnita
799 4981 847 5030 in
867 4982 1082 5044 partibus
1102 4984 1278 5033 Austri.

195 5076 332 5123 lianc
348 5072 484 5123 Aries
499 5071 614 5133 tegit
632 5074 682 5119 et
699 5083 955 5132 squamoso
970 5084 1170 5139 corpore
1189 5072 1365 5129 Pisces,

197 5159 425 5211 Fluminis
449 5158 656 5207 illustres
674 5159 947 5219 tangentem
965 5162 1156 5221 pectore
1176 5159 1315 5221 ripas.

196 5252 412 5309 Namque
432 5246 574 5295 etiam
605 5246 863 5295 Eridanum
879 5259 1044 5295 cernes
1063 5246 1109 5294 in
1129 5249 1262 5309 parte
1280 5247 1490 5297 locatum
1669 5254 1751 5299 145

1665 4814 1750 4860 140

1810 597 1927 646 caeli
1940 631 1957 658 ,
1984 596 2223 646 funestum
2252 594 2437 657 magnis
2458 605 2571 644 eum
2588 591 2993 644 vidbmamnem.

1815 687 1973 744 Quem
1998 683 2207 733 lacrimis
2224 685 2412 732 moestae
2432 682 2743 734 Phaethon&
2764 694 2893 746 soepe
2910 693 3097 732 sorores

1812 775 2121 835 sparserunt,
2143 772 2295 821 letum
2318 770 2541 820 moereuti
2559 783 2679 820 voce
2702 772 2945 820 canentes.

1815 863 1955 910 Hunc
1974 859 2167 910 orionis
2186 858 2279 909 sub
2300 858 2427 908 lam
2442 871 2638 908 cernere
2661 858 2822 918 planta

1812 952 2090 1010 Serpentem
2118 949 2321 1011 poteris,
2350 959 2645 1009 proceraque
2667 947 2825 996 vincla
2846 946 3029 995 videbis
3042 980 3071 1006 ,.

1814 1038 1939 1095 Quae
1964 1036 2171 1085 retinent
2186 1037 2344 1086 Pisces
2360 1035 2629 1086 caudarum
2649 1048 2678 1083 a
2698 1038 2832 1097 parte
2850 1036 3007 1084 locata
3020 1071 3037 1094 ,

1813 1125 2034 1174 Flumine
2059 1125 2214 1174 mixta
2230 1127 2361 1175 retro
2386 1123 2449 1174 ad
2474 1123 2686 1174 Pistricis
2702 1127 2835 1185 terga
2858 1123 3052 1174 reverti.

1815 1193 2047 1278 Haecuna
2068 1213 2206 1263 stella
2224 1213 2505 1274 nectuntur,
2524 1225 2672 1275 quam
2690 1211 2808 1274 iacit
2820 1224 2880 1260 ex
2897 1224 2951 1260 se

1817 1300 2028 1351 Pistricis
2044 1301 2181 1362 spina
2202 1299 2361 1349 valida
2380 1312 2492 1349 cum
2518 1299 2625 1349 luce
2644 1299 2898 1361 refulgens.

1819 1387 2004 1438 Exinde
2021 1387 2210 1451 exiguae
2233 1387 2369 1437 tenui
2388 1399 2500 1437 cum
2523 1387 2704 1436 lumine
2720 1385 2890 1436 muitoe

1819 1479 1951 1526 luter
1964 1476 2209 1527 Pistricem
2235 1476 2354 1526 [ωε
2374 1487 2651 1538 sparsisque
2670 1473 2898 1523 videntur

3294 1388 3380 1435 15⁶

1817 1567 1977 1627 Atque
1998 1563 2339 1626 gubernaclum
2363 1563 2516 1613 stellae
2529 1599 2545 1626 ‚
2570 1575 2691 1625 quas
2706 1561 2907 1624 contigit
2921 1561 3078 1610 omnis

1817 1652 2102 1702 Formidans
2123 1665 2284 1702 acrem
2304 1665 2517 1702 morsum
2542 1654 2701 1712 Lepus
2726 1669 2737 1700 ε
2764 1649 2838 1699 bis
2860 1663 3017 1713 neque
3041 1661 3217 1699 nomen

1820 1742 1917 1790 Nec
1941 1740 2145 1789 formam
2164 1741 2351 1790 veteres
2370 1742 2557 1790 certam
2578 1737 2805 1789 statuisse
2830 1737 3073 1788 videntur.

1819 1831 1941 1879 Nam
1966 1841 2087 1891 quas
2102 1827 2340 1878 sideribus
2356 1827 2499 1876 claris
2520 1829 2697 1876 natura
2716 1825 2885 1890 polivit

1818 1917 1881 1965 Et
1899 1917 2033 1964 vario
2058 1915 2214 1978 pinxit
2230 1915 2527 1977 distinguens
2550 1911 2731 1964 iumine
2751 1915 2953 1975 formas,

1821 2007 1918 2053 tias
1936 2003 2016 2052 ilie
2042 2007 2282 2053 astrorum
2306 2007 2470 2052 custos
2492 2001 2677 2058 ratione
2690 2003 2902 2063 notavit,

1820 2093 2059 2154 Signaque
2076 2091 2280 2154 signavit
2296 2089 2509 2140 caelestia
2530 2090 2725 2140 nomine
2745 2103 2878 2139 vero.
3112 2153 3117 2157 „

1823 2183 1920 2230 ilas
1943 2181 2106 2229 autem
2132 2192 2243 2241 quaa
2267 2180 2382 2228 sunt
2400 2191 2550 2242 parvo
2574 2192 2688 2228 cum
2712 2178 2892 2227 iumine
2916 2177 3063 2238 rusie,

1822 2266 2077 2320 Consimili
2102 2266 2259 2330 specie
2284 2267 2445 2317 stellas
2464 2265 2700 2331 parilique
2716 2266 2901 2327 ultore,

1822 2358 1930 2407 Non
1951 2355 2107 2418 potuit
2123 2355 2263 2404 nobls
2280 2357 2397 2404 nota
2414 2354 2601 2405 clarare
2612 2355 2785 2418 figura.

1825 2443 2007 2496 Exinde
2030 2442 2289 2493 australem
2310 2443 2440 2493 soliti
2461 2457 2607 2506 quem
2622 2441 2781 2493 dicere
2802 2443 2987 2492 Piscem

1821 2533 2047 2582 Volvitur
2062 2531 2257 2582 interior
2275 2531 2569 2594 capricorno
2589 2545 2757 2582 versus
2779 2530 2841 2581 ad
2864 2534 3096 2582 Austrum
3109 2565 3126 2592 ,

1824 2620 2071 2672 Pistricem
2090 2621 2351 2671 observans
2365 2620 2531 2683 procul
2548 2619 2641 2670 illis
2664 2620 2881 2670 Piscibus
2904 2621 3107 2672 luereus.

1824 2711 1887 2758 At
1905 2720 2055 2771 prope
2072 2707 2335 2770 conspicies
2347 2709 2567 2770 expertes
2579 2708 2787 2757 nominis
2807 2719 2975 2757 omnes

1825 2797 1955 2846 inter
1971 2795 2223 2846 Pistricem
2239 2798 2291 2846 et
2308 2795 2489 2845 Piscem
2504 2831 2519 2856 ,
2540 2809 2685 2858 quem
2710 2794 2921 2844 diximus
2940 2795 3101 2846 Austri
3113 2828 3131 2855 ,

1823 2883 1997 2934 Stellas
2012 2882 2103 2933 sub
2120 2882 2323 2946 pedibus
2344 2884 2518 2933 stratas
2535 2882 2767 2933 radiantis
2785 2885 2982 2945 Aquari.

1827 2973 2027 3033 Propter
2050 2970 2288 3033 Aquarius
2302 2971 2565 3021 obscurum
2584 2970 2754 3021 dextra
2772 2971 2896 3033 rigat
2913 2984 3133 3034 amnem,

1825 3058 2013 3118 Exiguo
2035 3055 2121 3119 qui
2135 3056 2385 3107 stellarum
2404 3057 2613 3108 candore
2628 3056 2837 3108 nitescit.

1826 3148 1866 3194 Ε
1889 3145 2055 3194 multis
2072 3148 2235 3195 tamen
2253 3144 2327 3194 liis
2344 3143 2443 3194 duo
2457 3146 2555 3194 late
2572 3145 2757 3195 lumina
2779 3146 2991 3209 migentg

1831 3234 1990 3281 Unum
2008 3231 2101 3282 sub
2123 3231 2281 3295 magni
2300 3232 2501 3295 pedibus
2518 3239 2741 3284 cernetur
2759 3234 2939 3297 Aquari
2960 3252 2974 3285 ε

1827 3320 1971 3378 Quod
1991 3322 2208 3383 superest
2228 3320 2385 3383 gelido
2402 3320 2651 3384 delapsum
2666 3322 2867 3372 flumine
2884 3322 3029 3373 tontis
3040 3358 3056 3384 ,

1830 3407 2131 3470 spinigerum
2145 3407 2311 3457 subter
2332 3407 2536 3457 caudam
2561 3409 2769 3459 Pistricis
2785 3408 3000 3459 adbaesit.

1832 3498 1918 3545 iim
1930 3497 2100 3545 tenues
2116 3496 2268 3545 stelloe
2291 3495 2600 3558 perhibentur
2618 3496 2812 3547 nomine
2833 3498 3028 3560 Aquari.

1833 3585 1924 3632 iiic
1941 3582 2049 3633 alioe
2063 3582 2267 3633 volitant
2290 3596 2439 3646 parvo
2458 3597 2569 3633 cum
2585 3584 2769 3635 lumine
2790 3586 2935 3635 clarae

1835 3674 1990 3734 Atque
2008 3672 2167 3735 priora
2184 3670 2361 3735 pedum
2378 3672 2586 3722 subeunt
2604 3674 2802 3737 vestigia
2820 3676 2979 3736 magui

1832 3760 2151 3810 Arcitenentis
2168 3762 2219 3809 et
2236 3759 2456 3809 obscura
2479 3762 2583 3811 sine
2600 3762 2793 3811 nomine
2811 3762 3007 3811 cedunt.

1833 3848 1950 3897 inde
1968 3850 2299 3910 Nepoe‘cerncs
2313 3851 2505 3911 propter
2524 3848 2745 3911 migentis
2762 3861 2969 3899 acumen

1833 3939 1980 3986 Aram
1997 3971 2011 3995 ,
2037 3948 2182 3997 quam
2208 3934 2323 3984 natu
2341 3938 2603 3998 permulcet
2620 3936 2815 3999 spiritus
2833 3938 3022 4000 Austri3

1833 4023 2017 4084 Exiguo
2040 4034 2269 4085 superum
2287 4036 2398 4085 quoe
2416 4024 2600 4073 lumina
2616 4028 2832 4087 tempore
2853 4027 3045 4076 tranat:
3316 4034 3395 4081 -85

1833 4114 1950 4160 Nam
1968 4109 2135 4170 procul
2160 4111 2367 4160 Arcturo
2382 4111 2453 4159 est
2467 4108 2667 4159 adversa
2686 4123 2714 4159 e
2730 4113 2868 4174 parte
2888 4111 3061 4160 locata.

1834 4198 2037 4245 Arcturo
2060 4209 2289 4259 magnum
2310 4196 2464 4259 spatio
2483 4196 2655 4258 supera
2674 4196 2809 4247 dedit
2828 4198 2996 4249 orbem

1835 4282 2085 4345 Juppiter3
2108 4284 2225 4333 huic
2240 4297 2445 4347 parvum
2466 4284 2690 4334 inferiore
2712 4284 2763 4334 in
2787 4290 2922 4348 parte
2943 4288 3137 4339 locavit.

1840 4374 1931 4424 uic
1950 4374 2114 4422 tamen
2128 4376 2313 4422 aeterno
2336 4372 2547 4423 invisens
2560 4373 2666 4422 loca
2678 4374 2925 4424 curriculo
2938 4389 3036 4426 nox

1837 4462 1982 4521 Signa
1996 4458 2127 4509 dedit
2146 4460 2323 4519 nautis,
2345 4460 2508 4510 cuncti
2526 4473 2638 4522 quoe
2657 4473 2857 4511 noscere
2872 4466 3091 4525 possent,
3312 4468 3399 4517 ι’ὲϋ

1838 4547 2193 4597 commiserans
2214 4547 2463 4597 bominum
2483 4548 2765 4601 metuendos
2782 4549 2995 4613 undique
3017 4564 3172 4601 casin.

3296 1829 3385 1876 teu

3300 2271 3391 2316 165

3296 2707 3391 2761 17⁰

3304 3150 3396 3200 1711

3310 3592 3397 3639 iso
3436 3652 3449 3665 .

1838 4638 1957 4685 Nam
1978 4647 2133 4697 quum
2158 4635 2419 4697 fulgentem
2442 4648 2609 4686 cernes
2625 4637 2727 4687 sine
2744 4636 2954 4687 nubibus
2972 4639 3093 4688 atris

1837 4727 1983 4773 Aram
1996 4722 2087 4771 sub
2106 4722 2262 4773 media
2282 4724 2389 4773 caeli
2404 4726 2596 4786 regione
2616 4724 2823 4774 locatam
2838 4761 2853 4786 ,

1840 4816 1878 4859 A
1898 4823 2087 4860 summa
2105 4814 2243 4872 parte
2259 4811 2465 4861 obscura
2485 4811 2683 4875 caligine
2706 4814 2909 4877 tectam,

1838 4902 1961 4949 Tum
1984 4898 2150 4949 validis
2167 4899 2317 4961 fugito
2336 4899 2555 4950 devitans
2572 4898 2757 4951 viribus
2777 4904 3033 4967 Austrum3
3314 4913 3401 4961 ⁸3³3

1838 4989 1993 5043 Quem
2018 4986 2057 5033 si
2078 4984 2369 5048 prospiciens
2388 4984 2644 5048 vitaveris,
2662 4988 2827 5038 omnis
2853 4990 3001 5041 cauta·

1840 5073 2149 5123 Armamenta
2168 5074 2330 5123 locans
2342 5110 2357 5135 ,
2375 5073 2485 5123 tuto
2505 5073 2670 5125 labere
2680 5088 2765 5139 per
2781 5076 2955 5128 undas.

1840 5162 1921 5211 Sin
1940 5160 2097 5221 gravis
2113 5160 2332 5211 inciderit
2352 5159 2623 5212 vehementi
2637 5162 2831 5215 llamiue
2862 5168 3063 5230 ventus,

1841 5248 2100 5309 Perfringet
2112 5248 2264 5298 celsos
2280 5246 2438 5300 defixo
2454 5248 2627 5301 robore
2647 5252 2799 5311 malos
2816 5264 2832 5304 ε

3292 951 3472 1026 150-
