3767 5825
457 425 584 468 XXX

1851 399 2279 459 PRAEFATlo.

455 536 634 616 μοίρης
677 533 1154 614 ἔπι-παμφαίνων.
1209 535 1324 612 498
1374 533 1460 592 ἐπὶ
1501 531 1792 609 συνδέσμου
1841 531 2017 611 βαίνῃ.
2112 532 2399 588 editorum
2418 539 2740 587 commenta
2754 543 3097 595 memorare,
3114 523 3659 601 quorumnihilpro-
3725 535 3726 590 ξ

455 627 566 697 111,
609 647 685 702 90
713 627 793 705 ἐφ’
819 622 1270 702 ὥρης-ἀντέλλων.

2109 618 2363 676 bandum
2395 630 2497 676 est.
2515 615 2681 674 Patet
2702 613 2801 674 hic
2826 633 3061 691 quoque
3078 613 3251 690 plura
3277 612 3657 679 intercidisse,

533 716 665 781 406.
697 709 942 790 κρατεροί
959 734 1056 790 περ
1073 711 1239 776 ἐόντες
1257 710 1416 783 edd„
1438 710 1725 787 particula
1737 721 2020 786 suspecta,
2110 727 2241 784 quae
2264 707 2376 764 hoc
2392 708 2515 764 fere
2530 705 2703 762 modo
2730 703 2875 761 olim
2893 703 3119 777 integre
3144 700 3288 760 lecta
3309 701 3487 758 fuisse
3506 702 3661 759 facile
3725 721 3726 786 ¹

453 822 582 879 quae
601 821 674 859 ex
694 799 772 858 vl
788 844 805 872 ‚
836 800 948 868 485
971 798 1204 856 defendi
1233 801 1453 875 nequit.
1484 797 1656 857 Recte
1677 797 1800 876 jam
1821 797 1876 854 D
1900 797 1939 854 1.
1962 817 2015 856 c.

448 889 755 968 παρεόντες,
787 888 946 966 quod
973 889 1143 946 multi
1173 887 1288 946 loci
1318 885 1741 944 commendant.

533 984 672 1050 407.
703 973 934 1054 ἑσπέριοι
953 974 1006 1032 δὲ
1031 973 1354 1053 βραδιότεροι
1373 973 1536 1044 GHJ‚
1555 973 1784 1052 ἑσπέριοι
1805 972 1869 1044 δὴ
1890 975 2020 1050 βαρ-

451 1064 654 1142 δύτεροι
675 1063 798 1135 ed„
823 1063 1110 1141 particula
1134 1060 1520 1130 intolerabili,
1547 1080 1656 1136 pro
1679 1079 1796 1137 qua
1819 1059 2019 1136 paullo

453 1152 724 1210 meliusA
741 1149 798 1210 δέ
816 1173 873 1208 τε
897 1149 1048 1226 conj.
1077 1149 1190 1208 Sed
1209 1147 1542 1207 offendebat
1563 1148 1736 1204 etiam
1757 1145 2017 1226 χρόνοισιν

453 1240 606 1297 nude
615 1240 895 1313 positum.
915 1237 1065 1295 Hinc
1085 1235 1369 1314 ἱσπερίοισι
1387 1235 1440 1293 δὲ
1461 1236 1766 1314 βαρδύτεροι
1785 1235 2015 1312 scripsi.

402 1349 412 1362 ·
453 1327 659 1386 Forma
685 1327 1068 1405 comparativi
1095 1325 1268 1384 etiam
1295 1325 1540 1384 Theocr.
1569 1323 1783 1396 XXIX,
1817 1323 1893 1380 30
1923 1324 2019 1382 in·-

449 1429 705 1475 vemtur.
1541 1458 1553 1469 .

533 1505 667 1574 408.
699 1501 857 1560 δειλοὶ
877 1503 925 1560 δ’
946 1501 1107 1574 edd„
1131 1498 1318 1558 δείελοι
1340 1519 1471 1571 nos,
1493 1519 1566 1558 ex
1590 1501 1810 1577 optima
1835 1499 1888 1556 D
1905 1501 2016 1568 334

453 1591 856 1650 emendatione
883 1609 900 1647 2
932 1591 1006 1648 cf.
1047 1609 1157 1646 110
1194 1585 1340 1666 ᾐώην
1365 1575 1511 1660 οἷμον
1539 1587 1626 1644 καὶ
1657 1587 1868 1648 δείελον.

533 1686 564 1746 4
578 1698 601 1735 1
617 1699 640 1735 1
654 1722 670 1738 .
695 1677 890 1736 τελέθει
923 1674 1082 1744 ξυνὼν
1102 1673 1208 1733 GH
1227 1718 1243 1744 ,
1269 1673 1370 1731 sed
1399 1673 1559 1738 ξυνῶν
1581 1673 1659 1743 Μ,
1680 1671 1873 1730 τελέθει
1904 1671 2017 1739 ξυν·

453 1765 548 1824 εὼν
581 1765 669 1824 ed.
689 1809 706 1837 ‚
737 1765 835 1823 sed
874 1765 1166 1840 genitivos
1195 1761 1298 1836 qui
1333 1773 1656 1838 sequuntur
1685 1780 1801 1818 non
1831 1762 2015 1818 intel-

453 1855 592 1930 ligo.
613 1852 778 1911 Patet
787 1850 1158 1911 scribendum
1180 1849 1384 1906 fuisse:
1409 1848 1596 1918 πλήθει
1619 1847 1810 1922 &ovs-iu
1830 1849 1901 1905 cf.
1916 1848 2015 1919 Vl,

452 1943 568 2000 660
590 1939 748 2000 ὄλὸου
772 1939 861 1998 καὶ
881 1937 1110 1998 κτεάνων
1135 1927 1275 1996 οἷκον
1293 1935 1582 2008 πλήθοντα,
1609 1949 1666 1994 et
1685 1935 1803 2006 111,
1833 1945 1906 2003 42
1927 1937 2019 1994 καί

452 2028 497 2086 τ’
522 2029 680 2087 ἐσθλὰ
702 2036 936 2086 κακοῖσιν
958 2025 1151 2102 ἔμιξεν.

536 2115 667 2184 415.
704 2117 872 2172 αὐτῶν
893 2137 950 2172 τε
973 2114 1129 2184 edd„
1158 2115 1328 2170 αὐτῶν
1355 2112 1409 2169 δὲ
1441 2132 1564 2172 nos,

533 2204 822 2273 420-425.
875 2203 946 2260 Hi
995 2221 1204 2260 versus
1251 2199 1458 2258 ordine
1498 2219 1797 2278 perverse,
1845 2219 2015 2276 quem

457 2293 714 2350 numeris
738 2291 1049 2368 adscriptis
1070 2289 1362 2358 indicavi,
1397 2289 1460 2346 in
1485 2288 1616 2348 edd.
1649 2287 2011 2364 legebantur,

453 2385 509 2426 ct
536 2383 814 2449 praeterea
859 2388 989 2428 cum
1023 2369 1118 2427 his
1155 2369 1380 2426 mendis
1414 2388 1427 2424 ε
1462 2377 1575 2435 422
1615 2369 1839 2442 ἀμείνων
1886 2367 2016 2442 GH,

458 2459 686 2535 ἀμείνον’
715 2457 806 2516 ed.
841 2476 874 2516 e
901 2456 1058 2534 conj.
1085 2457 1136 2514 D
1163 2457 1301 2531 694.
1335 2453 1606 2534 ἑσπερίῃσί
1634 2477 1689 2512 τε
1711 2453 1868 2520 δεινὸς
1881 2455 2013 2527 GH,

451 2545 734 2626 ἑσπερίοισι
752 2544 788 2603 J
807 2592 821 2616 ,
851 2547 899 2605 ἑ.
920 2567 978 2602 τε
997 2541 1140 2602 δεινοί
1157 2543 1254 2602 ed.
1268 2577 1347 2587 —-
1371 2543 1482 2609 425
1505 2542 1784 2621 ὀλοώτερος
1797 2543 2017 2601 edd.—

457 2645 562 2703 421
609 2626 770 2705 ἧσσον
791 2633 898 2691 GH
916 2676 933 2705 ,
952 2633 1129 2702 ἥσσων
1158 2631 1248 2690 ed.
1273 2649 1306 2689 e
1333 2630 1490 2708 conj.
1517 2635 1588 2688 A.
1625 2628 1887 2708 Longum
1934 2645 2017 2688 est

451 2723 762 2800 explicare,
783 2741 911 2796 quae
929 2721 993 2778 in
1009 2720 1103 2778 his
1130 2719 1381 2778 offensui
1406 2732 1562 2777 sunt.
1589 2717 1780 2776 Unum
1810 2718 2012 2787 affere,

451 2810 610 2888 quod
631 2810 862 2886 vulgari
887 2809 1096 2866 ordine
1109 2815 1458 2886 vespertinus
1470 2806 1702 2886 Jupiter
1715 2806 1810 2865 bis
1823 2849 1838 2876 ,
1863 2805 2017 2863 Mars

451 2919 599 2958 vero
624 2897 866 2958 omnino
885 2918 1003 2955 non
1028 2909 1396 2955 memoratur.
1431 2895 1564 2953 Haec
1588 2914 1681 2953 res
1697 2907 2017 2953 monstrare

453 2987 729 3059 debebat,
749 2986 1044 3063 quomodo
1062 2985 1226 3043 locus
1247 2984 1687 3043 constituendus
1706 2996 1874 3042 esset.
1900 2983 2015 3041 Nec

455 3091 598 3155 puto
639 3092 986 3153 quemquam
1015 3074 1090 3132 de
1113 3073 1207 3131 his
1231 3072 1636 3131 dubitaturum
1671 3094 1683 3128 :

576 3204 772 3255 πολλά-ιιι
795 3206 876 3253 καὶ
899 3204 1043 3261 ξείνης
1061 3204 1196 3267 γαίης
1220 3204 1296 3253 ἔπι
1311 3202 1486 3266 πήματ’
1504 3204 1694 3264 ἔδωκεν,

575 3277 726 3339 ἠῷος
753 3275 835 3339 μὲν
858 3273 1020 3336 μείον’,
1044 3274 1112 3335 ἐφ’
1129 3272 1440 3336 ἑσπερίῃσι
1459 3274 1507 3323 δὲ
1527 3272 1669 3323 δεινά.

639 3344 688 3396 'A
701 3362 764 3408 ρη
775 3362 795 3400 ς
813 3345 854 3392 δ’
869 3344 1037 3406 Ἠελίῳ
1051 3346 1222 3393 συνιὼν
1235 3344 1463 3406 πατράσιν
1480 3346 1562 3406 μὲν
1585 3344 1714 3401 ἀνίας
1731 3380 1746 3405 ,

578 3416 856 3477 γεινομέναις
873 3414 916 3463 δ’
935 3414 1091 3470 αὐτοῖς
1109 3414 1300 3477 θὸρυδον
1318 3416 1400 3463 καὶ
1423 3414 1598 3477 πήματ’
1618 3415 1803 3464 ἔδωκεν·

553 3526 560 3533 .
577 3484 684 3539 τοὺς
701 3484 742 3531 δ’
764 3484 854 3546 ἄρα
871 3485 951 3533 καὶ
969 3482 1143 3546 πάτρης
1160 3486 1380 3546 γλυκερῆς
1395 3486 1532 3543 θῆκεν
1552 3486 1856 3547 μετανάστας·

577 3554 610 3615 ὴ
621 3570 657 3618 μ
668 3570 699 3600 α
710 3552 758 3599 τί
769 3570 798 3613 ῃ
817 3554 1004 3615 γενέθλη
1023 3554 1064 3601 δ’
1085 3554 1345 3609 ὀλοώτατος
1363 3554 1526 3602 ἔπλετο
1547 3555 1752 3612 πάντων,

579 3624 741 3683 ἥσσων
767 3622 810 3671 δ’
829 3624 1098 3686 ἇσπὲριος
1120 3624 1301 3685 γεγαὼς
1329 3624 1636 3687 ἀδρανέστερα
1651 3626 1783 3688 ῥέζει.

459 3740 666 3798 Eadem
693 3738 943 3796 duorum
972 3758 1245 3797 versuum
1278 3740 1611 3797 terminatio
1645 3739 1849 3817 πήματ’
1881 3740 2015 3799 ἔδω-

456 3850 540 3883 κεν
570 3826 964 3884 confusionem
989 3827 1332 3903 procreavit.
1357 3826 1444 3887 Cf.
1473 3827 1553 3898 ΙΙ,
1587 3830 1730 3900 143,
1753 3828 1870 3899 ΙΙΙ,
1900 3831 2011 3886 305

453 3914 524 3971 de
546 3914 749 3987 μείονα,
775 3912 892 3987 lll,
926 3916 1034 3971 281
1069 3915 1142 3972 de
1163 3913 1363 3992 ἥσσων,
1383 3928 1441 3972 et
1468 3915 1590 3974 vid.
1623 3918 1863 3975 omnino
1894 3918 2011 3989 111,

461 4002 568 4057 123
609 4022 698 4079 sq.
733 4000 914 4068 νυκτὸς
957 4000 1050 4079 μὲν
1081 4002 1274 4081 ἀρίστη
1309 4004 1528 4082 ἐτύχθη,
1575 4002 1784 4081 Ἧματι
1815 4007 1860 4062 δ’
1894 3998 2010 4065 αὖθ’

452 4086 652 4159 ἥσσων.

537 4178 671 4244 418.
709 4176 916 4244 δούλαις
941 4175 977 4248 ἢ
1015 4180 1286 4257 πενιχραῖς
1324 4178 1414 4237 καὶ
1456 4178 1592 4252 GH,
1628 4181 1840 4257 δούλῃσι
1866 4205 2011 4240 πενι-

451 4271 602 4343 χραῐς
637 4262 672 4335 ἦ
701 4263 792 4322 καὶ
829 4266 924 4325 ed.
966 4286 1000 4325 e
1027 4266 1184 4345 conj.
1225 4269 1278 4326 D
1309 4270 1444 4326 315.
1492 4268 1603 4326 Sed
1649 4289 1858 4344 egenas
1888 4291 2013 4329 esse

453 4370 650 4410 servas
665 4354 1154 4432 supervacaneum
1167 4356 1516 4425 eratdicere,
1531 4358 1802 4432 quoniam
1825 4360 2013 4417 servis

453 4442 694 4499 omnino
721 4442 871 4501 nihil
903 4456 1026 4501 erat
1041 4444 1290 4521 proprii.
1327 4442 1526 4520 ltaque
1545 4446 1775 4521 praetuli
1799 4447 2009 4523 tripar-

455 4528 615 4585 titam
647 4531 932 4588 malarum
959 4550 1205 4589 uxorum
1247 4532 1604 4589 divisionem
1633 4554 1647 4590 t
1679 4542 1949 4613 πενιχραῖς
1978 4534 2013 4605 ἢ

451 4614 659 4683 δούλαις
681 4614 716 4687 ἢ
746 4617 852 4676 καὶ.

537 4706 760 4771 433-35
791 4705 905 4763 hoc
937 4706 1112 4766 modo
1141 4705 1295 4784 apud
1323 4705 1375 4764 G
1404 4706 1678 4781 leguntur
1703 4728 1716 4764 :

576 4846 812 4907 ἑζομένως
827 4845 998 4904 ποίησε
1023 4846 1150 4909 βίους
1171 4846 1298 4909 μάλα
1323 4848 1613 4909 παναγήτους
1626 4883 1640 4906 ,

575 4915 736 4979 ἀνέρας
763 4917 972 4979 ἁφνειαύς
987 4954 1000 4978 ,
1032 4918 1156 4980 μάλα
1177 4918 1226 4966 δὲ
1254 4919 1464 4980 δμωάσιν
1483 4920 1721 4981 ἀνάσσων,

577 4986 736 5049 πρῆξιν
753 4985 795 5036 δ’
807 4987 992 5046 ἥσσονα
1016 4989 1138 5037 δῶκε
1156 4992 1236 5037 καὶ
1259 4990 1320 5051 ἐμ
1341 4991 1550 5052 πρήξισιν
1575 4990 1654 5039 ὑπ’
1678 4992 1847 5047 ἄλλοις.

455 5098 554 5154 sed
585 5102 698 5167 434
725 5100 772 5155 δ’
799 5099 1021 5170 ἠώαισιν
1049 5102 1106 5159 Μ
1125 5148 1139 5173 ,
1169 5104 1212 5159 δ’
1243 5102 1555 5173 ἠώαισσισιν
1581 5105 1706 5178 (sie,
1733 5108 1832 5163 sed
1865 5129 1918 5162 αι
1946 5108 2011 5163 li-

455 5184 622 5242 neola
647 5188 1025 5267 transfixum)
1056 5189 1136 5263 Η,
1163 5189 1389 5258 ἦωέσσιν
1417 5189 1470 5248 J.
1497 5192 1758 5267 Longum
1792 5206 1878 5251 est
1917 5192 2013 5251 hic

2112 797 2387 853 omnibus
2408 792 2787 873 persuadeam
2815 814 2829 848 :
3725 787 3726 844 ¹

2233 934 2471 996 ἐζομένους
2494 931 2537 980 δ’
2557 933 2755 980 ὤπασσε
2778 929 2906 992 βίους
2936 929 3177 992 [τέχνας
3196 945 3255 976 τε
3280 929 3609 988 βαναύσους
3725 937 3726 982 l

2234 1001 2476 1064 ἀνδράσι
2498 997 2912 1064 τειρομένοις,]
2938 999 3063 1060 μάλα
3084 997 3127 1046 δ’
3158 999 3391 1060 ἠῴῃσιν
3412 999 3623 1047 ἀνάσσω.
3725 995 3726 1058 ζ

2232 1073 2393 1134 ἀνέρας
2418 1073 2625 1134 ἁφνειοὺς
2647 1072 2819 1128 ποίησε
2840 1069 2971 1117 πόλει
2994 1071 3289 1129 παναγὴτους
3540 1068 3661 1130 ven-a]
3725 1113 3726 1140 ¹

2232 1141 2525 1206 [χρήμασι
2552 1143 2650 1190 καὶ
2684 1142 2989 1202 τέχνῃσιν,
3016 1139 3072 1186 ἐν
3104 1135 3421 1198 ἑσπερίῃσι
3452 1138 3513 1184 δὲ
3552 1139 3660 1198 βαί-
3725 1165 3726 1180 l

2232 1212 2391 1276 πρῆξίν
2419 1212 2458 1260 θ’
2474 1213 2656 1270 ἥσσονα
2678 1209 2813 1270 δῶκ’,
2826 1210 2877 1258 ἐν
2898 1207 3089 1272 πρήξεσί
3105 1206 3149 1254 τ’
3165 1207 3312 1268 ἔμμεν
3326 1207 3409 1256 ὑπ’
3428 1207 3597 1261 ἄλλοις.
3725 1205 3726 1218 ’

2116 1335 2201 1392 Ad
2228 1334 2496 1392 ultimum
2526 1351 2761 1392 versum
2792 1333 2867 1392 cf.
2901 1330 2990 1400 Π,
3030 1333 3165 1401 162,
3198 1352 3335 1406 209.
3374 1329 3457 1388 ΠΙ
3478 1375 3496 1402 ,
3539 1333 3655 1391 328.
3725 1347 3726 1400 l

2112 1423 2215 1493 Vl,
2252 1430 2362 1493 427
2396 1443 2487 1498 sq.
2510 1465 2527 1492 ‚
2568 1421 2641 1479 de
2668 1421 3074 1499 supplemento
3106 1419 3289 1496 primi
3320 1439 3527 1478 versus
3560 1419 3660 1490 111,
3725 1417 3726 1442 ¹

2112 1511 2207 1566 62.
2236 1507 2341 1579 Vl,
2376 1509 2511 1581 527.

2190 1598 2327 1664 438.
2358 1597 2413 1654 δὲ
2442 1595 2533 1654 σὺν
2553 1597 2785 1652 αὐτοῖσιν
2809 1593 2940 1664 GH,
2964 1593 3007 1651 δ’
3030 1584 3135 1652 οἷον
3155 1594 3319 1650 τοῖσιν
3342 1594 3435 1653 ed.
3470 1613 3507 1652 e
3528 1595 3663 1670 conj.

2116 1684 2156 1741 R
2180 1728 2195 1754 ,
2239 1705 2347 1762 pro
2376 1704 2493 1761 qua
2534 1689 2578 1742 Α
2618 1696 2799 1742 tentat
2838 1681 2887 1740 δ’
2912 1685 2981 1748 ὡς
3015 1683 3267 1742 αὐτοῖσιν.
3304 1680 3426 1756 Ego
3462 1683 3661 1759 scripsi
3725 1703 3726 1758 f

2110 1771 2154 1828 δ’
2178 1771 2211 1828 ἃ
2238 1771 2329 1828 σὺν
2364 1773 2614 1828 αὐτοῖσιν.
2648 1769 2785 1832 Vid.
2810 1771 2881 1828 ad
2909 1789 2972 1830 v.
3006 1779 3144 1838 440.
3725 1791 3726 1830 3

2196 1869 2327 1928 440.
2358 1861 2615 1929 θνητοῖσιν
2640 1857 2859 1934 μογιρὸν
2889 1856 3056 1936 βίοτον
3087 1857 3139 1914 Η
3160 1855 3323 1928 edd„
3348 1856 3513 1932 quod
3538 1857 3657 1912 reli·
3725 1895 3726 1938 ᾗ

2111 1962 2361 2024 querunt
2384 1948 2635 2006 editores
2664 1960 2882 2006 mutato
2911 1969 2965 2004 v.
3000 1947 3134 2016 438.
3168 1945 3283 2003 Sed
3318 1965 3501 2022 quum
3532 1947 3659 2003 salso
3725 1981 3726 2000 ἢ

2108 2037 2401 2094 indicetur
2428 2036 2785 2112 argumenti,
2818 2035 2979 2113 quod
3016 2035 3305 2112 sequitur,
3342 2053 3571 2092 summa
3596 2069 3659 2077 —
3725 2069 3726 2096 ι

2110 2144 2297 2201 neque
2319 2129 2475 2183 enim
2502 2144 2731 2202 semper
2751 2138 2809 2182 et
2834 2123 3055 2200 ubique
3078 2123 3413 2202 perniciosa
3438 2137 3529 2180 est
3558 2122 3659 2180 Lu-
3725 2155 3726 2192 3

2107 2233 2183 2270 na
2203 2247 2302 2285 —‚
2340 2213 2385 2270 R
2412 2211 2565 2290 conj.
2586 2213 2839 2290 μογεροῖς.
2870 2211 3107 2282 Melius,
3136 2211 3373 2288 opinor,
3396 2230 3665 2288 supraco-

2110 2301 2258 2360 dicis
2281 2302 2573 2379 scriptura
2598 2314 2809 2378 praeter
2834 2319 3009 2358 unam
3037 2300 3263 2357 literam
3294 2298 3563 2356 restituta
3582 2297 3663 2356 hic

2109 2393 2307 2460 θνητοῖς
2337 2391 2388 2446 ἐν
2420 2391 2623 2467 μογερῷ
2656 2386 2813 2466 βιότῳ
2844 2388 3205 2465 scripsimuS.
3231 2384 3367 2446 vid.
3402 2385 3523 2456 Ill,
3564 2396 3662 2454 420
3725 2429 3726 2456 γ

2109 2471 2291 2541 ὅσσους
2328 2478 2484 2552 Μοῖρ’
2530 2476 2754 2545 ἐπέδησε
2781 2479 2979 2553 βροτῶν
3004 2477 3225 2551 μογεροῦ
3254 2473 3470 2550 βιότοιο.
3505 2509 3590 2532 -.
3612 2473 3661 2542 δὴ
3725 2459 3726 2472 ¹

2110 2569 2199 2621 νῦν
2228 2563 2320 2620 ed.
2348 2583 2381 2621 e
2409 2562 2562 2640 conj.
2593 2565 2791 2622 nescio
2816 2583 2988 2639 quam
3020 2561 3096 2620 ob
3124 2581 3379 2619 causam.

2190 2652 2325 2718 448.
2358 2652 2619 2725 θεμέθλων
2646 2650 2784 2711 edd.
2801 2693 2820 2723 ‚
2846 2651 3003 2727 quod
3022 2650 3157 2727 quis
3180 2649 3457 2708 defendat
3474 2669 3555 2707 ex
3584 2649 3662 2717 w,
3725 2647 3726 2702 ¹

2118 2741 2256 2811 130,
2289 2743 2425 2809 νηῶν
2454 2763 2509 2797 τε
2552 2738 2836 2815 θεμέθλοις.
2882 2738 2993 2796 Sed
3036 2741 3251 2796 mirum
3301 2739 3366 2795 ni
3402 2742 3665 2795 usitatum

2110 2828 2409 2904 scripserit
2452 2827 2745 2904 μελάθρων,
2788 2825 2945 2900 quod
2982 2825 3157 2884 etiam
3192 2822 3456 2881 imitator
3496 2825 3661 2882 simili
3725 2819 3726 2862 1

2109 2916 2239 2974 loco
2254 2914 2352 2985 lV,
2375 2917 2481 2973 361
2495 2958 2511 2984 ,
2536 2911 2829 2978 δεσποτίδες
2842 2911 3084 2989 μεγάλων
3098 2934 3155 2969 τε
3176 2908 3305 2989 βίων
3327 2910 3601 2989 μελάθρων
3616 2934 3661 2967 τε
3725 2938 3726 2959 2

2107 3010 2407 3081 φανοῦνται,
2432 3004 2625 3062 habet.
2648 3002 2738 3060 Cf.
2765 3000 2864 3074 Vl,
2892 3002 3005 3071 415
3035 3002 3235 3080 ἐχυρῶν
3267 3000 3582 3077 δωμήτορας
3601 2999 3663 3056 οἷ·
3725 3050 3726 3055 ,

2110 3112 2239 3161 κων,
2264 3105 2324 3149 et
2343 3091 2497 3149 infra
2526 3088 2645 3161 111,
2677 3091 2815 3167 239.

2192 3178 2329 3244 451.
2354 3178 2612 3258 ἔμφρονας
2634 3177 2756 3249 ed.‚
2782 3176 2885 3236 sed
2902 3174 3147 3257 εὔφρονας
3163 3188 3481 3235 revocatur
3494 3197 3558 3254 p.
3580 3197 3659 3233 xi..
3725 3188 3726 3249 ξ

2192 3267 2329 3335 455.
2358 3266 2440 3325 ἐπ’
2468 3265 2693 3345 ἔργοισιν
2718 3268 2821 3328 ἑοῖς
2843 3265 2970 3337 GH,
2990 3263 3213 3343 ἔργοισιν
3244 3264 3349 3329 ἑοῖς
3366 3264 3482 3333 ed„
3512 3266 3663 3341 ἀγρεῖ·

2110 3376 2191 3411 σιν
2222 3356 2322 3419 ἑοῖς
2343 3354 2395 3411 D
2416 3355 2555 3420 648.
2584 3353 2947 3429 Quamquam
2986 3352 3218 3411 defendi
3242 3365 3441 3431 potest
3464 3372 3663 3429 prono·
3725 3362 3726 3377 ¹

2110 3461 2242 3501 men
2257 3484 2274 3513 ,
2300 3454 2491 3500 tamen
2506 3486 2523 3515 ,
2545 3440 2703 3518 quod
2723 3454 2837 3498 tam
2866 3440 3034 3499 facile
3052 3452 3179 3499 erat
3200 3451 3260 3497 et
3278 3440 3467 3497 multo
3498 3441 3665 3515 sigui·

2108 3528 2403 3599 ficantius,
2435 3527 2599 3606 ἔργοις
2624 3534 2812 3590 κενεοῖς
2842 3526 3090 3585 restitui.

2188 3618 2322 3685 456.
2346 3614 2547 3675 δύναιντ’
2569 3615 2713 3686 GH,
2744 3638 2803 3692 γε
2827 3614 3031 3673 δύνανθ’
3062 3615 3152 3674 ed.
3186 3614 3379 3675 fulcro
3410 3614 3519 3673 illo
3540 3635 3665 3673 rur-
3725 3652 3726 3683 ;

2105 3725 2203 3763 sus
2231 3706 2429 3775 illat03
2456 3702 2690 3762 ἐδύνανθ’
2709 3702 2829 3779 jam
2860 3716 3015 3761 recte
3040 3702 3094 3759 D
3112 3703 3251 3769 648.
3725 3712 3726 3749 l

2189 3792 2324 3859 468.
2360 3789 2765 3868 μεγαληγορίαις
2796 3790 3079 3869 χαίροντας
3110 3790 3273 3859 edd„
3306 3790 3414 3849 sed
3442 3792 3663 3865 μεγαλη·
3725 3810 3726 3867 ¹

2106 3880 2327 3952 νορίαισι
2354 3880 2470 3938 MH
2488 3922 2503 3951 ,
2529 3876 2987 3957 μεγαληνορίαισιν
3008 3876 3067 3935 J.
3094 3876 3165 3934 Et
3210 3878 3477 3937 clausula
3503 3898 3659 3955 spon·
3725 3870 3726 3931 ¹

2102 3966 2269 4025 diaca
2290 3980 2552 4044 suspecta
2574 4000 2652 4009 —
2671 3965 2793 4023 vid.
2822 3984 2999 4044 supra
3018 4000 3125 4039 —‚
3150 3979 3209 4023 et
3241 3966 3407 4042 quod
3442 3968 3527 4025 nil
3558 3967 3659 4023 nisi
3725 3964 3726 4039 J

2104 4056 2252 4112 mala
2270 4054 2563 4133 portendit
2580 4052 2759 4111 Lunae
2776 4069 2907 4111 cum
2932 4052 3117 4111 Marte
3136 4053 3503 4129 conjunctio.
3530 4054 3659 4111 Hinc

2108 4140 2521 4221 μεγαληγορίῃσι
2562 4139 2820 4219 χανόντας
2865 4141 3110 4219 scripsi,
3153 4139 3315 4197 haud
3343 4143 3565 4199 veritus
3602 4158 3662 4197 ne

2102 4232 2235 4307 quis
2260 4229 2461 4289 aoristi
2487 4229 2805 4307 participio
2830 4228 3181 4287 offendatur.
3725 4256 3726 4263 1

2188 4318 2322 4385 483.
2352 4314 2471 4374 εὐθὺ
2494 4316 2651 4387 edd„
2677 4313 2823 4381 εὐθὺς
2841 4314 2913 4371 Μ.
2942 4314 3058 4373 Sed
3077 4335 3151 4373 ex
3172 4336 3230 4373 v.
3256 4324 3371 4387 474
3398 4306 3515 4373 εἶτα
3542 4315 3660 4372 scri·
3725 4334 3726 4347 ¹

2102 4405 2355 4464 bendum
2389 4405 2513 4463 suit.

2186 4496 2318 4566 487.
2354 4490 2510 4572 βιότῳ
2530 4491 2698 4563 edd.;
2730 4490 2931 4570 βιότους
2952 4510 3028 4549 ex
3051 4512 3105 4549 v.
3132 4492 3248 4555 433
3278 4505 3339 4549 et
3365 4492 3654 4549 concinni·
3725 4498 3726 4557 ᾗ

2104 4584 2234 4640 tatis
2252 4600 2423 4639 causa
2435 4581 2671 4658 scripsi.
2687 4581 2932 4639 Dativus
2947 4599 3022 4638 ex
3046 4579 3144 4659 βίῳ
3156 4582 3459 4657 sequentis
3476 4596 3659 4637 versus

2106 4682 2287 4728 Ortus.
3725 4724 3726 4727 ,

2190 4758 2324 4833 489.
2350 4754 2610 4833 γενέθλαις
2644 4755 2813 4825 edd.‚
2839 4752 3081 4831 γενέθλης
3102 4774 3241 4826 nos,
3274 4754 3363 4813 uti
3395 4753 3517 4830 jam
3546 4751 3661 4811 Hol—
3725 4790 3726 4795 ,

2108 4858 2254 4903 sten.
2278 4846 2342 4902 in
2355 4864 2538 4921 marg.
2560 4844 2829 4921 conjecit.
2856 4844 2926 4901 Et
2945 4841 3098 4901 haud
3118 4843 3242 4900 scio
3262 4863 3339 4900 an
3363 4844 3537 4901 etiam
3555 4863 3661 4918 προ·
3725 4844 3726 4847 ’

2107 4930 2260 5011 τέρην
2290 4932 2610 5008 scripserit.

2193 5029 2329 5094 492.
2360 5017 2478 5089 ἤτοι
2510 5018 2897 5096 συντροχοίουσ’,
2934 5016 3047 5075 ἐπεὶ
3089 5018 3195 5075 GH
3220 5063 3233 5085 .
3272 5008 3309 5089 ἦ
3342 5040 3425 5077 τοι
3464 5038 3657 5091 συντρο·

2106 5106 2327 5184 χέουσα,
2339 5105 2465 5185 πρὸς
2477 5106 2585 5176 ed„
2596 5107 2749 5165 haud
2762 5108 2883 5164 scio
2899 5126 3071 5183 quam
3086 5106 3163 5163 ob
3180 5126 3433 5165 causam.
3446 5105 3554 5163 Sed
3566 5104 3659 5160 ini·
3725 5180 3726 5183 Ἴ

2107 5194 2189 5252 tio
2214 5190 2250 5263 ἢ
2275 5192 2365 5251 καὶ
2390 5192 2759 5252 scribendum
2781 5194 2891 5251 fuit
2911 5213 2944 5251 e
2972 5194 3394 5252 consuetudine
3420 5192 3620 5251 Nostri.
