3767 5825
1099 349 1442 411 DIONYSU
1484 348 1587 408 DE
1629 349 1916 411 AvlssUs
1961 348 2106 410 LIB.
2153 349 2232 411 11.

3170 361 3278 413 115

78 485 251 552 αὐτοῦ,
280 481 389 550 νέος
417 485 479 540 ἐκ
505 486 599 554 τῆς
626 480 819 563 τέφρας
855 474 999 548 αὖθις
1023 480 1195 561 ἕτερος
1220 479 1421 559 γίνεται
1462 479 1625 562 φοίνιξ
1718 502 1891 539 rursus
1902 502 2060 540 novus
2071 489 2271 552 pboeuix
2289 503 2318 540 e
2335 491 2500 540 cinere
2517 489 2675 552 surgit
2691 491 2744 540 et
2759 487 2935 539 iisdem
2953 489 3134 552 quibus
3152 493 3288 554 pater

74 571 151 628 καὶ
172 573 275 638 τοῖς
298 569 562 652 ”²³9‘f’02<
586 571 724 630 ἔθεσι
749 574 974 651 Χρῆταῑν
1003 568 1137 628 ὥστε
1164 569 1265 628 ὑπὸ
1285 573 1377 640 τῆς
1404 572 1625 642 ἡλιακῆς
1716 603 1935 654 moribus
1966 603 2136 667 utimr,
2159 605 2228 654 ita
2253 607 2310 654 ut
2339 605 2448 654 sine
2482 605 2728 667 genitore,
2761 604 2866 654 sine
2892 606 3156 668 genitrice,
3185 607 3288 656 solo

72 659 209 734 μόνον
238 661 430 736 αὐγῆς,
474 658 669 740 πατρός
706 681 765 718 τε
791 658 883 717 καὶ
910 655 1109 738 μητρὸς
1148 657 1341 738 χωρὶς,
1368 655 1457 716 τὸν
1484 656 1625 738 ὄρνιν

70 747 283 826 γίνεσθαι
309 752 511 807 τοῦτον.

488 1033 740 1094 ΛΟΓΟΣ
778 1028 1198 1094 ΔΕΥΤΕΡΟΣ

137 1187 175 1244 1.
216 1181 443 1244 Λεκτέον
468 1181 523 1241 δὲ
553 1181 643 1241 καὶ
667 1181 791 1262 περὶ
820 1185 922 1241 τῶν
954 1180 1219 1263 ἀμφιὸίων
1247 1181 1480 1261 ὀρνίθων,
1502 1179 1623 1240 ὅσαι

68 1275 123 1349 τῇ
149 1270 386 1350 θαλάσσῃ
422 1269 669 1352 χαίρωσι
708 1269 800 1329 καὶ
836 1279 951 1336 ταῖς
988 1274 1171 1336 ἀκταῖς
1209 1270 1503 1350 ἐφιζάνουσι
1534 1269 1624 1328 καὶ

68 1359 179 1436 πρὸς
197 1367 307 1427 τοῖς
329 1361 589 1438 αἰγιαλοῖς
608 1365 879 1419 ποιοῦνται
896 1359 989 1426 τὰς
1010 1358 1195 1428 καλιὰς
1209 1403 1226 1432 ,
1252 1351 1326 1418 ὧν
1353 1359 1464 1418 ἔστι
1494 1358 1621 1436 γένη

68 1447 217 1506 πλείω
242 1471 301 1506 τε
324 1447 419 1508 καὶ
440 1447 685 1506 ποικίλα·
714 1449 773 1507 οὐ
800 1447 905 1529 γὰρ
932 1447 1178 1516 ἐλάττους
1212 1446 1390 1529 τρέφει
1410 1451 1503 1519 τῆς
1530 1451 1625 1526 γῆς

66 1535 211 1612 ὄρνεις
240 1541 277 1609 ἡ
319 1537 585 1598 θάλασσα.
668 1539 751 1598 Οὔ
788 1537 895 1614 μὴν
920 1537 1017 1614 μία
1046 1536 1197 1618 φύσις
1221 1535 1421 1602 τούτοις
1444 1559 1501 1596 τε
1533 1535 1623 1595 καὶ

68 1633 159 1690 τοῖς
190 1624 459 1706 χερσαίαις
513 1623 653 1685 ἐστίν
668 1648 683 1664 ·
728 1624 865 1684 ἀλλὰ
900 1633 1006 1693 τοῖς
1042 1624 1137 1703 μὲν
1177 1623 1265 1685 ἐπὶ
1300 1633 1414 1692 ταῖς
1442 1623 1621 1706 σαρξὶν

68 1714 333 1796 ἀραιότερα
358 1715 529 1773 κεῖται
558 1712 725 1794 πτερὰ
749 1712 839 1773 καὶ
862 1713 988 1795 πρὸς
1012 1713 1108 1785 τὴν
1132 1721 1351 1793 ταχεῖαν
1379 1712 1621 1794 χρήσιμα

66 1805 265 1870 πτῆσιν·
309 1801 489 1862 πυκνὰ
518 1801 575 1860 δὲ
617 1801 710 1861 καὶ
752 1804 996 1878 οὐδαμῶς
1022 1801 1292 1884 πεφυκότα
1342 1803 1621 1882 βρέχεσθαι

67 1891 358 1968 περισκέπει
379 1889 498 1958 τοὺς
523 1888 822 1970 ἀμφιὸίους,
844 1888 982 1949 ὥστε
1003 1889 1258 1970 νήχεσθαι
1282 1891 1454 1956 αὐτοῖς
1474 1890 1623 1947 ἀδια-

68 1977 259 2058 Ερόχοις
286 1978 499 2047 ἐξεῖναι.
586 1978 696 2038 Καὶ
721 1978 913 2058 πόρους
940 1975 1151 2057 ἔχουσιν
1172 1978 1261 2036 ἐπὶ
1287 1981 1393 2038 τῶν
1420 1976 1623 2054 στομά-

68 2089 159 2124 των
184 2067 429 2140 πλατεῖς,
456 2064 521 2125 δι’
546 2056 619 2125 ὦν
644 2065 733 2125 τὸν
756 2063 1019 2146 ληφθέντα
1050 2064 1198 2146 ἰχθὺν
1226 2064 1621 2146 παραπέμπου-

72 2179 142 2212 σιν
178 2157 248 2223 εἷς
278 2154 377 2226 τὴν
425 2154 659 2236 γαστέρα
700 2153 947 2222 εὐκόλως.
1034 2153 1195 2216 Ἀλλὰ
1243 2152 1334 2214 καὶ
1380 2155 1621 2233 στεγανοὶ

70 2247 159 2309 τοῖς
179 2243 444 2309 πλείστοις
465 2243 619 2310 πόδες
643 2242 794 2316 είσὶν,
818 2233 895 2311 οἷς
918 2243 1005 2302 ἐπὶ
1034 2247 1136 2302 τῶν
1166 2242 1369 2302 ὑδάτων
1405 2233 1489 2300 οἷα
1515 2242 1623 2300 κώ-

68 2355 176 2398 παις
207 2337 446 2412 χρῶνται
472 2330 774 2410 νηχόμενοι.
860 2331 971 2392 Καὶ
1000 2331 1150 2413 φύσις
1188 2330 1285 2408 μὲν
1328 2332 1500 2394 αὐτοῖς
1526 2330 1622 2403 ἥδε

70 2421 225 2492 κοινή·
266 2421 491 2497 δυνάμει
530 2421 575 2478 δ’
607 2419 993 2500 ὓπερὸάλλουσι
1038 2420 1154 2488 τοὺς
1182 2419 1395 2487 λοιποὺς
1422 2418 1624 2487 πάντας

71 2513 108 2566 οἱ
128 2510 397 2583 ἇλιαίετοι,
420 2509 483 2568 τὸ
504 2506 601 2586 μὲν
621 2500 753 2576 εἶδος
778 2510 885 2575 τοῖς
906 2507 1172 2590 χερσαίαις
1194 2511 1361 2575 ἀετοῖς
1383 2508 1621 2580 ἐοικότες,

74 2602 187 2678 βορᾷ·
218 2600 271 2657 δὲ
300 2596 569 2680 χρώμενοι
602 2596 889 2678 θαλαττίᾳ,
929 2598 1021 2656 καὶ
1059 2595 1180 2664 τοὺς
1218 2599 1361 2676 ἰχθῦς
1389 2597 1622 2674 μάλιστα

72 2690 302 2766 θηρῶντες
328 2687 585 2763 ἐκείνως,
618 2684 667 2745 οἳ
698 2687 849 2745 πλεῖν
885 2687 1141 2759 δοκοῦσιν,
1172 2686 1261 2745 ἐπὶ
1292 2685 1466 2768 ἄκρων
1496 2687 1622 2746 ὑδά-

73 2797 159 2832 των
181 2775 493 2856 νηχόμενοι,
524 2773 662 2833 ὥστε
696 2773 787 2833 καὶ
825 2773 981 2852 μέρος
1017 2776 1192 2841 αὐτοῖς
1232 2773 1447 2856 ἐκφανὲς
1488 2765 1622 2834 εἶναι

73 2868 151 2923 τοῦ
187 2863 453 2940 σώματος.
542 2865 627 2925 Οὔ
675 2861 779 2941 μὴν
825 2862 907 2921 ἀεὶ
948 2863 1181 2944 χρηστὸν
1225 2863 1400 2931 αὐτοῖς
1437 2861 1497 2922 τὸ
1532 2867 1624 2935 τῆς

74 2951 217 3032 ἄγρας
240 2954 389 3020 τέλος
422 2950 595 3012 ἐστίν·
629 2952 735 3019 τοῖς
775 2949 879 3032 γὰρ
910 2952 1110 3029 μείζοσι
1144 2951 1401 3018 πολλάκις
1448 2952 1623 3032 ἰχθύσι

72 3042 151 3107 τὰς
174 3042 463 3119 καμπύλας
481 3043 587 3099 τῶν
614 3038 819 3119 ὀνύχων
859 3039 1230 3106 ἐπιὸάλλοντες
1266 3037 1466 3117 ἀκμὰς,
1494 3041 1625 3119 πρὸς

76 3129 157 3203 μὲν
178 3130 262 3188 τὸν
290 3130 429 3211 ἀέρα
454 3127 640 3195 αὐτοὺς
660 3130 759 3187 οὐκ
787 3127 1053 3208 ἰσχύουσιν
1078 3133 1147 3194 ὡς
1178 3130 1353 3208 βαρεῖς
1382 3130 1625 3187 ἀνασπᾶ-

75 3238 177 3288 σαι,
200 3217 577 3295 καθελκόμενοι
601 3216 647 3275 δ’
666 3214 816 3275 αὐτοὶ
838 3215 1223 3297 διαφθείρονται
1246 3223 1431 3275 θᾶττον
1457 3214 1499 3297 ἢ
1519 3216 1623 3274 δια·

74 3308 345 3388 φθείρουσι,
375 3306 509 3389 πρὸς
535 3305 625 3366 τὸν
651 3310 744 3379 τῆς
772 3304 1043 3377 θαλάσσης
1062 3302 1300 3381 πυθμένα
1327 3308 1420 3375 τῆς
1442 3304 1624 3377 ὀδύνης

72 3394 173 3463 τοὺς
198 3399 345 3476 ἰχθῦς
390 3394 727 3476 ἐπειγούσης,
757 3397 861 3455 τῶν
891 3393 937 3453 δ’
971 3394 1067 3452 οὐκ
1109 3392 1396 3473 ἰσχυόντων
1432 3394 1623 3451 διαπα-

74 3482 229 3561 ρέντας
270 3482 417 3552 ἅπαξ
454 3485 749 3543 δπεκλῦσαι
788 3481 905 3549 τοὺς
936 3480 1146 3561 ὄνυχας.
1229 3484 1281 3541 Τ
1282 3480 1459 3549 ούτους
1496 3481 1624 3562 φασὶ

70 3573 225 3639 νόθους
262 3575 460 3640 παῖδας
508 3574 679 3631 ἀετῶν
724 3561 861 3630 εἶναι
904 3568 1190 3651 χερσαίων,
1239 3569 1331 3628 καὶ
1370 3573 1473 3629 τῶν
1514 3593 1623 3629 πα-

70 3660 231 3743 τρῴων
272 3663 477 3721 καλιῶν
508 3658 597 3721 διὰ
634 3665 789 3720 τοῦτο
815 3658 1188 3736 ἐξεληλάσθαι,
1235 3648 1348 3717 εἶτα
1387 3658 1489 3718 ὑπό
1518 3681 1625 3717 τισι

72 3750 335 3831 τραφέντας
377 3750 559 3817 ἄλλοις
591 3748 815 3830 ὀρνέοις,
830 3746 955 3839 ῥτὰς
989 3748 1076 3807 ἐπὶ
1112 3752 1209 3821 τῆς
1237 3751 1334 3825 γῆς
1374 3746 1623 3806 ἐκκλίνειν

75 3836 323 3921 διατριὸὰς
350 3840 448 3899 καὶ
476 3840 582 3905 τοῖς
610 3837 891 3915 πελάγεσιν
921 3837 1276 3921 ὑπερχαίρειν.
1360 3838 1431 3897 Οἱ
1465 3838 1626 3905 ἁλιεῖς

72 3925 109 3981 δ’
130 3929 308 3997 αὐτοὺς
339 3932 415 3996 ὡς
444 3927 633 4001 εὖκτήν
657 3951 775 3987 τινα
811 3927 903 3987 καὶ
934 3926 1102 3988 αἴσιον
1124 3927 1242 4009 ὄψιν
1273 3926 1617 3997 ἀσπάζονται.

138 4020 203 4076 ΙΙ.
230 4016 421 4098 Ὄρνις
443 4016 501 4077 δέ
527 4040 605 4085 τις
629 4016 794 4094 ἔστιν,
820 4020 891 4083 ὥς
918 4018 968 4075 οἱ
997 4019 1100 4075 τῶν
1126 4015 1303 4095 λάρων
1329 4015 1623 4089 ἐλάσσονες,

68 4104 257 4185 ἰσχυρὸς
280 4106 339 4165 δὲ
368 4106 463 4165 καὶ
488 4106 585 4177 τὴν
612 4104 801 4186 χροιὰν
832 4103 1017 4172 λευκὸς
1044 4102 1137 4162 καὶ
1160 4111 1267 4170 τοῖς
1290 4102 1384 4169 τὰς
1416 4103 1625 4183 φάσσας

70 4192 347 4272 ἀναιροῦσιν
374 4190 547 4272 ἱέραξι
569 4191 887 4274 προσόμοιος
902 4237 919 4267 ,
942 4190 997 4259 ὃς
1019 4190 1333 4269 ὀνομάζεται
1355 4189 1624 4273 καταῤῥοί-

68 4304 201 4351 κτης·
230 4286 336 4341 τῶν
366 4282 673 4363 νηχομένων
706 4281 810 4363 γάρ
833 4304 979 4348 τινας
1016 4279 1253 4361 τηρήσας
1278 4278 1496 4360 ἰχθύων,
1527 4282 1625 4362 ὁρᾷ

71 4368 115 4426 δὲ
152 4372 239 4429 καὶ
282 4371 447 4453 μέχρι
487 4377 579 4430 τοῦ
621 4375 714 4444 τῆς
765 4370 1027 4443 θαλάττης
1079 4373 1268 4449 βυθοῦ,
1320 4370 1449 4449 πρὸς
1498 4370 1623 4450 ὕψος

68 4460 229 4518 ἑαυτὸν
274 4460 443 4541 αἴρει,
485 4458 576 4519 καὶ
617 4458 687 4518 τὰ
708 4458 877 4540 πτερὰ
902 4458 1078 4516 πάντα
1120 4456 1397 4525 συστείλας
1437 4460 1508 4525 εἷς
1535 4458 1623 4516 τὸν

70 4548 254 4623 πόντον,
280 4542 371 4609 οἶα
396 4550 621 4623 πίπτων,
644 4548 810 4621 ἵεται,
836 4546 1099 4625 διατεμὼν
1122 4546 1212 4605 τὸν
1237 4547 1395 4625 ἀέρα,
1430 4548 1623 4614 παντὸς

72 4636 125 4692 ἂν
162 4640 295 4699 εἴποι
336 4662 415 4704 τις
456 4639 636 4718 βέλους
665 4636 921 4718 ὀξύτερον,
955 4635 1047 4695 καὶ
1080 4634 1398 4695 καταδύεται
1438 4633 1624 4716 μέχρις

68 4727 283 4803 ὀργυιᾶς,
312 4727 351 4799 ἢ
382 4728 473 4786 καὶ
503 4726 659 4785 πλέον
677 4750 689 4763 ·
723 4725 831 4785 ἔσθ’
849 4724 936 4784 ὅτε
960 4722 1238 4783 συλλαὸών
1274 4748 1331 4783 τε
1363 4722 1451 4783 τὸν
1476 4723 1623 4803 ἰχθὺν

72 4816 265 4897 ἀνασπᾷ
294 4814 391 4875 καὶ
418 4815 705 4892 ίπτάμενος
732 4812 809 4873 ἔτι
837 4814 1107 4871 πάλλοντα
1134 4810 1418 4873 κατεσθίει.
1500 4813 1625 4879 Τοῖς

72 4906 325 4973 σκοπέλοις
356 4904 412 4964 δὲ
440 4903 529 4964 καὶ
555 4907 663 4971 τοῖς
691 4905 948 4982 αἰγιαλοῖς
973 4900 1199 4981 ἔφιζάνει
1230 4899 1320 4959 καὶ
1352 4900 1466 4966 ταῖς
1496 4922 1623 4980 χοι-

76 4990 177 5070 ράσι
204 4994 445 5075 πέτραις,
473 4992 529 5052 αἳ
558 4992 743 5072 μικρὸν
787 4991 1175 5070 ὓπερκύπτουσι
1202 4992 1296 5060 τῆς
1326 4988 1625 5061 θαλάσσης,

1716 717 1971 782 splendore
1998 718 2211 769 Phoebeo
2232 719 2341 769 avis
2363 719 2471 769 haeo
2492 722 2796 782 procreetur.

2443 917 2584 930 μ.-

2145 1031 2378 1093 LIBER
2430 1029 2857 1093 SECUNDUS.

1778 1189 1821 1238 1.
1838 1186 2114 1238 Dicendum
2128 1188 2276 1238 etiam
2285 1188 2346 1238 de
2355 1187 2552 1250 avibus,
2563 1197 2684 1251 quas
2692 1187 2966 1251 amphibias
2976 1192 3170 1256 vocent,
3181 1206 3292 1257 quse

1716 1289 1838 1338 mari
1855 1289 2072 1351 gaudent
2092 1289 2436 1353 littoribusque
2458 1289 2786 1340 immorantur
2811 1293 2960 1354 atque
2985 1291 3037 1341 in
3059 1293 3160 1343 oris
3189 1308 3292 1344 ma-

1718 1392 1899 1443 ritimis
1919 1392 2060 1443 nidos
2081 1394 2392 1444 construunt.
2457 1393 2604 1444 Plura
2619 1407 2788 1444 earum
2805 1396 2922 1445 sunt
2943 1408 3117 1457 genera
3140 1411 3294 1462 eaque

1715 1496 1878 1558 varis3
1901 1509 2062 1560 neque
2086 1497 2222 1546 enim
2253 1509 2388 1547 mare
2413 1496 2668 1560 pauciores
2691 1510 2840 1561 quam
2864 1495 3009 1548 tellus
3039 1512 3154 1550 aves
3176 1501 3290 1565 alit;

1716 1599 1767 1648 at
1788 1599 1962 1648 natura
1984 1611 2084 1648 non
2110 1598 2282 1648 eadem
2309 1599 2577 1663 aquaticis,
2601 1613 2716 1664 quae
2751 1600 3062 1651 terrestribus
3085 1604 3188 1666 est;
3217 1603 3293 1652 his

1716 1701 1848 1750 enim
1884 1713 2000 1750 caro
2032 1700 2294 1751 rarioribus
2327 1701 2510 1764 tegitur
2534 1701 2736 1765 pennis,
2759 1702 2941 1765 quibus
2967 1703 3175 1754 celerius
3206 1719 3292 1755 vo-

1716 1804 1849 1866 leut;
1872 1803 2116 1867 aquaflcoe
2150 1817 2271 1854 vero
2296 1805 2480 1868 plumis
2501 1804 2822 1868 spissioribus
2836 1841 2853 1869 ,
2877 1819 2993 1870 quoe
3021 1821 3292 1872 numquam

1714 1902 1964 1954 madefieri
1983 1906 2218 1966 possunt,
2241 1903 2593 1967 defenduntur,
2616 1904 2738 1955 adeo
2769 1907 2826 1956 ut
2856 1905 3004 1956 siccis
3027 1907 3098 1957 eis
3129 1911 3294 1960 natare

1712 2004 1874 2056 liceat.
1941 2008 2130 2057 meatus
2169 2007 2317 2058 rostri
2362 2007 2663 2058 diductior&
2703 2021 2902 2073 quoque
2942 2010 3124 2060 babent
3137 2049 3152 2075 ,
3194 2026 3294 2076 quo

1714 2110 1901 2174 piscem
1921 2112 2120 2174 captum
2137 2111 2275 2160 nullo
2295 2111 2492 2173 negotio
2518 2110 2571 2160 in
2601 2113 2819 2163 ventrem
2840 2111 3119 2166 demittant.
3185 2115 3294 2166 Pal-

1713 2207 1932 2270 mipodes
1943 2209 2061 2257 suut
2079 2207 2327 2272 pleraeque
2343 2207 2565 2272 adeoque
2582 2208 2791 2272 pedibus
2812 2222 3058 2261 remorum
3078 2212 3230 2262 instar
3245 2213 3295 2263 in

1714 2309 1855 2373 aquis
1889 2312 2114 2360 utuntur.
2181 2313 2302 2362 Haec
2336 2311 2536 2375 quidem
2568 2312 2816 2364 universis
2841 2316 3124 2366 communis
3149 2319 3292 2390 sunt3

1715 2413 1889 2463 robore
1921 2427 2040 2464 vero
2063 2413 2193 2464 inter
2229 2414 2448 2478 reliquas·
2467 2415 2634 2478 aquila
2669 2416 2858 2466 marine
2896 2419 3294 2481 praestantissima

1715 2516 1817 2578 est;
1862 2515 2028 2580 specie
2074 2515 2278 2580 quidem
2319 2517 2634 2568 terrestribus
2677 2531 2779 2568 non
2821 2519 3100 2584 dissimilis,
3141 2521 3226 2572 sed
3265 2536 3294 2574 e

1718 2621 1841 2670 mari
1870 2617 2091 2683 victitat,
2132 2621 2184 2670 et
2207 2620 2423 2684 piscium
2462 2621 2659 2684 praeda,
2699 2622 2900 2673 illorum
2922 2623 3141 2675 maxime
3157 2660 3172 2686 ,
3204 2625 3291 2688 qui

1716 2722 1913 2772 fluitare
1928 2723 2175 2785 videntur,
2199 2723 2252 2773 in
2275 2723 2528 2788 superficie
2549 2736 2691 2787 aquae
2712 2725 2952 2789 natantes,
2975 2726 3047 2776 ita
3081 2729 3139 2778 ut
3177 2741 3286 2778 cor-

1714 2826 1847 2890 poris
1862 2825 2085 2890 ipsorum
2105 2839 2220 2889 pars
2237 2825 2398 2889 aliqua
2419 2826 2517 2876 sub
2532 2829 2848 2890 conspectum
2866 2827 3049 2879 veniat.
3114 2831 3177 2879 At
3194 2842 3292 2880 non

1715 2931 1974 2993 perpetuus
1991 2929 2035 2979 ei
2059 2941 2316 2979 successus
2329 2929 2403 2979 est
2413 2946 2430 2991 ;
2448 2929 2697 2981 interdum
2715 2930 2865 2993 enim,
2881 2944 2996 2981 cum
3015 2932 3066 2981 iu
3083 2932 3292 2993 malores

1714 3028 1875 3092 pisces
1903 3026 2117 3077 aduncos
2139 3026 2377 3089 unguium
2409 3040 2670 3077 mucrones
2696 3028 2915 3091 infixere,
2937 3041 3031 3079 nec
3055 3029 3107 3080 in
3139 3031 3292 3081 altum

1716 3125 1877 3175 levare
1909 3125 2141 3187 possunt,
2174 3122 2390 3186 pondere
2415 3123 2536 3174 victi
2573 3137 2672 3173 uns
2702 3136 2819 3174 cum
2841 3122 3058 3187 piscibus
3093 3138 3290 3188 pessum

1716 3229 1837 3277 eunt
1862 3229 1914 3278 et
1935 3226 2208 3291 perduntur
2231 3226 2388 3290 magis
2417 3240 2564 3289 quam
2584 3226 2790 3291 perdant
2803 3264 2820 3291 ,
2853 3227 2916 3278 ad
2935 3227 3094 3277 imum
3127 3230 3289 3293 pelagi

1717 3324 1923 3375 fundum
1961 3326 2106 3380 tracti
2119 3362 2134 3389 ,
2171 3340 2270 3389 quo
2309 3326 2469 3389 pisces
2499 3327 2704 3389 urgente
2729 3324 2900 3376 dolore
2935 3340 2990 3378 se
3021 3327 3286 3393 recipiunt,

1717 3436 1902 3487 ungues
1937 3423 2195 3474 transfixos
2238 3423 2472 3487 quoniam
2509 3423 2740 3487 expedire
2777 3438 2882 3475 non
2925 3424 3109 3477 valent.
3187 3428 3289 3476 llos

1715 3524 1852 3574 aiunt
1869 3523 2090 3587 spurium
2113 3535 2220 3573 esse
2236 3522 2409 3573 foetum
2431 3523 2738 3574 terrestrium
2759 3523 3060 3587 aquilarum,
3082 3524 3292 3589 ideoque

1716 3636 1747 3671 a
1782 3623 1995 3685 paternis
2035 3620 2168 3673 nidis
2199 3621 2401 3685 repelli,
2439 3620 2618 3673 deinde
2649 3635 2738 3685 per
2779 3620 2902 3671 alios
2937 3621 3170 3685 quosdam
3205 3624 3292 3673 ali·

1714 3722 1789 3770 tes
1810 3719 2072 3783 educatos,
2095 3720 2318 3782 neglecta
2334 3722 2464 3769 terra
2476 3756 2492 3782 ,
2516 3720 2615 3769 alto
2641 3718 2764 3769 mari
2793 3719 3013 3782 impense
3038 3720 3289 3774 oblectari.

1716 3818 2046 3876 Quamobrem
2070 3818 2338 3881 conspectu
2359 3817 2578 3881 ipsorum
2600 3819 2859 3881 exoptatus
2872 3817 3088 3882 bonique
3109 3820 3291 3869 ominis

1716 3914 1846 3981 apud
1876 3915 2150 3979 piscatores
2176 3915 2408 3965 habetur.

1778 4020 1847 4069 11.
1874 4017 1992 4067 Avis
2005 4014 2228 4080 quaedam
2243 4014 2477 4066 exststad
2487 4015 2641 4065 instar
2655 4014 2744 4063 lari
2761 4014 2983 4078 minoris,
2995 4014 3080 4065 sed
3095 4015 3292 4065 robusta

1716 4110 1768 4160 et
1796 4108 1964 4158 colore
1987 4104 2194 4155 candido
2213 4140 2228 4167 ,
2262 4104 2482 4167 accipitri
2510 4102 2816 4167 palumbario
2847 4103 3056 4167 similis;
3089 4108 3292 4155 vocatur

1717 4198 1881 4247 autem
1915 4192 2273 4256 catarrhactes3
2303 4192 2388 4242 ubi
2409 4192 2543 4242 enim
2565 4192 2726 4256 pisces
2749 4192 2939 4256 aliquot
2967 4194 3191 4245 natantes
3213 4192 3294 4243 vi:

1715 4284 1847 4336 derit
1886 4281 2374 4347 (perspicacissimus
2405 4283 2566 4331 autem
2592 4283 2668 4332 est
2696 4281 2778 4331 vel
2798 4280 2860 4330 ad
2899 4280 3107 4331 fundum
3135 4296 3293 4346 usque

1716 4372 1922 4435 maris),
1941 4370 2088 4421 altius
2105 4369 2258 4431 volat,
2276 4371 2345 4432 et,
2359 4368 2536 4432 pennis
2549 4368 2680 4417 omni
2688 4370 2778 4419 bus
2793 4370 3143 4433 contractis,’in
3159 4385 3292 4421 mare

1714 4464 1948 4523 tanquam
1967 4460 2334 4522 delapsus,per
2366 4448 2592 4507 medium
2608 4459 2734 4508 aeris
2771 4457 3078 4510 intervallum
3114 4461 3292 4524 quovis

1713 4552 1813 4602 telo
1839 4549 2052 4601 celerius
2079 4548 2248 4609 rei-tur,
2273 4549 2324 4598 et
2351 4546 2411 4596 ad
2435 4560 2610 4610 passus
2636 4548 2853 4611 spatium
2875 4548 2954 4598 vel
2981 4548 3130 4599 etiam
3165 4550 3294 4599 ultra

1717 4639 2049 4702 immergitur3
2084 4634 2335 4687 interdum
2367 4636 2777 4700 comprehensum
2811 4636 2998 4699 piscem
3044 4638 3290 4702 extrahit,

1714 4743 1861 4797 quem
1896 4742 2014 4779 mox
2039 4726 2242 4777 evolans
2276 4724 2598 4789 palpitantem
2625 4724 2790 4773 adhuc
2823 4724 3038 4775 devoret.
3105 4730 3292 4789 Scopu-

1716 4820 1780 4870 lis
1802 4832 1861 4869 ac
1881 4816 2130 4868 littoribus
2153 4817 2206 4866 et
2227 4813 2380 4879 petris
2405 4826 2578 4877 parum
2597 4824 2748 4876 supi-a
2767 4824 2940 4875 aquam
2961 4812 3294 4865 eminentibus

1717 4907 1926 4969 insidet3
1953 4906 2004 4955 in
2028 4906 2147 4969 potu
2165 4904 2357 4953 marina
2379 4915 2506 4965 aqua
2523 4938 2538 4965 ,
2557 4914 2677 4964 non,
2698 4901 2752 4952 ut
2771 4902 2946 4951 ceteroe
2963 4914 3098 4965 avos,
3125 4902 3295 4953 tiuvin-

1716 4996 1811 5057 tili,
1835 4996 1919 5045 aiut
1945 4994 2145 5044 fontana
2163 4994 2335 5044 utitur.
2407 4994 2598 5043 Fucum
2623 4992 2708 5040 aut
2724 4991 2881 5053 algam
2902 4992 3010 5041 ovis
3041 5004 3188 5055 super
3207 5006 3292 5056 pe·

74 5084 149 5139 καὶ
186 5090 315 5163 πρὸς
356 5083 513 5160 ποτὸν
554 5084 613 5140 οὗ
656 5080 794 5139 κατὰ
840 5078 958 5148 τοὺς
990 5079 1186 5146 ’ἄλλους
1226 5078 1391 5159 ὄρνεις
1430 5083 1627 5159 χρῆται
1717 5088 1843 5134 tram
1858 5082 2186 5146 substernunt,
2203 5096 2360 5145 neque
2381 5082 2566 5142 fovent,
2581 5079 2666 5130 sed
2687 5078 2850 5129 ventis
2863 5082 3291 5144 sempcrexposita

74 5180 311 5248 ποταμοῖς
354 5170 389 5244 ἢ
419 5178 643 5248 πηγαῖς,
683 5168 799 5229 ἀλλ’
840 5168 992 5227 ὕδατι
1023 5167 1325 5249 θαλασσίῳ·
1368 5167 1457 5227 καὶ
1490 5166 1625 5247 βρύα
1666 5200 1675 5223 ι
1720 5172 2026 5237 relinquunt,
2050 5170 2242 5221 etiamsi
2267 5171 2340 5221 sic
2362 5172 2510 5221 etiam
2531 5171 2752 5239 tractent·
2773 5180 2869 5220 ova
2890 5182 2980 5218 sua
3005 5188 3018 5218 :
3039 5183 3148 5219 mas
3167 5184 3288 5234 ova,
