3767 5825
478 381 499 432 i
510 381 589 432 04
1558 355 1966 418 ΟΠΠΙΑΝΟΥ
2010 355 2480 416 ΑΛΙΕΥΤῙΚΩΝ
2523 357 2592 418 Ε.

582 501 851 584 δελφίνων,
874 502 1141 558 ἀταλοῖσιν
1173 499 1405 576 ἀλίγκιον
1430 497 1668 568 ἠϊθέοισι·
2075 513 2082 558 Ι
2121 501 2403 566 delphinum
2417 539 2431 563 ,
2451 503 2630 552 teneris
2647 501 2818 552 similis
2835 501 3248 566 adolescentibus;

582 590 815 669 Θρήϊκες
837 579 905 647 αὗ
926 587 1019 648 καὶ
1043 595 1207 646 τοῖσιν
1238 585 1461 658 ἀπηνέες
1486 584 1807 656 ἐντύνονται,
2076 571 2082 634 ἶ
2124 592 2334 640 Thraces
2353 591 2530 642 iterum
2556 591 2704 641 etiam
2729 591 2806 640 his
2827 591 3047 642 crudeles
3069 593 3344 654 imminent,

581 677 911 756 στειλάμενοι
929 675 1053 758 δόρυ
1074 681 1264 758 κοῦφον
1284 674 1579 734 ἀτάσθαλον
1602 676 1651 740 ἐς
1672 672 1829 732 πόνον
1848 673 2031 753 ἄγρης.
2077 661 2082 690 ²
2123 679 2374 730 mittentes
2397 680 2584 729 hastam
2603 679 2761 729 levem
2785 680 3062 744 improbum
3081 681 3142 731 ad
3161 682 3372 732 laborem
3393 691 3598 746 capturas.

466 789 543 828 sao
583 764 658 828 Οἳ
680 764 775 845 μὲν
804 762 867 838 δὴ
892 763 1196 830 λεύσσοντες
1219 762 1552 842 ἐπειγόμενον
1576 759 1771 838 σκάφος
1792 760 1954 832 ἄντην
2079 790 2084 844 4
2129 769 2188 819 lii
2211 769 2410 832 quidem
2431 781 2548 820 saue
2567 769 2787 819 videntes
2805 769 3112 820 festinantem
3127 771 3355 833 scapham
3375 772 3652 822 exadversum

581 851 828 937 ἀτρεμέες
852 853 1100 931 μίμνουσι
1123 851 1214 910 καὶ
1240 853 1292 918 ἐς
1316 849 1475 931 φόὸον
1498 853 1597 928 οὐχ
1620 847 1859 929 ὁρόωσιν,
2079 851 2084 905 Ι
2125 857 2348 922 intrepidi
2366 863 2560 908 manent
2577 857 2694 908 etin
2713 857 2984 922 periculum
3006 872 3103 908 non
3125 860 3415 922 respiciunt,

582 941 642 1002 οὔ
669 944 765 1000 τιν’
788 941 1018 1019 ὀῑόμενοι
1046 938 1287 1020 μερόπων
1310 937 1478 1010 δόλον,
1502 933 1621 996 οὐδέ
1639 935 1736 993 τιν’
1762 935 1894 1007 ἄτην
2077 934 2084 1025 Ι
2125 946 2310 996 nullum
2329 948 2554 1008 putantes
2577 945 2930 996 tib-hominibus
2959 947 3150 1008 dolum,
3167 961 3326 1012 neque
3346 949 3484 998 ullam
3511 965 3650 999 nomm

582 1029 783 1100 ἵξεσθαι
797 1075 817 1108 ,
845 1029 1084 1089 σαίνουσι
1113 1027 1157 1086 δ’
1178 1025 1359 1099 ἐνηέας
1378 1023 1497 1097 ab&
1527 1024 1757 1106 ἑταίρους
2079 1028 2084 1116 Ι
2127 1039 2410 1094 venturam,
2427 1034 2626 1085 adulant
2648 1048 2765 1085 vero
2783 1035 3016 1098 benignos
3034 1036 3171 1100 quasi
3195 1037 3385 1088 sodales

582 1118 858 1198 γηθόσυνοι
911 1115 1263 1199 χρίμπτοντες
1286 1115 1369 1175 ἱὸν
1394 1113 1665 1194 χαίροντες
1683 1113 1915 1192 ὄλεθρον.
2079 1121 2085 1167 Ι
2125 1123 2227 1172 loeti
2275 1127 2606 1186 occurrentes,
2627 1137 2718 1174 suo
2738 1123 3003 1187 gaudentes
3025 1125 3189 1175 exitio.

468 1229 546 1268 aas
589 1210 659 1269 Oi.
684 1206 739 1266 δὲ
767 1210 896 1273 θοῶς
923 1205 1207 1272 ἐλάσαντες
1230 1206 1567 1283 ἀκοντιστῆρι
1593 1201 1800 1283 τριαίνῃ
1816 1247 1833 1280 ,

586 1295 683 1368 τήν
706 1295 751 1354 τ’
783 1293 940 1354 ἀκίδα
967 1291 1229 1366 κλείουσι,
1258 1291 1409 1373 βέλος
1430 1290 1793 1373 κρυερῶτατον
1821 1288 2010 1370 ἄγρης,

594 1383 843 1467 δελφίνων
870 1381 965 1442 ἵνα
992 1387 1177 1462 κοῦρον
1204 1375 1447 1461 ἀνωίστῳ
1474 1379 1635 1460 βάλον
1660 1379 1781 1459 ἄτῃ·

586 1471 752 1555 αὐτὰρ
781 1470 861 1550 ὅγ’
887 1468 1142 1542 ἰδνωθεὶς,
1164 1467 1347 1540 ὀδύνης
1374 1466 1478 1526 ὕπο
1504 1467 1691 1548 πικρὸν
1715 1465 1947 1546 ἀχεύων,
2124 1481 2176 1524 at
2195 1477 2272 1526 hic
2293 1478 2582 1528 convolutus
2597 1513 2612 1538 ‚
2631 1493 2660 1528 a
2677 1480 2894 1529 audatu
2915 1479 3088 1530 acerbe
3103 1479 3298 1542 dolens,

592 1559 769 1641 αὐτίχ’
796 1557 1125 1639 ὑποὸρυχίης
1150 1555 1279 1617 εἴσω
1304 1554 1623 1616 καταδύεται
1652 1554 1853 1632 ἅλμης,
2077 1558 2085 1640 Ι
2125 1565 2288 1614 statim
2309 1565 2563 1617 humidum
2585 1567 2713 1617 intra
2737 1567 3065 1632 submergitur
3081 1582 3243 1630 mare,

468 1673 548 1710 ste
588 1649 809 1729 ὀχθίζων
832 1645 1080 1728 σφακέλῳ
1106 1669 1163 1704 τε
1186 1644 1280 1704 καὶ
1308 1643 1627 1724 ἀργαλέησιν
1654 1644 1837 1710 ἀνίαις·
2079 1641 2085 1685 ³
2125 1654 2338 1704 aestuans
2355 1655 2404 1704 et
2420 1654 2705 1706 rix-vulnere
2725 1657 2775 1706 et
2797 1657 3107 1719 ex·gravibus
3127 1657 3445 1718 cruciatibus3

588 1741 635 1797 οἱ
658 1737 716 1796 δέ
746 1759 834 1814 μιν
863 1737 959 1796 οὐκ
981 1731 1189 1816 ἐρύουσι
1215 1731 1479 1812 βιώμενοι·
1510 1708 1545 1804 ἦ
1573 1730 1675 1812 γὰρ
1700 1730 1763 1790 ὒν
1794 1731 1958 1812 ἄγρης
2125 1741 2192 1790 illi
2217 1755 2332 1792 vero
2353 1743 2513 1806 ipsum
2533 1757 2634 1793 non
2654 1745 2854 1794 trahunt
2864 1744 3088 1808 violenti3
3111 1747 3324 1809 prolecto
3337 1747 3462 1795 enim
3480 1749 3653 1808 captum

588 1823 849 1906 μαψιδίως
868 1823 1012 1882 ἅλιον
1036 1821 1129 1881 καὶ
1158 1820 1371 1880 ἐτώσιον
1395 1819 1542 1902 ἔργον
1574 1820 1795 1901 ἄροιντο·
2127 1829 2302 1880 frustra
2323 1845 2504 1881 vanum
2527 1834 2577 1882 et
2593 1833 2786 1883 inanem
2809 1833 3026 1884 laborem
3051 1835 3376 1898 susciperent;

588 1913 725 1973 ἀλλά
754 1915 803 1972 οἱ
829 1911 1022 1992 ἱεμένῳ
1044 1907 1261 1989 δολιχὴν
1290 1911 1493 1990 ἐφιᾶσιν
1525 1909 1743 1988 ἄγεσθαι

421 2051 430 2059 .
589 2001 835 2081 μήρινθον
859 1999 950 2060 καὶ
974 2003 1077 2070 νῆα
1105 1996 1564 2078 κατασπέρχονσιν
1590 2001 1853 2079 ἐρετμοῖς,

468 2111 547 2152 5⁴5
588 2088 867 2166 ἑσπόμενοι
890 2089 1125 2168 δελφῖνος
1150 2085 1486 2165 ἀτυζομένοιο
1508 2084 1786 2153 κελεύθοις.

589 2178 726 2238 Ἀλλ’
750 2175 837 2236 ὅτε
864 2173 1182 2256 λευγαλέῃσι
1206 2171 1549 2246 κακηπελέων
1572 2171 1785 2252 ὀδύνῃσι

588 2265 765 2345 κάμνῃ
792 2265 884 2325 καὶ
904 2266 1130 2344 γλωχῗσι
1156 2261 1531 2344 περισκαίρῃσι
1560 2261 1772 2342 σιδήρου
1786 2307 1801 2336 ,
2126 2271 2352 2320 defecerit
2369 2274 2420 2321 et
2438 2273 2720 2336 cuspidibus
2737 2273 3227 2338 circumpalpitaverit
3245 2275 3352 2326 ferri
3367 2312 3380 2336 ,

2125 1211 2200 1261 llli
2218 1223 2332 1261 vero
2352 1211 2573 1261 celer-lter
2591 1211 2820 1263 ferientes
2834 1212 3096 1275 iaculatore
3117 1214 3326 1265 tridente
3339 1251 3352 1276 ‚

2125 1313 2270 1362 quem
2291 1301 2426 1350 acida
2442 1303 2645 1364 vocant,
2667 1301 2817 1352 telum
2843 1303 3302 1354 maxime-horribile
3319 1306 3522 1367 mptum·
3535 1342 3546 1362 ,

2125 1389 2454 1452 eat-delphinis
2475 1403 2628 1440 unum
2651 1403 2854 1454 parvum
2877 1393 3096 1442 extrema
3115 1393 3390 1455 percutiunt
3409 1408 3548 1454 nox-:13

2127 1918 2212 1968 sed
2235 1919 2327 1981 ipsi
2343 1920 2553 1984 cupienti
2577 1920 2768 1982 longam
2792 1922 3081 1984 permittunt
3103 1921 3413 1972 auferendam

2127 2006 2300 2056 lineam
2326 2009 2376 2056 et
2393 2021 2564 2057 navem
2585 2009 2854 2060 accelerant
2871 2010 3016 2059 remis
3029 2047 3044 2070 ,

2127 2097 2383 2157 sequentes
2401 2095 2612 2159 delphini
2635 2097 2796 2146 afflicti
2823 2098 2944 2148 vias.

2126 2185 2310 2232 Verum
2329 2184 2414 2232 ubi
2433 2185 2686 2234 horrendis
2705 2185 2927 2236 laborans
2951 2185 3200 2236 doloribus

590 2353 653 2425 δή
679 2357 745 2434 ῥα
762 2351 871 2412 τότ’
898 2350 1165 2434 ἀδρανέων
1188 2349 1496 2424 ἀναδύεται,
1527 2349 1732 2426 ἄλκιμα
1754 2351 1877 2426 γυῖα
2126 2371 2238 2409 sane
2257 2361 2374 2409 tunc
2393 2359 2815 2411 desectus-viribus
2833 2363 3060 2425 emergit,
3085 2363 3298 2412 robustis
3320 2363 3538 2414 membris

590 2439 897 2520 κεκμηκὼς,
924 2437 1191 2521 κούφοισιν
1210 2435 1508 2518 ἀειρόμενος
1528 2437 1786 2518 ῥοθίοισιν,
2081 2393 2087 2489 Ι
2125 2447 2421 2508 exhaustus,
2447 2447 2637 2498 levibus
2661 2449 2882 2500 sublatus
2905 2451 3100 2500 fluentis
3113 2487 3128 2512 ,

470 2552 550 2591 sso
588 2529 790 2590 ὕστατα
808 2527 1057 2612 φυσιόων·
1084 2526 1261 2607 μήτηρ
1284 2523 1341 2584 δέ
1369 2548 1459 2603 μιν
1476 2523 1667 2584 οὔποτε
1692 2525 1887 2596 λείπει,
2081 2518 2087 2587 Ι
2125 2536 2398 2584 extremum
2415 2536 2628 2598 spirans3
2653 2539 2804 2587 mater
2828 2551 2942 2588 vem
2963 2539 3126 2602 ipsum
3149 2553 3396 2604 nunquam
3413 2541 3596 2598 deserit,

589 2618 704 2678 ἀλλ’
734 2618 837 2676 αἰεὶ
865 2615 1105 2696 μογέοντι
1132 2613 1445 2674 συνέπεται
1470 2611 1533 2671 ἔκ
1553 2611 1600 2671 τ’
1629 2613 1823 2672 ἀνιόντι
2081 2602 2086 2676 Ι
2125 2623 2208 2672 sed
2227 2635 2418 2686 semper
2433 2623 2730 2676 laborantem
2749 2626 3005 2676 comitatur
3021 2631 3070 2677 et
3090 2629 3368 2678 redeuntem

592 2705 860 2786 βυσσόθεν,
884 2701 1151 2786 ἀχνυμένῃ
1175 2726 1233 2762 τε
1258 2701 1353 2762 καὶ
1380 2699 1653 2760 αἰνότατον
1680 2701 2007 2781 στεναχούσῃ
2080 2681 2086 2774 Ι
2125 2712 2470 2774 eat-profundo,
2493 2712 2772 2777 dolentique
2794 2721 2844 2764 et
2867 2715 3152 2794 gravissime
3173 2718 3430 2781 suspiranti

588 2793 847 2872 εἰδομένη·
872 2793 1031 2875 φαίης
1056 2815 1145 2852 κεν
1168 2789 1489 2871 ὀδυρομένην
1517 2789 1775 2871 ὁράασθαι

590 2881 818 2963 μητέρα,
844 2879 1166 2963 περθομένης
1193 2875 1373 2945 πόλιος
1394 2876 1516 2959 περὶ
1536 2877 1875 2956 δυσμενέεσσι

470 2992 547 3031 ωε»
587 2971 790 3031 παίδων
818 2970 864 3028 θ’
895 2967 1187 3047 ἑλκομένων
1208 2967 1311 3027 ὑπὸ
1336 2964 1498 3039 ληίδα
1524 2967 1705 3055 δουρὸς
1732 2967 1953 3045 ἀνάγκῃ·

589 3059 659 3127 ὣς
678 3059 769 3138 ἥγ’
798 3057 899 3117 αἴν’
930 3056 1162 3137 ἀχέουσα
1192 3055 1483 3136 δαΐζομένῳ
1509 3056 1633 3136 περὶ
1654 3056 1837 3129 παιδὶ,

2125 2799 2293 2849 similis
2305 2817 2321 2862 3
2343 2800 2526 2850 diceres
2547 2801 2807 2863 eiulantem
2831 2803 2982 2852 videri

2126 2889 2327 2938 matrem
2341 2924 2357 2951 ,
2379 2891 2564 2939 vastata
2588 2890 2706 2941 urbe
2727 2890 2790 2940 ab
2813 2891 3034 2942 hostibus

2125 2976 2382 3040 liberisque
2405 2978 2572 3027 tractis
2590 2978 2682 3028 sub
2703 2979 2914 3042 praedam
2935 2980 3086 3030 bastoe
3109 2982 3394 3032 necessitate
3416 2998 3428 3029 :

2125 3065 2194 3113 sie
2217 3066 2296 3114 illa
2313 3068 2520 3127 graviter
2543 3066 2712 3117 dolens
2729 3068 3032 3118 vulneratam
3050 3070 3178 3119 circa
3195 3069 3408 3120 sobolem
3420 3107 3434 3129 ,

589 3147 714 3206 ὥστ’
743 3145 876 3217 αὖτὴ
907 3146 1171 3226 μογέουσα
1198 3144 1291 3203 καὶ
1312 3144 1589 3215 οὗτηθεῗσα
1613 3144 1835 3226 σιδήρῳ,
2080 3209 2086 3228 ·
2124 3152 2264 3215 qnasi
2285 3154 2388 3215 ipsa
2407 3154 2628 3204 laborans
2646 3156 2697 3205 et
2712 3155 2962 3205 vulnerata
2983 3156 3134 3217 fem,

524 3292 531 3299 ,
592 3234 797 3293 δινεύει·
824 3233 911 3293 τὸν
933 3233 979 3293 δ’
1001 3233 1157 3293 ἄλλον
1184 3236 1273 3303 ἑῆς
1298 3231 1405 3291 ἀπὸ
1428 3233 1599 3291 παῖδα
1624 3231 1869 3292 κελεύθου
2080 3234 2085 3290 Ι
2124 3246 2358 3301 versatur,
2377 3242 2430 3291 at
2449 3241 2656 3291 alterum
2673 3242 2846 3291 t'oetum
2865 3256 2954 3293 sua
2971 3243 3032 3293 de
3049 3244 3128 3293 via

588 3322 791 3381 στέλλει
814 3320 1215 3398 ἕπεμπίπτουσα
1240 3318 1333 3379 καὶ
1353 3316 1638 3399 ὀτρύνουσα
1668 3318 1863 3379 διώκει-
2125 3328 2314 3390 ablegat
2333 3329 2522 3379 irruens
2539 3333 2598 3379 tn
2621 3333 2819 3393 ipsum,
2843 3332 2894 3381 et
2915 3331 3165 3395 impellens
3185 3335 3518 3396 persequitur:

472 3432 549 3471 auo
590 3414 767 3488 Φεῢγε
782 3408 973 3481 ,τέκος
992 3406 1215 3487 μέροπες
1230 3405 1333 3487 γὰρ
1348 3406 1589 3487 ἀνάρσιοι
1614 3407 1780 3467 οὐκέθ’
1807 3412 2002 3488 ἑταῖροι
2125 3420 2282 3479 Fuge,
2309 3430 2427 3467 mea
2459 3418 2616 3480 proles
2625 3434 2641 3479 3
2665 3417 2887 3469 homines
2909 3419 3039 3469 enim
3069 3418 3206 3483 impii
3231 3420 3544 3484 uon-amplius
3565 3418 3654 3469 socii

587 3500 735 3573 ἡμῖν,
757 3495 897 3555 ἀλλὰ
917 3495 1127 3576 σίδηρον
1156 3492 1492 3576 ἕφοπλίζουσι
1517 3494 1611 3554 καὶ
1634 3495 1818 3577 ἄγρην·
2123 3504 2267 3569 sunt]
2296 3506 2462 3567 nobis,
2487 3506 2570 3555 sed
2594 3506 2776 3557 serrum
2793 3506 3435 3560 adversum-nos-instruunt
3451 3512 3498 3560 et
3517 3512 3653 3571 mptu-

588 3584 690 3657 ἤδη
713 3582 807 3643 καὶ
834 3584 1067 3664 δελφῖσιν
1096 3579 1453 3641 ἐπεντύνουσιν
1478 3579 1647 3661 ἄρηα,
2125 3606 2227 3641 ram
2243 3592 2278 3657 ς]
2297 3594 2397 3654 jam
2422 3593 2568 3644 etiam
2586 3594 2827 3659 delphinis
2849 3595 3086 3647 intentant
3109 3596 3292 3648 bellum
3309 3636 3324 3659 ,

590 3670 817 3739 σπονδάς
839 3672 887 3729 τ’
915 3669 1189 3730 ἀθανάτων
1213 3667 1304 3727 καὶ
1326 3668 1689 3750 ὁμοφροσύνην
1713 3670 1974 3733 ἀλιτόντες
2079 3672 2086 3759 Ι
2126 3680 2397 3745 ῐωιίετειιιιε
2421 3682 2768 3734 immortalium
2787 3686 2840 3735 et
2857 3684 3160 3735 concordiam
3185 3686 3421 3737 ,dolantes

588 3758 872 3841 ἡμετέρην,
898 3757 993 3831 τὴν
1015 3756 1242 3839 πρόσθεν
1266 3756 1348 3816 ἐπ’
1376 3756 1625 3829 ἀλλήλοις
1652 3756 1926 3835 ἐθέμεσθα.
2127 3771 2338 3819 nostram
2351 3806 2366 3831 ‚
2389 3784 2538 3833 quam
2555 3774 2696 3823 antea
2717 3772 2844 3823 inter
2863 3776 3144 3823 nos-mutuo
3161 3776 3570 3825 constitueramus.

470 3872 547 3911 sss
586 3852 723 3909 Τοῖα
749 3848 843 3906 καὶ
866 3845 1125 3930 ἄφθογγός
1146 3867 1250 3925 περ
1280 3842 1425 3922 ὅμως
1444 3842 1707 3905 τεκέεσσιν
1731 3849 1859 3904 ἑοῖσι
2125 3858 2284 3919 Talia,
2305 3859 2494 3909 etiamsi
2511 3865 2672 3921 muta,
2691 3862 2852 3913 tamen
2870 3862 3034 3913 liberis
3051 3862 3152 3913 suis

590 3942 848 4016 μυθεῖται,
880 3934 1086 3995 καὶτὸν
1113 3931 1206 4012 μὲν
1236 3930 1497 4011 ἀπέτρεπε
1522 3935 1647 4004 τῆλε
1669 3932 1948 4014 φέὸεσθαι,
2125 3945 2355 4010 loquitur,
2379 3952 2428 3998 et
2447 3949 2578 3999 hunc
2599 3949 2795 4013 quidem
2815 3950 2991 4001 avertit
3013 3952 3178 4013 procul
3203 3953 3452 4015 aufugiat,

585 4028 663 4107 τῷ
690 4026 735 4084 δ’
759 4023 921 4105 ἑτέρῳ
947 4025 1175 4105 κρυερῶς
1201 4018 1491 4101 μεμογηότι
1514 4018 1888 4098 συμμογέουσα
2126 4035 2209 4083 sed
2229 4035 2434 4085 alterum
2458 4036 2748 4087 horribiliter
2765 4038 2998 4089 amictum
3023 4040 3258 4099 cosmicta

592 4115 753 4184 αὐτῆς
779 4111 903 4192 ἄγχ’
934 4109 1154 4170 ἀκάτοιο
1182 4108 1526 4182 συνέσπεται,
1550 4108 1656 4167 οὐδ’
1680 4108 1972 4168 ἀπολείπει·
2127 4121 2278 4185 ipsam
2297 4138 2444 4187 prope
2461 4126 2691 4188 scapham
2711 4129 2938 4187 sectatur,
2963 4141 3120 4191 neque
3141 4128 3345 4191 deserit3

588 4199 708 4261 οὐδέ
728 4224 802 4268 τις
822 4198 1023 4277 ἱέμενός
1050 4221 1151 4279 περ
1176 4192 1489 4278 ἀποτρέψειε
1514 4202 1770 4257 τεκοῦσαν
2123 4223 2212 4259 nec
2233 4211 2488 4275 quisquam
2501 4250 2516 4273 ,
2539 4214 2738 4277 cupiens
2755 4214 2868 4264 licet
2881 4252 2896 4275 ,
2917 4218 3104 4265 avertat
3127 4221 3332 4266 matrem
3347 4254 3362 4277 ‚

468 4310 551 4351 570
588 4288 707 4349 οὔτε
733 4286 929 4369 βαλὼν,
958 4285 1064 4347 οὔτ’
1088 4286 1221 4345 ἄλλο
1250 4284 1421 4367 φέρων
1452 4285 1579 4352 δέος-
1604 4287 1720 4345 ἀλλ’
1747 4286 1861 4363 ἅμα
1882 4286 2034 4344 παιδὶ
2077 4318 2084 4378 3
2125 4282 2713 4361 nequ-epercutieuseam‚
2733 4316 2889 4365 neque
2907 4304 3057 4353 alium
3073 4303 3226 4354 ullum
3247 4306 3450 4355 afferens
3470 4309 3654 4357 metuam

590 4375 855 4457 ἑλκομένῳ
882 4372 1131 4447 δύστηνος
1158 4371 1461 4445 ἀνέλκεται,
1484 4373 1551 4454 όφ
1586 4398 1621 4431 α
1642 4374 1886 4454 πελάσσῃ
2078 4381 2084 4453 Ι
2125 4386 2208 4435 sed
2225 4400 2319 4435 una
2333 4388 2764 4451 eum-prole]tracta
2775 4392 2948 4440 misera
2963 4392 3237 4452 attrahitur,
3249 4395 3306 4442 ut
3321 4392 3658 4455 accedat-pmpe

588 4462 881 4543 δυσμενέων
904 4461 1009 4521 ὑπὸ
1026 4462 1223 4542 χεῖρας·
1249 4462 1511 4539 ἀνάρσιοι,
1603 4462 1719 4540 μέγ’
1752 4463 1953 4543 ἀλιτροὶ
2077 4462 2082 4558 Ι
2125 4474 2332 4525 hostium
2355 4475 2448 4525 sub
2467 4490 2638 4525 manus
2651 4494 2666 4537 3
2693 4478 2854 4539 impii,
2877 4480 3092 4542 prolecto
3112 4479 3252 4529 valde
3275 4480 3487 4529 scelerati

587 4550 703 4625 οἵδ’,
730 4551 841 4611 οὔτ’
866 4548 1203 4630 οἰκτείρουσιν
1232 4550 1550 4626 ἀτυζομένην
1571 4550 1846 4631 ὁρόωντες,
2077 4564 2082 4617 i
2123 4563 2230 4623 isti,
2251 4576 2406 4626 neque
2423 4564 2709 4614 miserantur
2730 4566 2952 4615 amictam
2971 4570 3220 4617 cernentes
3233 4604 3248 4628 ,

588 4640 707 4701 οὔτε
733 4639 849 4700 νόον
880 4638 1211 4717 γνάμπτουσι
1236 4638 1492 4719 σιδήρεον,
1524 4638 1660 4697 ἀλλὰ
1689 4638 1780 4698 καὶ
1809 4638 1972 4710 αὐτὴν
2124 4666 2280 4713 neque
2301 4652 2516 4701 animum
2539 4652 2737 4702 flectunt
2760 4654 2994 4717 terreum,
3016 4670 3182 4705 verum
3209 4662 3258 4705 et
3280 4658 3428 4721 ipsam

471 4750 549 4791 ³75
588 4726 861 4809 χαλκείαις
888 4728 1127 4785 ἀκίδεσσι
1143 4720 1435 4803 καταΐγδην
1456 4725 1761 4798 ἐλάσαντες,
2122 4738 2269 4787 aeneis
2290 4739 2467 4789 lanceis
2490 4741 2758 4803 impetuose
2779 4742 3080 4805 impellentes

586 4816 757 4877 παῖδά
781 4840 839 4875 τε
866 4815 956 4874 καὶ
978 4812 1272 4894 γενέτειραν
1304 4818 1409 4894 ὁμῇ
1436 4814 1821 4895 συναπέφθισαν
1848 4815 1947 4893 ἄτῃ
2077 4822 2082 4878 ἶ
2123 4828 2400 4890 prolemque
2421 4834 2470 4877 et
2489 4831 2688 4878 matrem
2716 4830 2885 4880 eodem
2903 4831 3294 4881 simul-occidunt
3315 4832 3484 4893 exitio;

592 4907 805 4988 ἔφθισαν
830 4908 927 4965 οὐκ
951 4902 1226 4980 ἀέκουσαν,
1262 4903 1377 4961 ἐπεὶ
1404 4903 1526 4984 περὶ
1548 4904 1699 4963 παιδὶ
1728 4905 1934 4963 θανόντι
2121 4916 2348 4965 occidunt
2368 4930 2463 4966 non
2487 4916 2713 4979 invitam,
2733 4919 2962 4981 quoniam
2979 4921 3105 4970 circa
3124 4921 3309 4985 prolem
3335 4926 3561 4971 mortuam

584 4994 761 5075 μήτηρ
790 4993 879 5053 καὶ
902 4992 1189 5074 φρονέουσα
1211 4991 1303 5050 καὶ
1329 4990 1508 5068 ἱεμένη
1538 4992 1824 5053 δεὸάϊκται.
2077 5015 2082 5053 ;
2122 5006 2274 5053 mater
2295 5008 2344 5053 et
2361 5004 2516 5053 sciens
2536 5008 2584 5055 et
2606 5006 2803 5068 cupiens
2825 5008 3119 5058 vulneratur.

594 5083 685 5150 Ὡς
711 5085 757 5141 δ’
782 5082 926 5142 ὁπότ’
954 5080 1279 5163 ὀρταλίχοισι
1300 5079 1537 5159 χελιδόσι
1564 5080 1871 5160 νηπιάχοισι
2078 5072 2082 5125 ἶ
2123 5093 2188 5141 Ut
2205 5098 2366 5141 autem
2389 5106 2500 5142 cum
2525 5093 2853 5157 in-implumes
2877 5096 3156 5147 hirundines
3181 5099 3376 5148 tenellas

478 5194 554 5232 ssu
595 5170 767 5252 νέρθεν
797 5168 920 5239 ὑπὲξ
938 5170 1145 5251 ὀρόφοιο
1170 5166 1344 5247 τυχὼν
1373 5168 1485 5249 ὄφις
1509 5168 1635 5248 ἄγχι
1660 5169 1904 5248 πελάσσῃ
2075 5196 2083 5207 ·
2128 5180 2310 5231 inferne
2333 5181 2570 5232 subtecto
2593 5182 2807 5233 incidens
2830 5197 3028 5247 serpeus
3050 5196 3204 5247 prope
3221 5184 3494 5244 accesserit,
