3767 5825
416 444 479 485 w
1772 428 2188 493 PRAEFATIO-

412 590 437 617 ι
456 568 559 622 Est
586 564 923 623 chartaceus
952 561 1237 638 bonaeque
1258 574 1410 618 notae
1432 560 1492 617 in
1521 572 1750 637 quarto,
1773 560 1871 618 sed
1906 563 2057 637 aqua
2079 560 2302 619 marina
2325 559 2539 637 passim
2567 556 2718 617 foede
2745 569 3088 635 corruptus,
3124 567 3466 635 constatque
3487 576 3558 615 ex

412 670 566 728 foliis
590 682 821 728 centum
850 670 1143 745 sexaginta
1174 686 1291 725 sex.
1320 692 1344 717 u
1370 668 1583 723 Nesscl.

489 774 742 833 Vindob.
776 794 889 831 200
909 818 925 847 ‚
962 775 1099 831 olim
1129 776 1259 831 216.
1286 772 1561 852 (Vindob‘.
1597 772 1679 850 b.)
1704 772 1999 844 continet,
2023 785 2234 850 praeter
2263 773 2408 831 alios
2435 772 2748 851 scriptores
2767 814 2786 843 ,
2821 768 3096 827 tredecim
3137 769 3332 847 priora
3365 768 3566 846 idylha

410 880 707 938 Theocriti
742 901 873 937 cum
909 880 1206 958 permultis
1234 879 1468 937 scholiis
1508 878 1920 956 marginalibus
1957 890 2014 936 et
2051 876 2546 949 interlinearibus3
2575 876 2733 953 idyu.
2769 890 3037 934 octavum
3069 874 3162 933 bis
3199 874 3378 933 adest.
3421 878 3568 931 «Est

408 986 761 1059 chartaceus,
789 986 1061 1065 antiquus
1090 984 1373 1063 bonaeque
1395 997 1547 1043 notae
1569 986 1631 1043 in
1658 998 1886 1063 quart0,
1916 985 2096 1043 sedin
2117 987 2228 1043 fine
2255 985 2490 1043 mutilus
2518 995 2855 1061 constatque
2881 1003 3035 1040 nunc
3055 1002 3130 1040 ex
3158 980 3310 1039 soliis
3333 992 3570 1058 septua-

407 1092 585 1167 ginta.
616 1118 640 1145 n
673 1096 893 1151 Nessel.

488 1197 739 1257 Vindob.
763 1200 894 1258 256.
923 1200 992 1276 (V
996 1198 1193 1258 indob.
1219 1199 1293 1273 c.)
1324 1200 1600 1273 continet,
1628 1214 1837 1277 praeter
1860 1200 2002 1258 alios
2027 1201 2367 1277 scriptores,
2391 1202 2644 1277 quinque
2663 1198 2861 1276 priora
2890 1197 3087 1274 idyllia
3107 1194 3402 1255 Theocriti
3433 1214 3568 1251 cum

404 1303 603 1362 multis
629 1305 863 1363 scholiis
894 1303 1308 1383 marginalibus
1331 1317 1387 1363 et
1417 1306 1903 1364 interlinearibuS.
1935 1333 1958 1357 α
1981 1310 2083 1365 Est
2105 1307 2437 1365 chartaceus
2465 1304 2748 1383 bonaeque
2774 1316 2928 1362 notae
2955 1304 3014 1361 in
3047 1309 3285 1381 q'uarto,
3307 1312 3558 1359 constat·

405 1430 519 1487 que
544 1431 698 1469 nunc
720 1432 793 1471 ex.
817 1412 973 1470 foliis
1004 1413 1301 1487 sexaginta
1332 1424 1483 1470 octo,
1505 1438 1530 1464 ι
1560 1415 1778 1472 Nessel.

482 1516 735 1575 vindob.
772 1518 904 1576 258.
936 1516 1203 1595 (vindob.
1228 1516 1310 1596 d.)
1330 1520 1607 1591 continet,
1632 1529 1843 1595 praeter
1865 1518 2040 1575 alium
2065 1517 2428 1595 scriptorem,
2460 1518 2636 1576 vitam
2659 1516 2987 1588 Theocriti,
3020 1514 3220 1594 εὕρεσιν
3246 1516 3349 1571 τῶν
3375 1515 3570 1591 ponzo·

404 1623 587 1697 λαῶν’,
612 1623 735 1703 περὶ
760 1624 1009 1706 διαφορᾶς
1038 1626 1143 1681 τῶν
1176 1624 1527 1703 βουκολικῶν,
1564 1624 1825 1701 quaedam
1856 1624 1928 1682 de
1961 1623 2205 1681 dialecto
2229 1624 2445 1682 Dorica
2481 1636 2540 1681 et
2565 1636 2785 1702 septem
2818 1622 3014 1700 priora
3041 1620 3242 1697 idyllia
3269 1618 3572 1679 Theocriti

404 1748 537 1787 cum
565 1729 884 1789 innumeris
911 1730 1144 1789 scholiis
1171 1728 1584 1808 marginalibus
1608 1743 1666 1787 et
1693 1728 2178 1789 interlinearibus.
2223 1756 2247 1783 α
2267 1734 2368 1790 Est
2405 1731 2734 1789 chartaceus
2762 1728 3046 1807 bonaeque
3074 1740 3227 1787 notae
3259 1727 3320 1785 in
3356 1737 3574 1805 quarto

407 1846 752 1913 constatque
771 1854 928 1895 nunc
955 1856 1030 1895 ex
1056 1836 1215 1895 foliis
1236 1839 1530 1915 sexaginta
1558 1849 1797 1915 septem.
1826 1862 1851 1889 n
1880 1838 2095 1896 Nessel.

506 2030 605 2097 Ex
641 2025 753 2098 his
789 2027 1167 2099 codicibus
1203 2052 1429 2125 pauca
1472 2028 1888 2125 speciminis
1923 2052 2170 2099 caussa
2207 2025 2295 2096 ad
2330 2028 2645 2124 primum
2680 2052 2969 2098 carmen
3010 2025 3301 2123 protuli.
3339 2024 3574 2096 Simul

408 2159 808 2231 Poeschlius
844 2186 961 2231 me
1008 2162 1390 2232 certiorem
1428 2159 1595 2231 fecit
1631 2159 1722 2230 de
1758 2158 2186 2230 alio-codice
2209 2212 2227 2246 ,
2281 2161 2410 2255 qui
2443 2160 2516 2229 in
2558 2159 2997 2231 bibliotheca
3025 2157 3573 2230 vindobonensi

410 2316 525 2361 nr.
582 2318 711 2389 127
750 2308 821 2363 et
870 2292 996 2364 128
1045 2307 1447 2363 asservatur
1484 2307 1555 2363 et
1606 2292 1732 2388 qui
1767 2308 2026 2389 praeter
2052 2291 2232 2362 alios
2272 2291 2659 2387 scriptores
2690 2291 3193 2387 complectitur
3219 2290 3574 2360 tredecim

407 2423 767 2495 Theocriti
818 2426 1135 2495 carmina
1198 2425 1339 2495 hoc
1409 2424 1665 2496 ordine
1720 2452 1735 2493 :
1788 2428 2702 2495 Vl-xlv,xv1—xv111.
2740 2428 2890 2494 XV.
2965 2424 3107 2510 Qui
3143 2423 3578 2519 ampliorem

412 2571 787 2653 paraturus
833 2571 939 2627 est
977 2556 1401 2644 editionem,
1431 2556 1667 2652 qualis
1706 2571 2155 2654 exspectatur
2193 2581 2234 2627 a
2269 2555 2656 2644 MeinekiO,
2705 2557 2771 2626 ei
2803 2555 3264 2627 collationem
3302 2554 3581 2626 horum

410 2687 746 2759 codicum
801 2688 987 2759 sicut
1022 2682 1336 2758 duorum
1392 2688 1700 2759 triumve
1750 2688 2274 2775 Parisinorum,
2316 2712 2506 2783 quos
2557 2711 2776 2782 supra
2822 2685 3176 2775 indicavi,
3218 2684 3416 2756 haud
3471 2686 3551 2755 in

414 2820 663 2889 utilem
704 2818 859 2889 fore
895 2820 1256 2889 existimo.

505 2953 837 3049 Denique
864 2954 1029 3047 jure
1066 2953 1422 3023 auctionis
1458 2953 1726 3023 inserta
1755 2966 1860 3022 est
1899 2977 2075 3023 meae
2111 2951 2573 3023 bibliothecae
2599 2950 3030 3022 Theocriteae
3059 2950 3279 3021 editio
3300 2949 3584 3020 Heinsi1

411 3110 471 3155 a.
536 3087 716 3171 1604
741 3138 759 3173 ,
832 3087 1036 3181 cujus
1106 3086 1408 3181 margini
1478 3087 1767 3180 appicta
1827 3101 1938 3156 est
1999 3085 2545 3180 elegantissimis
2615 3084 2872 3155 litteris
2943 3083 3034 3156 ad
3094 3099 3264 3155 octo
3330 3083 3583 3180 priora

409 3215 768 3286 Theocriti
810 3218 1125 3286 carmina
1172 3215 1461 3286 collatio
1508 3216 1778 3287 codicis
1837 3233 2125 3287 senatus
2167 3219 2357 3313 Lips.
2385 3271 2403 3305 ,
2461 3218 2621 3288 cod.
2677 3216 3068 3288 Academiae
3119 3217 3313 3313 Lips.
3341 3268 3360 3306 ,
3421 3217 3586 3287 edi-

414 3347 630 3417 tionis
664 3352 715 3416 F
722 3347 978 3417 lorent.
1014 3362 1084 3417 et
1120 3345 1291 3417 edit.
1322 3351 1530 3417 Rom.
1578 3351 1739 3417 Haec
1772 3347 2064 3418 collatio
2109 3347 2380 3443 ubique
2418 3348 2850 3418 amicissime
2880 3347 3241 3444 conspirat
3268 3371 3440 3417 cum
3471 3349 3589 3437 iis,

413 3503 573 3574 quae
607 3504 687 3548 ex
732 3478 996 3549 Reiskii
1023 3479 1340 3550 editione
1370 3479 1521 3574 jam
1556 3481 1837 3573 cognita
1876 3493 2087 3566 sunt,
2131 3495 2199 3549 et
2237 3479 2562 3550 continet
2595 3494 2928 3576 praeterea
2967 3505 3127 3576 quae
3165 3477 3362 3575 apud
3399 3479 3593 3552 alios

416 3610 744 3681 nondum
811 3610 1020 3684 allata
1061 3611 1332 3681 inveni.
1389 3615 1727 3681 Praeterea
1797 3609 2176 3704 diligenter
2228 3611 2303 3680 in
2363 3635 2606 3681 meum
2655 3636 2868 3682 usum
2923 3610 3262 3681 consului
3304 3626 3594 3682 veteres

413 3744 765 3816 editiones
803 3743 1177 3814 Cratandri
1221 3749 1312 3840 (a.
1360 3741 1598 3837 1530),
1630 3741 1984 3812 Brubach.
2023 3743 2117 3836 (a.
2163 3740 2401 3838 1553),
2434 3741 2772 3840 Stephan.
2807 3744 3192 3828 minorem,
3222 3742 3422 3813 alias,
3480 3743 3594 3812 Ad

419 3876 570 3945 haec
617 3874 975 3964 subsidia,
1034 3900 1193 3971 quae
1238 3875 1459 3945 modo
1511 3873 1905 3970 descripsi,
1954 3889 2409 3945 accesserunt
2460 3875 2800 3970 permulti
2849 3874 3115 3962 libelli,
3181 3875 3252 3943 in
3307 3873 3597 3972 quibus

416 4007 843 4078 selectorum
874 4006 1232 4077 Theocriti
1258 4008 1503 4077 Bionis
1530 4006 1952 4102 Moschique
1988 4006 2316 4076 locorum
2347 4005 2888 4077 emendationes
2927 4004 3600 4103 explicationesque

414 4141 803 4236 propositae
836 4154 1032 4210 sunt.
1087 4142 1290 4225 Quos
1324 4164 1579 4210 omnes
1620 4138 1743 4208 hic
1790 4162 2213 4208 enumerare
2253 4153 2322 4208 et
2364 4137 2663 4232 longum
2707 4152 2811 4209 est
2856 4162 2987 4208 nec
3029 4161 3216 4235 opus
3259 4137 3597 4228 videtur,

412 4299 640 4371 quum
683 4275 757 4344 in
794 4274 1140 4345 omnibus
1199 4274 1415 4361 locis,
1464 4272 1912 4368 ubicumque
1974 4271 2153 4341 mihi
2203 4273 2366 4343 usui
2423 4273 2758 4361 fuerunt,
2825 4299 3080 4344 eorum
3127 4286 3468 4344 auctores
3511 4287 3606 4346 ut

415 4405 715 4477 decebat
760 4431 926 4477 cum
966 4420 1166 4502 grato
1209 4405 1456 4474 animo
1504 4403 1967 4476 laudaverim.

510 4539 638 4608 His
670 4539 887 4633 igitur
914 4537 1251 4608 subsidiis
1280 4536 1573 4631 adjutus
1606 4559 1846 4604 meum
1878 4560 2065 4632 opus
2094 4559 2458 4630 aggressus
2485 4561 2674 4621 sum,
2711 4551 2782 4605 et
2809 4559 3036 4631 quum
3067 4536 3215 4629 jam
3239 4536 3334 4608 ad
3359 4537 3608 4612 finem

414 4672 895 4768 pervenissem
924 4723 943 4756 ,
986 4671 1076 4759 ‚in
1120 4693 1313 4740 meas
1352 4692 1605 4738 manus
1645 4670 1845 4736 venit
1895 4667 2316 4738 Theocritus.
2387 4668 2710 4738 &ulie-um
2766 4670 3406 4763 Manascrcptorum
3459 4699 3610 4769 ope

414 4804 763 4874 recensuit
788 4819 857 4872 et
888 4787 1277 4871 emendavit
1329 4798 1861 4894 Cltrzlrthtltorus
1903 4798 2396 4870 words-worth.
2435 4803 2502 4868 S.
2565 4805 2636 4868 T.
2671 4805 2752 4868 P.
2793 4801 3058 4870 schola.»
3100 4807 3612 4876 Har-›muzensis-

412 4936 768 5036 magzirter.
790 4933 1264 5030 Cantabrigioe
1282 4936 1583 5001 MDCC(
1594 4935 1762 4999 TXLI
1770 4936 1846 4997 V.
1867 4931 1995 4999 Hic
2013 4930 2240 5000 editor
2259 4944 2532 5001 textum
2569 4931 2893 5000 exhibuit
2918 4933 3460 5004 Meinekianum
3505 4941 3610 5033 (¹⁵)

498 5121 565 5194 (Ἴ
606 5118 720 5178 Scd
749 5118 959 5196 prioris
994 5117 1283 5188 editioniS,
1308 5135 1437 5192 quae
1464 5115 1674 5192 Lipsiae
1698 5137 1747 5172 a.
1788 5115 1930 5169 1823
1970 5114 2173 5190 prodiit
2200 5138 2214 5184 ;
2243 5135 2371 5170 nam
2405 5116 2582 5172 ultera
2608 5118 2926 5193 recognitio
2953 5118 3226 5175 Menti-lxii
3257 5121 3524 5179 Boi-oliui
3553 5147 3610 5179 a.

428 5229 569 5286 1536
594 5227 799 5284 emissa
822 5245 937 5282 non
960 5227 1193 5301 cognita
1217 5221 1330 5284 suit
1354 5222 1607 5280 Wordsu
1623 5220 1833 5277 orthio.
