3767 5825
1439 377 1871 437 PRAEFATIO.

192 522 235 565 tn
252 514 449 565 ueniekii
470 513 712 563 editione:
1120 516 1173 561 tn
1197 511 1288 561 hac
1308 510 1518 561 editione
1540 525 1551 557 :

772 602 930 656 VIII.

274 682 319 741 5.
358 681 381 706 '⁹
405 678 579 759 ὄροιτο
592 720 1176 736 ...........
1209 674 1576 756 συνάροιτο(ι)

274 867 317 904 ι.
356 842 689 925 Ἀφρογενῄας
729 888 744 902 .
791 768 909 901 ,IX
910 886 1163 903 .....
1207 841 1565 923 Ἀφρογενείας

272 1033 314 1072 1.
352 1008 437 1082 nst
480 1053 799 1069 ......
814 934 893 991 X
905 1052 1278 1070 .......
1321 1010 1386 1082 ἠέ
1417 1011 1495 1085 (2)

268 1100 314 1155 3.
349 1098 399 1156 τί
418 1122 558 1156 νυ-
568 1102 621 1156 τί
646 1120 726 1191 νιν
754 1096 913 1155 αὐτά.
936 1139 954 1157 .
978 1096 1058 1157 ,τί
1080 1096 1217 1154 τὺ-
1235 1090 1341 1155 τεῒν
1372 1098 1506 1176 αὐτᾷ
1530 1098 1612 1173 (3)

264 1287 309 1325 2.
346 1264 641 1341 {mutin-to.
687 1308 703 1323 .
747 1308 762 1321 .
798 1189 907 1323 XI.
928 1308 1182 1321 .....
1226 1261 1508 1340 ἐμεμαίετο
1530 1260 1613 1339 (4)

262 1354 307 1409 3.
346 1352 605 1433 ἀμβροσίῃ
652 1393 1031 1412 .......
1076 1348 1343 1432 ἀμβροσία
1367 1370 1437 1409 ex
1463 1351 1612 1426 conj.

264 1541 306 1581 1.
348 1518 471 1597 ἐγὼν
517 1560 776 1579 .....
784 1444 917 1499 xn-
944 1560 1197 1576 .....
1229 1517 1331 1596 ἐγώ
1361 1537 1435 1574 ex
1461 1516 1610 1592 conj.

779 1611 911 1668 XV.

266 1709 306 1747 ι.
344 1687 448 1745 αἰὲν
478 1688 647 1752 ἰοίσας
692 1725 1011 1746 ......
1042 1686 1337 1751 αἰεναοίσας
1358 1706 1429 1743 ex
1457 1683 1608 1760 conj.

255 1877 305 1918 2.
344 1780 945 1935 ’τιμὰ-ποιεῖὶξῐῗι..
990 1899 1003 1912 .
1047 1900 1062 1913 .
1104 1853 1473 1929 ποιεῖ-τιμά
1502 1852 1569 1933 (5)

642 2059 1044 2125 MOSCHUS.

258 2265 303 2315 7.
342 2246 483 2325 αὐτῷ
524 2289 787 2307 .....
828 2174 879 2305 ‚¹
884 2289 1257 2308 .......
1284 2246 1425 2303 αὐτῶ
1450 2244 1533 2321 (6)

128 2445 200 2497 384
221 2458 284 2508 sq.
300 2471 361 2481 —
384 2443 620 2509 Bergkius
642 2442 837 2509 conjicit
860 2459 907 2493 v.
930 2453 961 2502 4
992 2445 1039 2494 τί
1065 2462 1147 2508 μοι
1170 2446 1323 2503 πλῆον
1364 2444 1486 2495 πολὺ
1529 2461 1615 2507 μο-

122 2520 241 2580 χθῆνς
266 2528 309 2567 et
332 2534 377 2570 v.
404 2537 459 2568 ιι
485 2520 722 2583 καμάτω.

174 2599 237 2653 (ι)
268 2594 341 2643 Sic
362 2593 535 2660 scripsi
564 2610 623 2643 ex
647 2594 935 2657 conjectura.
962 2596 1083 2643 Nam
1112 2618 1133 2638 ι
1153 2594 1325 2659 soepius
1352 2593 1445 2643 hoc
1471 2592 1612 2642 modo

123 2668 411 2719 amet-edemu-
430 2667 821 2736 praepositionem
846 2669 937 2718 σὺν
955 2669 1208 2735 absorpsit.
1232 2691 1256 2713 s
1282 2666 1613 2736 Wyttenbacla.

122 2746 251 2809 inl-Lp.
274 2744 376 2793 crit.
405 2761 454 2810 p.
490 2744 592 2791 260
626 2744 703 2793 ed.
732 2744 857 2809 Lips.
881 2770 946 2779 -
964 2748 1027 2793 V.
1057 2762 1101 2803 7.
1141 2748 1215 2793 De
1252 2744 1445 2793 notione
1480 2744 1612 2794 verbi

122 2816 275 2879 ἄμυνεν
300 2818 394 2867 vid.
417 2818 641 2870 Pierson.
666 2818 718 2867 iu
742 2822 883 2868 Μαι.
908 2836 960 2885 ρ.
988 2828 1051 2879 74
1091 2820 1168 2869 ed.
1197 2819 1359 2871 Koch.
1378 2855 1394 2883 ‚
1434 2836 1615 2885 quam-

121 2906 237 2956 quam
258 2892 443 2943 notione
476 2890 744 2952 ulciscendi
764 2892 881 2942 alias
904 2891 1115 2943 medium
1140 2904 1185 2943 et
1217 2894 1309 2943 alia
1337 2893 1468 2945 verbi
1494 2902 1613 2943 stru-

120 2975 229 3016 etun
252 2969 508 3018 invenitur.
536 2967 632 3017 Sed
648 2969 805 3018 activo
834 2967 1023 3018 videtur
1060 2984 1171 3017 usus
1197 2985 1296 3018 esse
1322 2969 1442 3030 nio,
1486 2967 1615 3035 quod

122 3041 217 3090 ultio
234 3058 325 3091 non
348 3053 441 3093 tam
466 3043 525 3093 in
546 3041 745 3108 gratiam
774 3042 924 3108 ipsius
959 3043 1127 3092 ultoris
1150 3041 1185 3091 i.
1216 3059 1259 3093 e.
1293 3039 1511 3102 Achillis,
1530 3043 1617 3092 sed

120 3117 159 3164 in
180 3119 361 3182 gratim
394 3121 704 3174 θνάωιοντος
735 3117 773 3167 i.
804 3133 847 3169 e.
890 3116 1097 3166 Patrocli
1122 3117 1241 3168 facta
1270 3121 1461 3167 est.1n
1504 3117 1615 3169 cod.

120 3192 304 3244 vindob.
326 3193 465 3245 stob.
498 3193 637 3242 deest
654 3191 750 3242 hoc
770 3207 961 3242 carmen
985 3191 1126 3242 sicuti
1148 3196 1218 3244 X.

171 3269 233 3332 (ι)
263 3269 453 3320 Codices
488 3273 559 3319 A.
600 3271 660 3320 Β.
687 3269 815 3334 apud
842 3269 1087 3317 Stoboeum
1124 3267 1281 3316 Gaisf.
1324 3265 1508 3316 habent
1531 3267 1617 3326 ἠέ,

117 3345 223 3406 quod
245 3347 337 3408 jam
358 3344 519 3396 votuit
541 3347 594 3395 J.
624 3347 689 3393 Η.
717 3345 853 3393 Voss.

170 3419 233 3483 (3)
264 3419 457 3470 Codices
474 3417 659 3468 stubei
676 3417 794 3466 dant
818 3416 1039 3478 τίναυτα,
1067 3415 1121 3465 in
1136 3431 1235 3481 qno
1252 3425 1452 3483 apparet
1475 3416 1621 3465 latere

118 3493 175 3540 τὶν
196 3493 313 3544 αὐτά
332 3493 433 3543 sive
457 3493 539 3543 τὶν
564 3491 706 3559 αὐτᾷ.
730 3491 923 3578 quue
907 3507 959 3540 in
986 3507 1087 3540 τειν
1121 3489 1251 3557 αὐτᾷ
1283 3499 1514 3540 mutatum
1540 3506 1617 3539 re·

117 3568 217 3632 cepi,
240 3585 333 3634 quo
357 3569 484 3618 facto
509 3585 569 3618 νυ
596 3567 787 3617 cormxi
812 3566 864 3615 in
888 3565 969 3616 τύ.
996 3571 1071 3614 De
1094 3565 1331 3615 sententia
1349 3564 1411 3614 ef.
1429 3565 1616 3615 Mosch-

118 3647 151 3692 1.
174 3660 247 3696 σι.
272 3643 435 3710 ibique
458 3645 687 3694 Boia-on.

167 3721 227 3784 (4)
256 3720 533 3772 Mdnekiu·
572 3718 679 3786 ipse
701 3717 756 3768 in
778 3718 915 3770 Anat.
944 3717 1085 3768 Alex.
1125 3734 1175 3784 p.
1216 3718 1311 3773 134
1344 3732 1476 3766 suam
1510 3733 1620 3764 sen-

119 3795 285 3844 tentiam
307 3794 605 3846 nunciavit.

168 3869 231 3932 (5)
260 3873 323 3920 Ut
346 3881 559 3920 metrum
587 3875 719 3918 certe
755 3867 937 3916 salvum
974 3876 1127 3925 esset,
1161 3882 1268 3916 cum
1303 3869 1538 3916 Mansone
1575 3874 1623 3914 et

118 3945 315 4009 Briggsio
320 3945 485 4013 recepi
510 3943 821 3993 Valckenarii
846 3943 1203 4014 conjectniram3
1228 3945 1443 4007 Guyetus
1466 3941 1619 4008 suspi-

116 4028 225 4066 catus
246 4029 314 4068 est
340 4020 517 4084 μισθὸν
542 4018 693 4069 ἔδω·
723 4017 845 4082 τιμά
870 4019 994 4076 avit..
1022 4007 1154 4080 quod
1180 4017 1403 4076 Grotius,
1434 4021 1623 4080 Longo-

118 4105 308 4157 petraens,
330 4095 522 4145 Schier.
550 4091 769 4143 Brunck.
788 4091 1025 4140 Teucber.
1054 4089 1134 4140 alii
1160 4055 1447 4156 probarunt,
1478 4095 1525 4140 J.
1556 4094 1620 4142 Η.

117 4172 233 4219 Voss.
256 4173 425 4234 μισθὸν
450 4170 583 4229 nme,
602 4167 821 4219 Boisson.
848 4167 981 4215 δῶκε
1004 4166 1167 4232 γέρας.
1192 4165 1543 4216 Wordsworth.
1572 4165 1623 4213 in

116 4243 291 4295 theoct.
310 4247 454 4294 vm.
474 4245 542 4302 43
556 4257 573 4292 :
602 4241 759 4292 ἔδωκα
770 4257 818 4300 ν,
844 4239 993 4304 μηδὲ
1017 4241 1080 4289 τὰ.
1094 4239 1361 4306 πράγματα
1379 4239 1626 4306 κρέσσονα

114 4319 269 4368 ποῖαι.

170 4395 230 4456 (6)
259 4397 329 4443 Ita
352 4393 467 4446 cod.
493 4396 608 4444 Par.
649 4391 810 4452 27⁶5.
835 4388 1012 4454 reliqui
1049 4396 1275 4454 quattuor
1316 4389 1469 4439 αὐτοῦ
1505 4388 1627 4436 sicut

116 4469 263 4518 (bar.
286 4466 512 4520 vindob.
542 4475 592 4515 et
620 4463 735 4518 edd.
762 4467 896 4516 Cnt.
922 4463 1076 4515 Brub.
1103 4464 1270 4530 Steph.

170 4547 233 4605 (7)
262 4548 330 4592 Ex
354 4545 639 4607 conjectura
677 4538 1011 4597 valcherum-ii,
1053 4537 1281 4604 probante
1315 4537 1536 4603 Bergkio.
1562 4565 1624 4574 ——

118 4619 167 4663 V.
202 4627 269 4674 14·
308 4615 707 4684 Pmpositionem
742 4614 812 4670 εἰς
840 4612 995 4662 delevi
1021 4629 1080 4663 ex
1110 4613 1253 4664 codd.
1283 4616 1333 4663 S.
1368 4616 1422 4663 Υ.
1456 4617 1624 4664 Caesar.

116 4695 199 4744 Pal.
216 4699 304 4746 11.
330 4703 431 4752 440
453 4708 569 4742 eum
595 4687 859 4740 Britan-hio
886 4707 932 4755 p.
956 4692 1036 4745 63,
1062 4689 1147 4754 qui
1169 4689 1337 4740 addit:
1363 4712 1390 4732 α
1408 4704 1513 4739 voc.
1545 4692 1630 4740 ’Az-

118 4769 196 4816 δέω
226 4767 567 4836 quadrisyllabi
611 4766 832 4831 exempla
866 4765 1052 4830 collegit
1086 4765 1339 4816 Jacobsius
1376 4767 1435 4815 ad
1473 4766 1625 4817 Anth.

118 4845 211 4894 vlt.
234 4847 327 4902 624
355 4847 429 4914 (p.
458 4845 602 4906 574),
630 4840 693 4891 dc
718 4839 1052 4907 propositione
1075 4840 1138 4891 cf.
1168 4845 1543 4891 Wiistemannus
1570 4841 1627 4888 ad

116 4917 300 4972 Tbeocr.
326 4920 398 4972 id.
424 4923 471 4969 1.
512 4920 646 4969 83.-
691 4915 831 4966 Adde
855 4931 966 4980 quo
1004 4915 1058 4965 in
1086 4915 1249 4964 Bionis
1276 4915 1345 4967 id.
1371 4920 1415 4965 1.
1459 4919 1521 4964 52
1547 4915 1630 4962 ad-

116 4994 193 5040 sui
244 4994 277 5047 i.

171 5011 285 5134 (ξ’
262 5071 377 5122 ὅσον
404 5069 631 5136 quinque
656 5066 796 5116 codd.
830 5070 960 5116 Parr.
993 5065 1101 5116 edd.
1150 5069 1279 5117 Crat.
1299 5063 1631 5131 Brub.Stepl1.

120 5145 397 5196 Boisson.}1i
424 5153 580 5211 poetae
606 5150 828 5208 qnaernnt
846 5157 1014 5190 numer
1014 5157 1067 5190 os
1086 5141 1391 5192 volubiliores
1408 5149 1455 5190 et
1473 5148 1633 5190 amant

3091 376 3234 431 xxix

1772 514 1823 555 tn
1848 506 2069 556 Meinckii
2095 504 2332 554 editione:
2741 509 2792 551 ln
2814 502 2908 551 luae
2930 501 3140 551 editione
3161 522 3175 551 :

1836 618 1919 653 ιο.
1962 596 2095 674 χολᾷ
2138 635 2876 652 .............
2921 589 3078 669 χολά,
3111 589 3195 669 (7)

1837 694 1921 751 ι4.
1968 684 2036 747 εἷς
2066 678 2244 739 Ἀΐδεω
2287 721 2905 738 ...........
2953 675 3132 736 Ἀιδέω

1834 772 1922 828 16.
1968 772 2036 833 ὡς
2081 808 2887 826 ..............
2931 762 3052 822 ὅσον
3077 764 3158 843 (8)

1834 878 1922 931 ¹9·
1968 861 2040 913 ἑοῖ
2086 896 2937 916 ...............
2985 850 3068 909 ἀεί

1830 964 1923 1001 22.
1968 941 2025 1000 δέ
2052 948 2098 1001 οἱ
2129 944 2272 1022 αὐτῷ
2317 986 2332 1000 .
2379 985 2392 999 .
2449 984 2462 998 .
2512 986 2526 999 .
2556 946 2588 997 ’.
2635 985 2648 999 .
2695 986 2707 997 .
2754 986 2767 999 .
2813 942 2858 997 δ’
2893 942 3115 1017 ἐνιαυτῷ
3149 937 3236 1017 (9)

1827 1040 1918 1098 24.
1965 1030 2124 1095 δᾶσας
2168 1071 2784 1089 ...........
2837 1026 3078 1105 δαμάσας
3113 1025 3234 1105 (ιο)

1824 1140 1918 1191 27.
1963 1120 2334 1199 φαρμακόεντα
2379 1161 2634 1179 .....
2679 1117 2955 1199 φάρμακόν
2985 1119 3091 1175 ἐντι
3115 1120 3166 1195 (ι
3183 1113 3234 1194 ι)

1828 1210 1920 1266 28.
1963 1206 2094 1265 λάὸε
2137 1249 2930 1269 ..............
2972 1202 3103 1262 λαὸἐ

2428 1339 2504 1393 11.

1824 1456 1914 1513 30.
1959 1454 2224 1513 ἐντύναιτο
2267 1498 2816 1513 ..........
2859 1452 3155 1511 ἐντύναιντο
3197 1494 3203 1501 .

1825 1544 1915 1602 31.
1961 1542 2291 1623 φαιδρύνοιτο
2336 1584 2836 1601 .........
2869 1538 3232 1621 φαιδρύνοιντο

1824 1634 1914 1687 32.
1959 1630 2128 1708 λείρια
2151 1630 2331 1709 κέρσοι
2373 1672 2689 1692 ......
2733 1628 2885 1707 λείρι’
2911 1625 3130 1707 ἀμίρσοι
3149 1622 3231 1705 (ι)

1823 1728 1916 1790 47.
1961 1722 2127 1789 κυανῆ
2159 1760 2722 1777 ..........
2744 1716 2938 1785 κυανέη
2973 1736 3044 1773 ex
3074 1713 3228 1789 conj.

1823 1808 1915 1865 60.
1959 1806 2150 1884 ταρσὸν
2181 1803 2603 1869 ἀναπλώσας-.
2622 1850 2634 1861 .
2656 1802 2850 1880 ,ταρσὰ
2882 1804 2928 1862 δ’
2958 1804 3236 1861 ἀναπλ-

2297 1899 2420 1964 νηῦς
2994 1897 3137 1963 νηῦς,
3163 1890 3234 1969 (2)

1821 1982 1916 2039 63.
1961 1981 2203 2053 ἐςήλυθον
2224 1982 2588 2059 ἀνθεμόεντας.
2617 2025 2630 2038 .
2656 1984 2768 2040 .ἐπ’
2797 1984 2906 2039 ἀνθ.
2939 1978 3117 2039 ἵκανον
3151 1982 3234 2057 (3)

1822 2071 1916 2143 67.
1957 2070 2236 2129 θαλέθεσκε
2271 2112 2830 2129 ..........
2863 2068 3120 2127 πίπτεσκε
3151 2065 3234 2143 (4)

1822 2179 1916 2233 79.
1963 2158 2168 2233 γίγνετο
2213 2201 2894 2217 ............
2938 2156 3125 2231 γίνετο.

1825 2246 1918 2302 82.
1963 2242 2187 2323 ποίμνῃς
2230 2291 2243 2304 .
2290 2291 2303 2302 .
2351 2292 2384 2321 ,ὁ
2412 2289 2793 2305 .......
2839 2243 3085 2319 ποίμναις
3109 2243 3196 2321 (5)

1705 2445 1995 2510 pronomina
2021 2446 2167 2501 τόσος
2200 2454 2248 2493 et
2273 2448 2405 2502 ὅσος.
2427 2472 2492 2482 -
2513 2449 2580 2497 V.
2615 2462 2676 2509 ¹9
2709 2446 2786 2495 ἀεί
2811 2444 2948 2495 codd.
2975 2447 3022 2493 S.
3051 2446 3106 2495 Υ.
3137 2446 3238 2493 Cae-

1700 2536 1794 2571 sar.
1825 2520 2040 2569 Vindob.

1770 2597 1840 2659 (9)
1874 2595 2028 2645 Codd.
2052 2594 2094 2645 δ’
2117 2595 2188 2644 ἑνὶ
2213 2598 2377 2658 αὐτῷ,
2402 2596 2528 2645 unde
2542 2596 2859 2662 probabiliter
2877 2595 3001 2646 eruit
3029 2598 3238 2659 ἐνιαυτῷ

1702 2670 1958 2733 Briggsins,
1988 2686 2129 2734 quem
2163 2670 2268 2719 side.
2299 2672 2348 2718 in
2370 2670 2618 2724 Addendis
2643 2690 2693 2738 p.
2723 2674 2840 2728 418.

1768 2746 1872 2808 (ιο)
1893 2747 2120 2810 Quinque
2145 2746 2286 2797 codd.
2303 2746 2473 2795 Par-iss.
2503 2746 2722 2797 Meinek.
2747 2746 2798 2796 in
2827 2746 2988 2812 priore
3006 2745 3236 2797 editione.

1771 2822 1875 2884 (ιι)
1915 2819 2068 2869 Iidem
2095 2820 2235 2870 codd.
2265 2820 2412 2871 Paris.
2442 2822 2616 2873 Cant.
2645 2822 2722 2871 ed.
2751 2824 2880 2871 Crat.
2901 2819 3051 2870 Brub.
3066 2820 3236 2885 steph.

1704 2894 1982 2956 Dorvillins,
2015 2893 2300 2944 lritzschius
2324 2912 2374 2961 p.
2403 2897 2466 2944 62
2495 2895 2606 2947 coll.
2636 2896 2843 2947 Theocr.
2873 2899 2989 2946 XV.
3025 2896 3140 2950 148.

1768 2970 1840 3033 (ι)
1874 2973 1946 3018 Ex
1979 2969 2173 3034 optimis
2207 2969 2349 3017 codd.
2388 2985 2498 3019 cum
2535 2970 2848 3019 Boissonado.
2866 2967 2989 3034 λαρι’
3030 2969 3240 3050 ἀμέρσοι

1703 3045 1875 3093 Cesar.
1908 3042 2121 3090 vindob.
2170 3046 2242 3090 Dc
2281 3041 2416 3091 verbi
2454 3051 2685 3108 potestate
2727 3042 2788 3093 cl'.
2839 3047 2985 3092 Leon.
3030 3045 3145 3092 'lain
3189 3041 3240 3089 in

1704 3117 1968 3168 Annh.1⁸al.
1993 3121 2016 3162 t
2034 3121 2099 3165 11.
2122 3119 2215 3176 657
2244 3117 2404 3178 (sive
2389 3133 2440 3165 in
2455 3117 2692 3166 Meinekii
2711 3116 2892 3167 Delect.
2913 3135 2960 3184 p.
2979 3117 3098 3180 49)·
3085 3155 3097 3166 .
3114 3115 3241 3182 εἴαρι

1703 3192 1758 3242 δὲ
1780 3194 1964 3259 πρώτῳ
1991 3193 2244 3254 λειμώνιον
2287 3191 2432 3249 ἄνθος
2466 3191 2740 3258 ἀμέρσας
2771 3193 2985 3258 χωρὶτης
3019 3193 3240 3256 στεφέτω

1706 3267 1892 3330 τῦμὸον
1919 3267 2038 3331 ἐμὸν
2061 3267 2307 3331 στεφάνῳ.
2337 3267 2608 3316 Praecedens
2635 3267 2834 3334 pluralis
2851 3303 2864 3327 ,
2892 3266 2978 3332 qui
3004 3265 3240 3318 bonorum

1706 3341 1924 3392 codicum
1943 3341 2107 3407 (etiam
2131 3345 2301 3392 Coesar.
2327 3341 2569 3408 Vindob.)
2595 3341 2878 3392 auctoritate
2897 3342 3127 3401 firmatur,
3140 3345 3242 3408 jam

1708 3417 1888 3504 placuit
1913 3417 2232 3467 Valckenario
2259 3427 2307 3465 ct
2333 3417 2530 3466 defendi
2553 3433 2692 3484 posse
2717 3417 2840 3465 mihi
2865 3416 3065 3476 videtur,
3090 3433 3240 3483 quum

1708 3493 1757 3542 iu
1789 3493 1934 3541 verbo
1959 3493 2168 3558 ἀμέρσοι
2191 3494 2321 3544 aliud
2345 3502 2534 3556 tempus
2556 3502 2782 3558 sequatur
2806 3491 2953 3557 idque
2980 3507 3067 3558 per
3099 3493 3244 3559 parti-

1708 3569 1862 3616 culam
1891 3569 2056 3626 ὁπότε,
2085 3583 2240 3632 neque
2265 3570 2422 3618 denuo
2448 3570 2550 3627 ὅτε,
2565 3567 2892 3616 introductum
2909 3565 2991 3618 sit.
3011 3593 3076 3603 --
3094 3570 3159 3616 V.
3177 3576 3240 3628 47

1708 3644 1864 3701 κυανή
1891 3647 2004 3692 (hes.
2039 3643 2257 3695 Vindob.
2299 3642 2440 3692 sicuti
2477 3640 2704 3691 Srbaefer.
2731 3645 2875 3689 —V.
2916 3643 2976 3702 57
3011 3641 3152 3691 codd.
3183 3645 3240 3692 C.

1710 3723 1769 3766 R.
1798 3721 1968 3766 Caesar.
1997 3726 2044 3765 et
2071 3717 2179 3766 edd.
2208 3717 2322 3768 Ald.
2367 3719 2490 3766 Crat.
2531 3716 2684 3768 Brub.
2715 3715 3078 3779 κεκλασμένας,
3111 3716 3243 3781 qnod

1708 3809 1808 3842 esse
1836 3791 2024 3839 videtur
2050 3792 2405 3854 πεπλασμένος.
2429 3789 2502 3840 Cl'.
2532 3791 2742 3840 Theocr.
2773 3795 2886 3838 vn.
2925 3799 3007 3848 44.

1777 3870 1847 3932 (2)
1884 3867 2044 3932 ταρσὰ
2071 3866 2110 3915 δ’
2138 3867 2430 3922 ἀναπλώσας
2454 3882 2512 3914 ex
2540 3867 2670 3930 conj.
2705 3865 2948 3916 Schaeferi.
2978 3866 3162 3916 Vocula
3188 3884 3242 3916 τε

1710 3952 1813 4008 post
1844 3941 1954 3997 ὠςεὶ
1976 3941 2148 4006 copula
2187 3957 2286 3989 csse
2313 3957 2408 3988 non
2452 3949 2640 4006 potest,
2669 3955 2816 4004 quum
2845 3955 2942 3987 non
2982 3951 3207 4005 appareat
3225 3978 3242 4002 ,

1710 4018 1949 4082 quomodo
1975 4015 2090 4064 νοιηί
2118 4017 2252 4064 'cavis
2278 4015 2474 4081 (ταρσοί
2497 4015 2556 4064 cf.
2585 4011 2748 4062 Boelar.
2781 4013 2832 4062 iu
2853 4014 3241 4066 Herodot.VHI.

1718 4111 1795 4141 12.
1822 4102 1869 4140 et
1890 4091 2100 4156 interpp.
2127 4092 2176 4140 iu
2203 4090 2422 4158 Thucyd.
2455 4094 2572 4140 vu.
2602 4092 2686 4153 4ο)
2723 4089 2902 4155 possint
2935 4092 3245 4157 περισκέπειν

1712 4169 1773 4216 τὰ
1798 4167 1977 4232 χείλεα.
2013 4165 2131 4214 Inde
2156 4164 2480 4231 consequitur,
2510 4175 2562 4215 nt
2591 4165 2700 4222 ὡςεί
2723 4181 2777 4213 τε
2799 4173 2929 4214 arcte
2945 4165 3178 4215 colim-eat
3198 4176 3248 4214 et

1714 4252 1817 4307 post
1843 4239 1963 4300 νηῦς
1989 4241 2166 4304 virgula
2193 4239 2518 4290 distinctionis
2545 4239 2767 4306 ponenda
2791 4239 2870 4288 sit.
2901 4238 2978 4290 Cf.
3007 4239 3133 4288 infra
3151 4244 3240 4288 1v.

1713 4319 1765 4365 ⁵.
1800 4320 1916 4365 113.
1947 4325 1995 4364 et
2010 4315 2193 4364 Neuius
2215 4315 2266 4364 in
2285 4315 2438 4382 Sopb.
2459 4313 2623 4380 Antig.
2653 4317 2749 4364 653
2776 4317 2890 4376 (647
2915 4316 2991 4362 ed.
3019 4315 3244 4381 Wund.).

1780 4392 1850 4455 (3)
1883 4393 1994 4439 Jam
2020 4390 2221 4456 protulit
2253 4390 2526 4439 Meinekius
2554 4389 2772 4438 codicum
2809 4387 3002 4453 vestigia
3039 4399 3244 4441 secutus.

1782 4470 1851 4528 (4)
1886 4465 2049 4514 Verbo
2079 4468 2338 4515 θαλέθεσκε
2365 4465 2548 4515 obstare
2575 4463 2854 4514 adverbium
2879 4462 3020 4530 ἔραζε
3047 4463 3100 4512 in
3125 4463 3179 4516 h.
3209 4464 3245 4516 l.

1714 4541 2002 4590 adnotarunt
2025 4541 2261 4606 l’ilcnejns
2279 4551 2326 4590 et
2361 4542 2552 4591 Harles.
2569 4543 2714 4592 —V.
2743 4557 2804 4602 79
2833 4539 3012 4602 γένετο,
3039 4539 3172 4604 quod
3195 4540 3248 4589 in

1715 4615 1958 4665 codicibus
1987 4619 2041 4667 12.
2063 4619 2129 4667 N.
2163 4617 2291 4674 latet,
2311 4616 2487 4664 diserte
2511 4619 2684 4666 Cmar.
2707 4614 2926 4666 Vindob-

1784 4691 1857 4754 (5)
1891 4693 2064 4738 versui
2119 4695 2178 4738 82
2229 4700 2456 4740 monente
2490 4688 2808 4738 Valckenario
2840 4688 3013 4754 spuria
3053 4689 3251 4754 originis

1718 4774 1883 4815 notam
1925 4765 2098 4829 adjecit
2129 4766 2316 4815 Harles.
2362 4764 2634 4814 Meinekius
2669 4780 2832 4813 versus
2859 4767 2919 4819 82
2953 4773 3002 4813 et
3026 4767 3088 4812 83
3119 4765 3252 4815 uncis

1718 4839 1929 4890 inclusit.
1941 4840 2030 4889 Sed
2049 4857 2196 4905 qnum
2221 4841 2270 4886 in
2288 4839 2427 4890 codd.
2441 4842 2496 4889 C.
2515 4843 2575 4888 tt.
2589 4843 2660 4897 S.,
2676 4847 2728 4888 ut
2749 4837 3023 4888 Gaisi'ordio
3044 4839 3248 4902 videtur,

1718 4925 1764 4965 et
1789 4923 1914 4963 certe
1940 4915 1990 4962 in
2015 4917 2184 4965 Cesar.
2214 4914 2429 4964 Vindob.
2459 4923 2506 4963 et
2531 4913 2776 4964 edd.Call.
2803 4914 2908 4962 ΑΜ.
2927 4912 3091 4965 Ursin.
3118 4918 3250 4967 Crat.

1720 4990 1869 5039 Brub.
1907 4989 2061 5037 desint
2101 5005 2256 5037 versus
2283 4991 2340 5036 81
2371 4999 2417 5037 et
2451 4991 2530 5048 82,
2573 4990 2722 5054 possis
2763 4988 2903 5037 etiam
2933 4987 3007 5036 liis
3039 4989 3255 5039 versibus

1721 5065 1881 5128 ejectis
1903 5063 2132 5129 suspicari
2162 5071 2352 5129 poetam
2379 5063 2648 5129 scripsisse:
2671 5063 2766 5128 οὐχ
2784 5055 2888 5116 οἷος
2906 5064 3142 5127 σταθμοῖς
3163 5066 3255 5114 ἐνι-

1722 5140 1969 5204 φὲρὸεται,
2002 5136 2116 5187 οὐδὲ
2149 5137 2234 5202 μὲν
2271 5129 2376 5192 οἷος
2400 5136 2604 5203 αὐχέν’
2633 5136 2925 5200 ὑποδμηθεὶς
2953 5137 3245 5202 ἑρύειπολῦ·
