3767 5825
166 390 419 468 (ss—ss.)
844 387 1107 452 PHILAE
1146 388 1444 484 vitastis
1483 391 1585 452 D}
1624 382 2076 451 AMMALmM
2116 380 2676 445 PBOPRIETATE.

682 531 862 592 ΠΕΡΙ
900 532 1223 592 ΤΑΩΝΟΣ.

293 731 523 812 Πτεροῖς
550 733 579 790 δ
604 729 742 798 ταὼς
760 733 989 812 γαυριῶν
1011 731 1343 811 πολυχρόοις,

292 818 463 889 λοξῶς
488 821 695 901 ἀνακλᾷ
728 817 821 878 καὶ
851 818 999 879 σοὸεῗ
1014 818 1100 878 τὸν
1126 820 1338 900 αὐχένα·

288 907 531 976 καὶτοὺς
552 906 737 974 θεατὰς
756 907 990 989 ἕκφοὸῶν
1013 907 1295 976 ἀκινδύνως
1309 953 1326 986 ‚

162 1017 237 1058 1⁹0
286 1000 489 1056 κτυπεῖ
508 994 701 1076 μεταξὺ
724 1003 832 1062 τοῖς
862 1003 1098 1072 πτεροῖς,
1120 1000 1191 1064 ὡς
1218 995 1432 1068 ὁπλίτης
1448 1041 1463 1068 ,

182 1087 241 1164 (ο)
285 1083 375 1144 ὅτε
400 1084 699 1166 κρεμαστὸν
717 1083 947 1164 γωρυτὸν
976 1084 1145 1166 φέρων
1167 1083 1360 1166 τρέχει.

294 1172 413 1233 Καὶ
434 1172 596 1231 πάλιν
626 1170 810 1239 αὐτοὺς
840 1175 1023 1230 ἑστιῶν
1046 1175 1108 1231 ἐκ
1134 1176 1229 1244 τῆς
1252 1171 1370 1240 θέας

287 1261 389 1334 τὴν
413 1258 641 1320 κατόπιν
662 1259 921 1338 πτέρωσιν
945 1260 1299 1324 ὑπανιστάνει·

288 1349 359 1422 ἣν
382 1350 739 1430 σφαιροποιῶν
762 1345 853 1405 καὶ
876 1351 1046 1428 σοφῶς
1075 1345 1368 1420 ἐπικλίνων,

164 1460 235 1498 tos
286 1435 475 1514 ἀκμὴν
504 1439 703 1515 θερινῆς
728 1435 1019 1516 φλεγμονῆς
1043 1434 1337 1512 ἀποστέγει·

157 1529 245 1605 (ω)
288 1524 387 1584 καὶ
410 1529 623 1601 πνεῖῖμα
650 1522 837 1582 λεπτὸν
854 1531 962 1591 τοῖς
980 1523 1184 1605 πτεροῖς
1206 1521 1437 1606 διαῤῥέον

290 1611 563 1724 ἀναψύχει
584 1611 671 1671 τὸν
693 1610 828 1694 ὄρνιν
852 1611 905 1682 ἐξ
931 1610 1185 1673 ὀπισθίου.

284 1702 457 1775 Ἀλλ’,
488 1727 534 1761 ω
560 1702 804 1781 βασιλεῦ,
830 1700 905 1777 μὴ
922 1700 1187 1782 παρέλθῃς
1207 1699 1302 1771 τὴν
1331 1698 1469 1758 θέαν.

290 1787 519 1868 Λειμὼν
546 1788 648 1870 γάρ
668 1791 809 1848 ἐστιν
832 1794 865 1860 ἡ
889 1789 1064 1869 γραφὴ
1091 1793 1194 1847 τῶν
1220 1787 1429 1860 ἀνθέων,

158 1901 235 1940 zm
283 1877 491 1960 χρυσὸς
512 1876 568 1936 δὲ
594 1876 779 1943 λεπτὸς
802 1878 1030 1956 ἐγχεθεὶς
1050 1883 1119 1956 τῇ
1151 1876 1421 1958 πορφύρᾳ,

159 1971 247 2046 (is)
292 1965 607 2048 σμάραγδον
634 1964 789 2044 ἇγνὸν
813 1962 1090 2045 ἐμφυτεύει
1116 1969 1184 2045 τῇ
1212 1964 1426 2044 κράσει,

284 2055 384 2115 καὶ
408 2053 649 2114 σύνθετον
672 2057 806 2135 φῶς,
836 2052 927 2111 καὶ
958 2052 1227 2134 πτερωτὴν
1253 2054 1473 2132 αἰθρίαν,

284 2138 349 2194 ἐκ
374 2137 487 2193 τῶν
506 2137 735 2213 φυσικῶν
755 2133 1035 2210 μειδιῶσαν
1065 2131 1307 2192 ἀκτίνων.

284 2226 423 2290 Τοῖς
449 2220 507 2282 δὲ
529 2221 736 2302 πτεροῖς
754 2220 847 2280 καί
867 2243 1010 2287 τινας
1036 2219 1275 2301 ἅθρήσεις
1296 2219 1486 2286 τύπους

156 2333 233 2372 ωε
287 2314 363 2378 εἰς
392 2307 650 2388 ὀμμάτων
680 2307 901 2387 μίμησιν
922 2306 1347 2386 ἐκπεπταμένων·

158 2401 245 2479 (ω)
282 2390 363 2466 οἷς
386 2397 673 2458 κλέπτεται
698 2396 759 2456 τὸ
780 2399 975 2476 χρῶμα
1000 2401 1095 2468 τῆς
1122 2395 1411 2468 ποικιλίας,

284 2493 469 2550 κινοῦν
494 2485 649 2546 ἑαυτὸ
668 2485 799 2568 πρὸς
816 2484 986 2554 λαὸὰς
1008 2485 1363 2564 ἰνδαλμάτων.

285 2574 653 2638 Συστέλλεται
680 2571 737 2632 δὲ
765 2573 857 2633 καὶ
882 2583 1133 2656 κατασπᾷ
1155 2573 1243 2633 τὸν
1268 2573 1446 2654 τύφον,

294 2669 438 2746 ὁρῶν
466 2664 713 2729 δυσειδεῖς
735 2663 797 2720 ἐκ
826 2661 1043 2742 ῥυτίδων
1061 2661 1180 2729 τοὺς
1208 2660 1373 2730 πόδας
1389 2708 1405 2736 ,

156 2773 235 2814 21⁰
294 2751 442 2820 ταὼς
468 2754 499 2811 ὁ
518 2749 702 2832 θερμὸς
728 2749 819 2810 καὶ
844 2749 1037 2831 θρασὺς
1062 2749 1197 2833 ὄρνις
1216 2749 1363 2819 τέως.

152 2845 253 2926 (25)
290 2838 625 2904 Αἷσθάνεται
648 2837 705 2897 δὲ
731 2842 825 2910 τῆς
848 2844 1003 2918 τιμῆς
1024 2837 1240 2898 καὶτῶν
1271 2837 1489 2922 κρότων,

293 2930 387 2999 οὓς
416 2928 493 3003 ἄν,
504 2951 582 2996 τις
604 2930 747 3010 aba}
767 2932 1045 3011 προσφυῶς
1066 2928 1355 2991 διαπλέκοι.

282 3018 489 3085 ’Em-oue.
512 3014 569 3077 δὲ
593 3016 859 3089 συντίθησι
879 3016 974 3087 τὴν
997 3014 1138 3098 ὥραν
1166 3017 1339 3098 τρίτου

288 3112 369 3190 τῇ
392 3104 723 3187 καταμικρὸν
750 3108 855 3164 τῶν
875 3108 1079 3187 πτερῶν
1105 3106 1443 3169 καταστάσει.

584 3394 771 3455 ΠΕΡΙ
814 3396 1301 3457 ΠΕΛΕΚΑΝΟΣ.

157 3562 235 3601 215
300 3539 524 3620 Κόγχην
549 3538 775 3599 πελεκὰν
796 3538 1043 3618 ἕμὸαλὼν
1069 3546 1175 3608 τοῖς
1207 3542 1467 3623 ἔγκάτοις,

290 3628 389 3689 καὶ
409 3626 571 3686 πάλιν
600 3626 763 3699 αὐτὴν
787 3626 1085 3706 ἐξενεγκὼν,
1114 3632 1385 3711 ὀστράκοις

293 3718 361 3777 τὸ
388 3714 605 3797 σαρκίον
636 3714 869 3797 βέὸρωκε
890 3714 1083 3799 ληφθὲν
1110 3717 1385 3799 εὐστόχως.

286 3808 341 3866 Τ
340 3809 407 3863 οὔ
431 3803 537 3883 γὰρ
563 3802 711 3861 τόνου
740 3802 981 3863 θλάσασα
1003 3802 1097 3872 τὰς
1123 3815 1261 3874 κΛεῖς
1288 3812 1322 3879 ἡ
1352 3806 1486 3877 ζέσις

185 3896 246 3969 (ε)
286 3892 499 3963 ἔλυσεν,
525 3888 586 3957 ἃς
611 3887 848 3971 ἔσφιγξεν
872 3895 907 3961 ἡ
933 3890 1103 3971 κόγχη
1120 3938 1136 3965 ,
1168 3894 1387 3975 πτύχας.

156 4002 237 4040 sao
290 3978 538 4059 Ἐρωδιῷ
566 3975 621 4037 δὲ
645 3977 783 4037 κατὰ
798 3978 993 4045 παντὸς
1015 3980 1226 4062 ὀστρέου

295 4068 443 4126 τοῦτ’
460 4064 614 4147 ἔργον
641 4064 779 4140 ἐστὶ,
808 4067 1081 4125 συντελοῦν
1111 4070 1183 4136 εἷς
1208 4069 1296 4129 τὸν
1332 4071 1457 4152 βίον.

668 4341 857 4402 ΠΕΡΙ
898 4343 1222 4406 ΚΥΚΝΟΥ.

282 4480 489 4552 Κύκνος
508 4488 743 4545 θανατῶν
762 4489 1006 4566 ἐμμελεῖς
1025 4489 1273 4571 φθόγγους
1288 4492 1465 4554 πλέκει
1476 4541 1493 4569 ,

276 4573 373 4633 καὶ
398 4578 493 4646 τῆς
516 4575 761 4647 τελευτῆς
780 4574 1034 4645 δεξιοῦται
1056 4578 1142 4637 τὸν
1168 4578 1373 4661 χρόνον,

276 4666 372 4721 τοῦ
398 4664 493 4741 ζῇν
509 4659 572 4723 τὸ
598 4663 767 4723 θανεῖν
792 4664 1172 4748 ἀσφαλέστερον
1198 4667 1400 4749 κρίνων.

172 4769 253 4809 ακ
274 4746 579 4808 Ἀνίσταται
598 4748 699 4832 γὰρ
727 4754 831 4812 τῶν
852 4756 1054 4835 πτερῶν
1083 4758 1118 4827 ἡ
1144 4756 1431 4833 πυκνότης,

187 4838 251 4914 (s)
281 4838 481 4918 νευρῶν
502 4834 657 4896 τάσιν
683 4836 917 4921 ἔντεχνον
932 4842 1311 4922 ἕκμιμουμένη·

281 4922 375 4982 καὶ
398 4925 666 5005 πλῆκτρον
695 4926 841 4995 εὐθὺς
861 4932 891 4987 ὁ
912 4928 1123 5013 ζέφυρος
1149 4932 1363 5010 γίνεται.

286 5010 396 5072 Καὶ
416 5014 495 5095 τῷ
520 5016 725 5096 φυσικῷ
744 5020 835 5075 τοῦ
854 5016 1123 5097 τραχήλου
1144 5020 1378 5103 βαρὸίτῳ

282 5099 418 5159 κινεῖ
438 5099 529 5159 τὸν
546 5100 725 5179 εἱρμὸν
742 5105 846 5163 τῶν
884 5107 1057 5182 μελῶν
1080 5109 1110 5164 ὁ
1126 5108 1363 5187 τεχνίτης

176 5204 261 5244 no
282 5186 671 5269 πανηγυριστὴς
695 5190 916 5275 εὑρεθεὶς
940 5197 1033 5266 τῆς
1050 5191 1243 5263 ἐξόδου.

2296 535 2354 585 8.
2400 524 2502 584 DE
2542 523 2878 586 PAVONE.

1812 736 1988 787 Pennis
2006 737 2390 787 multicoloribus
2407 736 2688 800 superbiens
2707 750 2833 801 pavo

1806 825 2004 889 oblique
2023 830 2215 889 torquet
2235 827 2286 876 et
2299 825 2515 876 concutit
2531 826 2796 888 cervicem3

1809 918 1857 963 et
1884 917 2154 977 spectantes
2175 919 2422 964 exterrens
2443 914 2546 964 sine
2569 913 2782 978 periculo
2798 952 2813 976 ‚

1809 1007 1974 1066 crepat
1994 1003 2171 1052 interea
2189 1001 2304 1064 alis,
2318 1004 2376 1051 ut
2389 1002 2529 1052 miles
2548 1008 2762 1052 armatus
2774 1037 2788 1058 ,

1810 1090 1896 1140 ubi
1918 1103 2204 1154 suspensam
2224 1090 2494 1153 pharetram
2515 1091 2673 1141 ferens
2706 1092 2870 1142 currit.

1814 1181 1873 1228 Et
1889 1177 2049 1230 denuo
2071 1192 2154 1230 eos
2171 1179 2380 1229 invitans
2400 1180 2508 1242 post
2529 1177 2620 1229 hoc
2634 1180 2958 1243 spectaculum
2975 1216 2991 1243 ,

1812 1266 2024 1330 posticas
2039 1279 2220 1331 pennas
2239 1267 2405 1330 erigit,
2631 1257 2645 1272 ⁰

1812 1367 1936 1417 quas
1957 1354 2008 1404 in
2027 1368 2198 1419 gyrum
2222 1367 2368 1418 agens
2386 1360 2435 1405 et
2454 1354 2714 1419 prudenter
2730 1355 2982 1404 reflectens

1811 1442 1968 1492 aestivi
1991 1442 2191 1492 fervoris
2209 1443 2308 1492 vim
2332 1442 2556 1506 depellit:

1810 1543 1866 1579 ac
1889 1530 2007 1580 lenis
2028 1544 2143 1579 aura
2162 1544 2342 1593 pennas
2359 1530 2566 1596 perflans

1812 1631 1954 1668 avem
1980 1632 2010 1667 a
2032 1623 2164 1681 tergo
2183 1619 2443 1681 refrigerat.

1812 1709 2056 1770 Verum,o
2077 1721 2190 1768 rex,
2213 1721 2275 1758 ne
2300 1709 2552 1770 praetereas
2579 1707 2672 1756 hoc
2703 1705 3044 1770 spectaculum.

1815 1798 2009 1845 Pratum
2031 1795 2162 1844 enim
2173 1797 2251 1845 est
2267 1795 2350 1845 illa
2377 1795 2564 1857 pictura
2581 1794 2753 1844 tiorum
2774 1831 2790 1855 ,

1812 1896 2080 1946 aurumque
2097 1887 2240 1932 tenue
2262 1883 2477 1932 infusum
2496 1895 2724 1946 purpura*-

1812 1969 2113 2031 smaragdum
2132 1983 2305 2033 purum
2323 1971 2535 2021 mixtura
2557 1970 2708 2033 gignit
2721 2005 2737 2031 ,

1811 2059 1861 2108 et
1881 2059 2196 2121 compositam
2215 2058 2372 2108 lucem
2385 2093 2402 2120 ,
2421 2063 2470 2109 et
2488 2060 2749 2122 pennatum
2771 2058 2948 2110 aethera

1812 2161 1875 2196 ex
1897 2147 2202 2196 naturalibus
2225 2146 2370 2196 radiis
2389 2146 2730 2196 subridentem.

1811 2236 1867 2284 ln
1884 2235 2054 2298 pennis
2077 2248 2190 2284 vero
2205 2235 2350 2284 etiam
2367 2235 2552 2285 videbis
2569 2236 2799 2298 imagines
2818 2236 3050 2300 quasdam

1812 2322 1875 2372 sd
1897 2322 2210 2374 imitationem
2229 2324 2484 2374 oculorum
2507 2324 2802 2386 patentium3

1814 2423 1844 2460 a
1864 2410 2046 2474 quibus
2075 2411 2325 2474 arrripitur
2350 2412 2482 2462 color
2499 2411 2743 2462 varietatis
2757 2446 2774 2473 ‚

1814 2511 2014 2549 movens
2031 2511 2084 2549 se
2101 2499 2162 2548 ad
2179 2499 2519 2562 prehensiones
2531 2500 2819 2562 imaginum.

1814 2591 1879 2638 At
1899 2587 2112 2638 animum
2135 2586 2345 2636 demittit
2361 2592 2410 2636 et
2426 2588 2698 2651 comprimit
2717 2588 2988 2652 superbiam
3004 2623 3019 2648 ,

1812 2675 1962 2740 pedes
1981 2679 2202 2740 spectans
2226 2675 2358 2738 rugis
2381 2675 2620 2726 deformes
2637 2713 2652 2738 ,

1812 2777 1940 2828 pavo
1952 2801 1968 2823 ,
1989 2763 2173 2814 fervida
2190 2763 2442 2827 audaxque
2460 2764 2565 2814 avis
2592 2768 2806 2816 eatenus.

1812 2851 2042 2915 intelligit
2062 2856 2222 2902 autem
2240 2851 2434 2902 laudem
2455 2865 2513 2902 ac
2528 2853 2728 2918 plausus

1813 2954 1937 3005 quos
1955 2941 2064 3004 quis
2085 2940 2178 3003 ipsi
2198 2941 2537 2991 convenienter
2554 2942 2894 3005 composuerit.

1813 3029 1974 3079 Tertio
1991 3033 2154 3079 autem
2176 3041 2304 3078 anno
2326 3028 2732 3093 pulchritudinem
2757 3042 2896 3082 suam
2914 3030 3094 3095 colligit

1814 3116 1985 3181 pennis
2006 3117 2186 3169 sensim
2202 3118 2605 3169 accrescentibus.

2251 3393 2309 3443 9.
2359 3383 2462 3443 DE
2501 3384 2930 3447 PELECANO.

1814 3543 2011 3595 Concha
2033 3544 2286 3608 pelecanus
2305 3545 2573 3597 visceribus
2596 3548 2809 3599 immissa

1744 3646 1752 3653 ·
1814 3634 2088 3697 iterumque
2109 3634 2259 3696 eiecta
2295 3647 2378 3697 ea,
2397 3647 2460 3685 ex
2482 3636 2618 3687 testis

1814 3720 1984 3772 dextre
2002 3725 2244 3785 sumptam
2266 3735 2460 3773 carnem
2487 3724 2712 3777 comedit.

1814 3810 1962 3861 Nervi
1981 3811 2110 3861 enim
2129 3790 2351 3861 'clavibus
2372 3812 2534 3862 tracus
2551 3816 2800 3864 concoctio
2911 3804 2920 3811 ’

1814 3897 1965 3961 plicas
1983 3897 2162 3959 solvit,
2178 3912 2300 3962 quas
2321 3898 2500 3949 concha
2517 3902 2821 3952 constrinxit.

1814 3986 1986 4037 Ardeae
2005 3988 2168 4037 autem
2190 3986 2241 4035 in
2260 4000 2428 4037 omnes
2440 3990 2624 4039 ostreas

1814 4072 1865 4122 id
1891 4073 2064 4136 negotii
2086 4077 2190 4135 est,
2208 4073 2458 4124 conserens
2479 4074 2541 4125 ad
2564 4076 2760 4127 victum.

2315 4340 2406 4391 10.
2451 4331 2555 4392 DE
2589 4331 2873 4397 CYGNO.

1814 4507 2010 4568 cygnus
2029 4504 2288 4554 moriturus
2311 4518 2483 4558 suaves
2500 4509 2671 4559 cantus
2698 4510 2836 4571 serit,

1815 4594 1864 4643 et
1883 4593 1999 4641 vitm
2019 4590 2128 4641 linis
2147 4596 2342 4655 tempus
2362 4593 2564 4656 salutat,

1816 4682 2019 4729 mortem
2040 4679 2140 4729 vita
2162 4680 2388 4730 tutiorem
2407 4681 2645 4743 judicans.

1814 4767 1976 4829 Surgit
1992 4766 2119 4816 enim
2146 4780 2412 4830 pennarum
2428 4768 2664 4832 densitas,

1813 4853 2102 4905 chordarum
2123 4854 2444 4906 intensionem
2461 4856 2766 4909 artificiosam
2779 4858 2973 4911 initum
2995 4874 3008 4911 ·.

1813 4956 1869 4993 sc
1894 4942 2133 5006 zephyrus
2157 4942 2317 4994 statim
2341 4942 2398 4994 tit
2417 4944 2672 5007 plectrum.

1816 5033 1878 5080 Et
1902 5031 2069 5081 nativo
2098 5031 2210 5081 colli
2227 5031 2414 5082 barbito

1814 5121 1978 5168 movet
1997 5118 2252 5170 modorum
2282 5120 2454 5171 seriem
2474 5120 2675 5186 artibs,

1815 5204 2096 5268 proetlicator
2118 5206 2342 5258 inventus
2361 5206 2524 5259 exitu·
2543 5206 2679 5260 vitae..
