3767 5825
329 424 434 466 ιιν
1691 415 2117 478 PRAEFATlo.

329 537 794 597 animadversum
809 541 942 618 quis
973 540 1252 598 miretur?
1279 571 1354 584 —
1387 539 1575 599 Locus
1600 563 1704 600 cur
1731 544 1887 620 adje-

328 639 454 683 ctus
485 627 660 684 fuerit
685 627 844 686 dictu
871 627 1038 684 facile
1063 641 1150 684 est
1177 649 1190 683 :
1226 647 1510 705 compone
1541 629 1650 688 303
1670 641 1727 687 et
1747 652 1884 706 292,

325 725 385 770 et
411 715 624 772 iterum
647 714 720 772 de
753 719 1032 772 Mercurio
1073 735 1263 773 sermo
1286 728 1342 774 et
1369 716 1442 774 de
1467 721 1622 786 Jove,
1657 731 1712 774 et
1736 731 1889 778 artes

326 800 550 860 artibus
577 803 1030 866 accumulantur.

405 889 520 948 Nec
533 892 725 948 minus
737 890 882 949 rude
895 909 1062 949 suum
1073 891 1386 949 artificium
1409 893 1680 968 sequenti
1691 912 1887 950 excer—

323 989 424 1054 pto
453 979 715 1038 306-320
753 979 1036 1057 prodidit.
1078 977 1185 1037 Hic
1217 979 1470 1056 primum
1517 981 1774 1052 306-317
1815 1000 1889 1038 ex

324 1065 422 1137 w,
467 1067 734 1142 478-489
761 1055 1074 1144 exscripsit
1091 1107 1108 1136 ,
1140 1066 1241 1125 sed
1285 1067 1376 1124 his
1423 1067 1657 1125 mutatis
1691 1089 1702 1124 :
1746 1069 1880 1138 478.

324 1153 484 1226 Μήνη
505 1153 551 1214 δ’
575 1155 877 1236 ἀμφίκερως
903 1154 1294 1234 σκολιόδρομος.
1317 1164 1350 1223 4
1365 1176 1460 1230 79.
1486 1153 1663 1234 Ἄρεος
1696 1157 1765 1220 εἰς
1799 1179 1884 1212 τε·

321 1241 566 1322 τράγωνα
587 1243 749 1302 πόλου
767 1241 1064 1319 λοξεύματα
1089 1246 1247 1320 βᾶσα.
1283 1241 1560 1318 Sequitur
1587 1256 1706 1300 tum
1747 1246 1880 1316 480,

322 1351 496 1409 quem
507 1331 715 1391 Noster
741 1333 864 1390 sive
893 1351 1092 1390 errore
1119 1332 1245 1389 sive
1271 1331 1538 1389 consulto
1565 1331 1764 1389 omisit

381 1463 440 1520 ἢν
457 1463 498 1511 δ’
518 1462 595 1511 ἐπὶ
609 1461 818 1524 δυομένῳ
836 1459 957 1508 κατὰ
975 1465 1059 1522 γῆς
1087 1459 1181 1509 ἀπὸ
1199 1461 1416 1521 τέρμονας
1440 1461 1600 1522 atem
1623 1477 1638 1520 ;

322 1569 460 1639 481.
493 1569 624 1650 ἄμφ’
643 1567 770 1625 sine
795 1567 840 1625 δ’
869 1567 1030 1644 quod
1045 1565 1256 1624 Nostro
1282 1565 1712 1622 inferciendum
1745 1579 1882 1625 erat.

325 1657 459 1724 483.
505 1656 716 1735 ἐκφύσει
745 1652 1002 1734 θυρέτρων
1046 1656 1201 1712 ἐπαν.
1241 1654 1377 1721 484.
1405 1653 1790 1720 νυκτοπλανὲας
1827 1679 1883 1711 τε

319 1741 616 1822 λαθραίους.
632 1744 768 1810 486.
782 1739 1064 1817 ἀλυσηδὸν,
1077 1753 1134 1798 et
1153 1754 1284 1798 ante
1299 1740 1454 1798 hunc
1473 1759 1678 1798 versus
1697 1743 1878 1812 deest,

321 1851 492 1907 quem
516 1827 613 1889 hic
635 1829 870 1908 quidem
895 1827 1064 1886 bonae
1093 1828 1275 1902 frugis
1299 1825 1503 1884 Noster
1530 1830 1790 1886 servavit
1814 1851 1826 1885 :

441 1962 507 2016 είς
535 1961 736 2022 συνοχὰς
753 1959 914 2017 ἥξουσι
931 1955 1206 2020 οτδηρήεντά
1227 1973 1278 2005 τε
1299 1955 1494 2018 δεσμόν,

319 2079 493 2139 quem
523 2079 754 2117 versum
799 2057 1117 2115 indicatum
1149 2075 1254 2133 per
1278 2055 1323 2112 δ’
1355 2067 1488 2132 post
1515 2052 1721 2134 εἱρκτὰς
1755 2057 1887 2114 reli·

320 2162 475 2207 ctum
497 2169 604 2206 suo
645 2149 776 2205 loco
822 2145 1062 2204 reddere
1107 2164 1222 2201 non
1262 2143 1547 2202 dubitavi.
1577 2144 1712 2214 487.
1742 2143 1795 2201 ἔν
1825 2169 1881 2202 τε

321 2237 604 2316 βιαιοτάτῳ
643 2234 850 2315 Θανάτῳ
897 2231 1006 2312 βίον
1031 2232 1379 2310 ἐκλείψουσιν,
1417 2251 1528 2309 pro
1569 2251 1688 2308 quo
1725 2233 1879 2308 quod

317 2325 524 2383 Noster
544 2322 721 2381 habet
733 2320 786 2380 ἔν
801 2343 858 2379 τε
877 2319 966 2400 βίᾳ
985 2319 1202 2378 θάνατον
1219 2319 1386 2398 λείψει
1399 2319 1674 2397 κακοεργέϊ
1702 2323 1877 2400 θυμῷ,

319 2425 509 2492 potest
528 2411 763 2487 quidem
785 2407 1082 2468 emendari
1102 2449 1120 2479 ,
1149 2421 1208 2465 et
1239 2407 1445 2465 melius
1473 2427 1646 2484 quam
1675 2409 1772 2466 AR
1795 2411 1880 2467 se-

320 2520 454 2559 cere
483 2499 796 2558 scribendo
838 2499 890 2555 ἐν
919 2497 976 2555 δὲ
1006 2495 1093 2574 βίῃ
1135 2493 1362 2554 θανάτου
1395 2495 1561 2574 λείψει
1589 2497 1879 2574 κακοεργέα

319 2589 504 2666 θυμόν,
527 2589 748 2646 scilicet
774 2599 872 2644 aut
901 2588 953 2644 ἐν
977 2585 1030 2642 δὲ
1059 2583 1145 2662 βίῃ
1170 2583 1338 2662 βίοτον
1359 2582 1527 2663 λείψει
1554 2598 1652 2640 aut
1675 2587 1727 2642 ἐν
1753 2585 1800 2644 ὃ.
1826 2590 1880 2664 β.

320 2677 541 2736 Θάνατον
574 2675 779 2758 βλέψει,
826 2674 926 2732 sed
957 2672 1171 2731 debent
1203 2673 1292 2730 illi
1322 2690 1440 2729 suae
1469 2671 1668 2730 sordes
1693 2674 1886 2730 relin-

321 2768 439 2844 qui.
471 2765 611 2822 Nam
641 2782 820 2841 quum
843 2761 1202 2839 pronissimo
1217 2761 1343 2817 sive
1373 2759 1737 2834 negligentiae
1763 2763 1886 2819 sive

320 2854 468 2911 male
497 2852 804 2911 intellectae
842 2847 1305 2907 abbreviationis
1333 2867 1530 2904 errore
1559 2848 1704 2904 illud
1731 2847 1786 2906 ἔν
1826 2872 1883 2906 τε

321 2942 606 3022 βιαιοτάτῳ
626 2940 834 3020 Θανάτῳ
856 2937 966 3017 βίον
987 2938 1362 3015 depravatum
1389 2949 1536 2993 essct
1559 2936 1620 2993 in
1644 2936 1694 2993 ἔν
1713 2960 1768 2994 τε
1795 2938 1884 3018 βία

318 3032 570 3101 θάνατον,
618 3029 719 3086 ille
773 3026 1032 3085 clausula
1080 3024 1314 3082 aliunde
1357 3026 1673 3099 importata
1719 3058 1792 3067 —-
1829 3040 1886 3083 et

320 3118 392 3176 cf.
424 3117 564 3196 ζήλῳ
609 3113 883 3194 κακοεργέϊ
915 3132 1094 3190 supra
1137 3112 1252 3187 259
1298 3145 1376 3154 -
1421 3110 1692 3189 κακοεργέῖ
1737 3117 1884 3193 θυμῷ

319 3224 552 3263 versum
584 3204 986 3278 integraturus·
1018 3198 1364 3277 ἐκλείψουσιν,
1411 3198 1702 3275 siquidem
1739 3201 1882 3258 reli-

320 3312 498 3369 quum
526 3305 679 3367 erat,
718 3289 874 3347 haud
915 3288 1200 3346 sollicitus
1241 3287 1314 3345 de
1350 3306 1593 3343 numero
1621 3288 1684 3343 in
1717 3286 1884 3367 λείψει

319 3380 669 3439 decurtavit.
709 3410 788 3421 —
826 3378 942 3445 488
971 3374 1208 3455 φοὸεροῑς
1256 3373 1480 3450 (obiter
1511 3374 1662 3432 addo
1687 3418 1702 3445 ,
1738 3375 1884 3436 falso

320 3469 418 3528 AR
440 3511 456 3540 ,
505 3469 775 3544 deceptos
822 3467 895 3523 de
929 3463 1187 3521 bominis
1231 3474 1497 3537 stupore,
1553 3460 1884 3537 δεδαϊγμένος

317 3570 560 3635 propter
603 3552 944 3613 antecedens
985 3550 1153 3629 λείψει
1180 3548 1519 3625 scripsisse!
1556 3550 1596 3623 ).
1635 3582 1714 3593 —
1768 3552 1882 3625 489

320 3640 626 3719 ἀλγινόεντα
658 3652 718 3699 et
741 3636 1070 3708 ἐκδήσαντες.
1095 3670 1174 3679 -—
1201 3633 1354 3691 Tum
1383 3632 1578 3691 subito
1615 3637 1883 3709 egregius

317 3732 434 3803 vir,
471 3728 742 3789 videlicet
769 3740 834 3785 ut
865 3727 1168 3784 inventum
1199 3741 1368 3780 suum
1405 3720 1572 3799 λείψει
1600 3735 1879 3795 tueretur,

315 3842 376 3878 v.
406 3820 521 3877 318
547 3830 604 3876 et
635 3818 754 3891 319
787 3834 862 3872 ex
889 3812 990 3883 IV,
1024 3813 1098 3869 50
1125 3830 1212 3887 sq.
1263 3808 1570 3885 subreptos
1611 3810 1878 3881 intrusit,

318 3909 432 3966 nisi
447 3907 604 3983 quod
615 3924 793 3982 quum
809 3902 896 3961 ibi
909 3914 1061 3959 recte
1077 3902 1127 3967 ἐς
1141 3901 1186 3956 ἰν
1194 3897 1506 3972 {owlegatur
1512 3939 1528 3967 ,
1550 3896 1674 3973 ipse
1688 3898 1882 3975 inepte

317 3994 506 4066 ἢίνίον
545 3993 802 4069 scripsit.
836 3989 1139 4047 Postremo
1185 4007 1287 4044 sua
1313 4007 1370 4044 v.
1409 3986 1521 4040 320
1565 4004 1768 4041 rursus
1810 4006 1884 4042 ex

320 4093 433 4159 490
460 4085 705 4159 repetito
723 4078 964 4148 clausit,
999 4077 1098 4134 sed
1123 4088 1188 4133 ut
1211 4074 1347 4131 finis
1377 4084 1680 4129 coronaret
1708 4093 1876 4149 opuS,

318 4191 496 4248 quum
516 4168 754 4225 haberet
770 4166 1016 4225 verbum
1031 4164 1283 4233 finitum,
1308 4159 1454 4219 illud
1469 4159 1639 4239 λείψει
1653 4180 1712 4218 v.
1741 4162 1769 4214 3
1785 4182 1804 4214 1
1818 4162 1850 4217 5
1865 4206 1880 4231 ,

317 4259 584 4338 copulam
609 4254 864 4314 restituit
887 4266 944 4311 et
967 4272 1077 4330 pro
1100 4254 1311 4326 πνεῦμα
1333 4246 1517 4325 πικρὸν
1547 4260 1646 4304 aut
1671 4248 1881 4327 λυγρὸν,

318 4347 474 4424 quod
489 4344 738 4413 invenit,
755 4340 962 4417 πνεῦμά
983 4342 1028 4398 θ’
1053 4338 1133 4397 ἑὸν
1157 4338 1414 4415 scripsit,
1439 4338 1550 4395 nisi
1567 4335 1709 4393 adeo
1725 4337 1881 4413 quod

315 4434 380 4491 in
400 4434 454 4491 G
475 4433 690 4509 legitur
725 4428 932 4505 πνεῦμά
953 4430 998 4485 τ’
1026 4427 1132 4497 ἑὸν,
1164 4446 1295 4484 cum
1324 4443 1430 4482 suo
1447 4424 1593 4481 vitio
1621 4424 1676 4481 ei
1698 4423 1882 4481 relin-

317 4520 612 4597 quendum
629 4531 736 4579 est.
763 4516 882 4575 Nec
900 4514 1214 4574 clausulam
1243 4514 1640 4591 incorruptam
1666 4510 1880 4569 descri-

315 4608 458 4666 bere
483 4607 688 4667 valuit.
719 4605 894 4662 Dedit
921 4605 1077 4662 enim
1114 4624 1127 4659 :
1156 4610 1346 4679 πικρᾶς
1385 4600 1569 4677 μοίρας
1599 4598 1688 4656 ὑπ’
1717 4598 1879 4675 ἀνάγ-

317 4719 430 4768 κας,
448 4700 669 4765 Dorice,
689 4694 932 4771 opinor!
952 4689 1062 4748 Hic
1075 4690 1310 4766 quidem
1320 4689 1522 4747 videre
1535 4688 1692 4757 licet,
1709 4706 1882 4763 quan-

318 4796 519 4863 topere
535 4780 816 4839 ludificati
839 4780 956 4837 sint
971 4778 1092 4836 AR.
1115 4778 1255 4836 Nam
1281 4778 1468 4834 lucem
1485 4776 1574 4832 his
1593 4774 1882 4849 AEgyptiis

319 4869 576 4929 tenebris
601 4868 820 4927 illaturi
845 4868 1104 4946 primum
1119 4866 1231 4923 hoc
1251 4866 1457 4923 ordine
1475 4882 1677 4919 versus
1701 4862 1786 4917 col
1799 4862 1879 4916 lo-

321 4972 564 5018 carunt:
597 4958 734 5028 318,
759 4959 898 5031 319,
934 4957 1071 5028 317,
1102 4968 1223 5013 tum
1265 4954 1378 5009 320
1411 4952 1700 5028 scripsere
1717 4972 1876 5006 πνευ-

323 5045 532 5123 μάτιον,
550 5045 803 5122 simplici
833 5043 1092 5101 hominis
1113 5041 1256 5099 boni
1285 5041 1506 5116 copulae
1529 5038 1878 5095 substituen-

1980 550 2159 620 enim,
2193 551 2419 627 opinor,
2454 549 2549 608 hic
2570 552 2804 627 quidem
2834 565 3093 610 tenemus
3122 555 3341 632 apertis
3360 554 3567 612 ‹locu-

1982 641 2190 697 mentis
2225 639 2400 716 hujus
2423 640 2564 699 libri
2593 642 2902 714 originem,
2934 661 3039 698 nec
3060 644 3399 718 quisquam,
3436 645 3567 700 nisi

1980 727 2079 801 qui
2110 727 2487 784 traditionum
2512 730 2925 806 superstitione
2948 749 3188 808 prorsus
3222 745 3569 788 occaecatns

1978 829 2085 884 est,
2126 820 2245 890 Jam
2289 814 2583 873 accusabit
2624 829 2877 874 nostram
2902 817 3273 894 discerpendi
3306 819 3565 875 avidam

1978 905 2259 960 criticam.
2292 903 2464 961 Paene
2486 905 2645 981 piget
2664 903 2761 962 hic
2784 925 3016 982 quoque
3032 904 3421 982 adscripsisse
3451 926 3569 961 cur

1980 989 2097 1046 haec
2116 992 2483 1068 potissimum
2512 992 2981 1050 antecedentibus
3008 993 3297 1050 addiderit
3320 1017 3334 1049 :
3366 994 3560 1050 colla—

1979 1079 2053 1134 tis
2086 1081 2195 1134 306
2228 1093 2284 1136 et
2314 1089 2455 1154 294,
2488 1093 2552 1136 ut
2570 1081 2767 1138 omnia
2790 1081 2905 1138 alia
2932 1094 3173 1151 taceam,
3200 1081 3459 1158 patebit.

2054 1167 2196 1236 Quae
2203 1167 2325 1244 jam
2338 1168 2608 1242 leguntur
2622 1169 2693 1226 32
2705 1170 2899 1240 1-338,
2918 1171 3197 1226 eaeodem
3214 1171 3435 1226 ordine
3452 1170 3563 1238 lV,

1980 1255 2160 1330 395·4
2176 1259 2242 1315 13
2270 1257 2489 1316 videas.
2523 1255 2633 1314 Hic
2654 1277 2910 1334 quoque,
2934 1257 3037 1315 ubi
3058 1261 3188 1316 sons
3214 1257 3563 1336 discrepat,

1975 1356 2235 1401 enotasse
2254 1344 2459 1421 placet.
2506 1345 2617 1419 397
2648 1364 2739 1420 sq.

2096 1471 2373 1528 ναυσιὸάτας
2400 1473 2547 1534 φαίνει
2570 1474 2650 1521 καὶ
2670 1473 2717 1521 ἐν
2736 1473 2867 1522 ὕδατι
2886 1473 3111 1536 νήιτορας
3124 1473 3292 1536 ἄνδρας

2098 1543 2315 1592 ἔσσεσθαι
2334 1545 2551 1606 σκαφὲων
2568 1561 2619 1592 τε
2642 1543 2977 1606 κυόερνητῖρας
2996 1544 3195 1601 ἀύπνους

2096 1613 2372 1676 πρωτάρχας
2389 1629 2441 1662 τε
2458 1619 2573 1664 νεῶν
2597 1617 2691 1662 etc.

1976 1747 2221 1804 quorum
2251 1747 2323 1786 ex
2350 1727 2538 1786 tribus
2572 1728 2795 1786 ultimis
2826 1727 3205 1787 hemistichiis
3232 1749 3433 1788 unum
3468 1733 3561 1789 fe·

1976 1817 2055 1872 cit
2083 1836 2095 1869 ·.
2128 1815 2446 1892 πλωτάρχας
2470 1816 2731 1896 σκαφὲων,
2760 1815 2918 1893 quod
2942 1815 2997 1872 ei
3024 1814 3270 1874 reddidi.
3288 1851 3377 1861 —
3394 1826 3551 1884 400.

1975 1901 2251 1980 ὀρνυμένου
2282 1903 2451 1982 βίοτον
2482 1902 2753 1982 λείψουσι,
2774 1921 2883 1979 pro
2916 1922 3033 1979 quo
3068 1923 3247 1980 quum
3272 1905 3333 1961 in
3380 1903 3565 1962 Mur?

1976 1989 2271 2066 ὀρνυμένοιο
2288 1990 2457 2070 βίοτον
2470 1991 3006 2066 σώζουσιΙθςοι-εωτ,
3021 2011 3151 2049 cum
3166 1989 3567 2070 (ἰόρνυμὲνοιο

1979 2078 2087 2156 βίον
2110 2102 2186 2156 σ.,
2206 2099 2379 2156 quam
2406 2099 2534 2136 cum
2562 2078 2662 2136 AR
2682 2077 2964 2158 ὀρνυμένου
2992 2077 3159 2156 βίοτον
3186 2101 3239 2138 σ.
3272 2081 3567 2140 scribere

1978 2167 2177 2225 malui.
2204 2201 2279 2212 —-
2308 2176 2413 2234 401
2431 2211 2443 2224 .
2472 2166 2731 2244 Μοίραις(
2753 2165 2955 2246 Μοίρης
2984 2165 3127 2244 GH)
3152 2165 3296 2244 βαιὸν
3323 2169 3565 2246 χρόνον,

1977 2274 2084 2330 pro
2110 2274 2226 2332 qno
2243 2255 2401 2332 quod
2416 2254 2622 2312 Noster
2640 2251 2810 2312 habet
2834 2253 3075 2332 μοίρῃσιν
3093 2253 3395 2333 ὑπότρομον
3420 2270 3565 2315 tan-

1976 2354 2097 2399 tum
2128 2356 2393 2421 separato
2422 2343 2625 2400 ultimo
2664 2339 2953 2398 vocabulo
2972 2341 3329 2399 retinendum
3384 2359 3555 2414 erat,

1977 2451 2323 2508 quamquam
2347 2445 2557 2510 praeter
2581 2428 2737 2506 quod
2773 2427 2873 2485 AR
2899 2427 3217 2486 intulerunt
3264 2427 3375 2488 ὕπο
3412 2434 3567 2512 χρό-

1975 2539 2079 2590 νον,
2104 2520 2275 2576 etiam
2304 2517 2587 2596 ὑπότροποι
2615 2530 2715 2573 aut
2736 2515 2880 2573 adeo
2903 2515 3032 2594 ὑπὲρ
3060 2515 3237 2594 τρόπιν
3276 2520 3567 2580 scribere

1976 2607 2283 2683 potuisses.
2312 2605 2423 2664 Sed
2440 2603 2539 2662 hic
2558 2623 2795 2681 quoque
2814 2603 2967 2661 valet
2992 2604 3140 2662 illud
3164 2625 3178 2659 2
3201 2607 3383 2661 Suum
3410 2618 3563 2664 cm·-

1976 2715 2094 2768 que,
2134 2696 2307 2752 etiam
2332 2695 2592 2772 ineptum
2623 2705 2679 2749 et
2706 2692 3002 2752 stolidum.
3041 2726 3121 2737 -
3148 2701 3261 2759 402
3290 2695 3460 2752 ὁπότ’
3492 2695 3563 2755 ἂν

1974 2785 2176 2842 πολιοῖο
2198 2781 2429 2862 Κρόνοιο.
2453 2817 2530 2826 -
2554 2784 2665 2851 403
2691 2771 2727 2860 ᾖ
2749 2782 3033 2860 ἰσόμοιρος,
3050 2802 3157 2860 pro
3180 2803 3299 2858 quo
3328 2782 3567 2844 Noster

1974 2869 2039 2942 ἢν
2056 2873 2183 2931 sine
2194 2875 2369 2931 verbo
2385 2871 2751 2931 substantivo
2762 2868 3021 2929 scribere
3036 2872 3333 2947 sustinuit,
3345 2892 3561 2950 quum

1978 2963 2143 3020 facile
2154 2976 2300 3020 esset
2318 2982 2329 3017 ε
2350 2958 2669 3037 κυανοχρόου
2684 2948 2799 3015 εὖτε
2814 2950 3163 3037 Κρόνοιο-ᾗ
3182 2958 3419 3033 ἰσόμ.-
3438 2968 3563 3029 405

1975 3050 2324 3119 νεκυοστόλος,
2373 3048 2531 3125 quod
2566 3048 2738 3105 etiam
2774 3046 2981 3104 Nostro
3022 3046 3335 3106 obtrudere
3376 3053 3565 3110 vole-

1975 3135 2115 3196 bant
2144 3138 2240 3196 AR
2278 3159 2290 3192 z
2327 3136 2401 3194 cf.
2436 3136 2597 3214 praef.
2628 3156 2689 3213 p.
2712 3154 2967 3192 xxxvm.
2996 3170 3067 3181 -—
3092 3138 3203 3204 406
3228 3134 3563 3202 ἐξολέσει-

1976 3224 2065 3282 καὶ
2109 3224 2292 3284 πολύν.
2328 3257 2403 3267 -
2435 3233 2546 3296 407
2588 3224 2679 3280 καὶ
2707 3220 2763 3279 δὲ
2799 3244 2853 3280 κ.
2896 3220 3168 3293 θανάτους,
3220 3224 3389 3300 quod
3430 3248 3563 3285 non

1976 3313 2265 3371 debebant
2282 3312 2490 3369 Nostro
2514 3312 2753 3382 inferre,
2781 3311 2909 3368 sine
2948 3310 3129 3368 dubio
3156 3310 3383 3369 θάνατον
3414 3316 3565 3392 pla-

1976 3402 2105 3459 cide
2136 3402 2369 3459 ferente.
2397 3432 2476 3445 --
2500 3402 2634 3467 408.
2666 3401 2885 3456 πλοῦτον
2911 3397 2956 3455 δ’
2986 3400 3043 3455 ἐκ
3069 3398 3307 3457 θανάτων
3326 3404 3563 3461 πολλῶν

1976 3490 2140 3565 μέγαν
2160 3488 2505 3566 αὖχήσουσιν,
2530 3486 2635 3545 ubi
2656 3484 2961 3556 αὗξήσουσιν
2982 3499 3039 3544 et
3051 3485 3147 3543 hic
3164 3500 3220 3544 et
3246 3492 3309 3543 in
3324 3488 3564 3550 Nostro

1974 3578 2277 3655 scripsisse
2330 3596 2423 3634 me
2488 3574 2743 3633 nondum
2815 3574 3107 3652 poenituit.
3146 3608 3221 3620 —
3272 3584 3395 3643 400
3454 3600 3559 3656 sq.

1974 3664 2213 3737 Nosti-0,
2244 3666 2342 3722 sed
2372 3666 2555 3739 signis
2582 3664 3027 3739 circumscripta
3054 3662 3245 3720 intuli.
3272 3661 3561 3738 Legeba-

1975 3767 2071 3811 tur
2096 3758 2249 3811 enim
2277 3754 2341 3810 in
2364 3752 2415 3809 G
2447 3773 2461 3811 :

2098 3882 2283 3944 Μάρτυς
2298 3884 2339 3931 δ’
2362 3882 2435 3931 ἐπὶ
2458 3886 2597 3929 τοῦτο
2618 3881 2803 3941 γένηται
2822 3880 2903 3927 καὶ
2920 3878 3129 3941 Πυρόεις,

2160 3956 2189 4011 ἡ
2210 3954 2359 4015 μήτηρ
2379 3954 2577 4015 προτέρη
2591 3953 2768 4013 οἴχεται
2783 3952 2847 4005 εἰς
2866 3950 3017 4008 did-em

1974 4080 2105 4135 quae
2142 4058 2237 4114 AR
2284 4059 2403 4115 suis
2440 4056 2791 4134 conjecturis
2834 4067 3053 4111 tentare
3088 4072 3255 4129 quam
3288 4072 3365 4111 ex
3396 4076 3560 4116 vero

1974 4150 2129 4204 sonte
2164 4147 2453 4223 complere
2478 4145 2749 4201 maluisse
2774 4145 3011 4199 miratus
3036 4161 3187 4201 sum.
3214 4140 3349 4198 Una
3366 4160 3561 4203 raetat

1974 4239 2219 4291 varietas
2262 4257 2273 4290 ι
2310 4235 2371 4291 in
2396 4232 2548 4290 libro
2595 4230 2669 4288 lv
2718 4231 2929 4305 legitur
2970 4226 3094 4296 ἵξετ’
3140 4230 3190 4295 ἐς
3232 4224 3441 4313 ’ᾼδηιμ
3474 4268 3559 4277 --

1978 4334 2007 4391 4
2022 4346 2042 4380 1
2058 4344 2111 4380 2.
2142 4322 2177 4393 ἢ
2204 4322 2309 4379 διὰ.
2329 4354 2405 4367 -—-
2420 4330 2450 4387 4
2466 4342 2485 4377 1
2502 4322 2555 4377 3.
2572 4317 2909 4394 ἀμὸλώσσοις
2928 4314 2973 4373 δ’
2994 4315 3029 4374 ἃ
3046 4314 3244 4393 γυναιξὶ
3270 4316 3561 4393 (αμὸλωσ.

1976 4434 2094 4476 σους
2114 4414 2157 4469 δ’
2182 4408 2417 4487 αγυναιξι
2440 4410 2499 4467 Μ
2520 4408 2555 4487 ),
2579 4409 2651 4465 de
2674 4426 2789 4483 quo
2816 4425 2993 4483 supra
3015 4404 3255 4462 dictum.
3282 4402 3395 4461 fflc
3416 4410 3560 4483 qui-

1973 4500 2102 4557 dem
2128 4512 2344 4577 puncto
2373 4509 2507 4575 post
2526 4495 2709 4554 νούσου
2740 4494 2970 4551 sublato
2989 4492 3271 4567 integram
3296 4498 3555 4569 reposui

1974 4608 2045 4645 ex
2086 4586 2191 4645 GH
2216 4590 2582 4663 scripturam,
2612 4602 2783 4659 quam
2825 4582 2887 4637 in
2919 4580 3157 4657 ἡμερίαις
3179 4577 3233 4636 δὲ
3258 4600 3554 4657 corrupe-

1974 4693 2106 4737 rant
2148 4678 2271 4748 AR,
2300 4693 2649 4753 quamquam
2688 4684 2916 4749 postea,
2954 4671 3100 4746 quid
3140 4688 3345 4726 verum
3382 4686 3555 4729 esset

1975 4767 2250 4845 suspicati
2280 4767 2343 4822 in
2372 4762 2535 4842 praef.
2556 4782 2613 4839 p.
2646 4758 3061 4830 xxxv111,male
3088 4770 3279 4815 tamen
3310 4760 3549 4831 cogita-

1974 4870 2185 4913 verunt
2218 4854 2288 4911 de
2330 4864 2623 4909 menstruo
2664 4848 2971 4905 mulierum
3000 4892 3017 4923 ‚
3064 4864 3245 4922 quum
3298 4844 3369 4901 de
3404 4866 3554 4919 gra-

1971 4944 2242 5002 vidarum
2286 4954 2341 4999 et
2387 4937 2831 5017 parturientium
2876 4932 3314 5007 haemorrhagiis
3342 4952 3551 4993 sermo

1974 5035 2079 5105 sit,
2108 5054 2236 5109 quae
2265 5030 2335 5087 ad
2374 5028 2638 5085 abortum
2669 5035 2950 5103 spectant.
2976 5022 3255 5080 Consulto
3279 5022 3548 5101 αίμηραῖς

323 5148 430 5205 tes,
458 5134 507 5191 si
531 5132 644 5189 diis
669 5131 879 5208 placet,
906 5130 1151 5188 Adriani
1173 5128 1544 5206 imperatoris
1567 5128 1877 5180 animulam
1974 5121 2027 5178 δὲ
2057 5118 2364 5178 scribendo
2387 5114 2853 5193 conjunctionem
2886 5110 3103 5169 inferre
3132 5109 3321 5167 nolui.

325 5226 594 5297 vagalum
641 5222 1002 5275 blandulum!
1035 5218 1150 5275 Sed
1194 5217 1315 5274 baec
1344 5217 1482 5273 satis
1523 5226 1714 5271 sunto.
1746 5211 1874 5268 Jam
1919 5208 1929 5229 ¹

2051 5210 2192 5277 Quae
2216 5218 2556 5281 sequuntur,
2590 5206 2775 5262 loo-142
2799 5200 2997 5258 omnia
3018 5198 3317 5257 communi
3346 5200 3549 5255 Saum-
