3767 5825
1150 370 1561 434 Tflssocmn
1604 365 1967 430 IDYLLION
2009 364 2166 425 XVI.
3158 361 3232 414 88

308 521 775 604 ΧΑΡΙΤΕΣ
839 520 917 596 Η
982 517 1337 596 ΙΕΡΩΝ.

582 711 922 759 Ennaton
958 705 1051 756 13⁹.

70 853 169 910 Αἱεί,
194 855 343 911 τοῦτο
366 848 487 915 Διὸς
514 845 724 926 κούραις
740 844 885 922 μέλει
902 889 920 921 ,
952 842 1061 903 αἷὲν
1086 843 1272 908 ἀοιδοῖς
1287 889 1303 918 ,

68 946 225 1016 ὑμνεῖν
252 937 559 1006 ἀθανάτους,
590 939 767 1011 ὑμνεῖν
802 935 1009 1010 ἀγαθῶν
1032 930 1160 988 κλέα
1185 931 1401 1010 ἀνδρῶν.

72 1032 263 1086 Μοῦσαι
290 1024 383 1102 μὲν
410 1024 523 1082 θεαί
550 1027 685 1092 ἐντι,
721 1020 862 1086 θεοὺς
883 1019 995 1078 θεαὶ
1021 1018 1269 1074 ἀείδοντι·

72 1117 227 1192 ἄμμες
252 1114 307 1172 δὲ
344 1111 553 1192 βροτοί,
582 1113 631 1170 οἱ
660 1109 713 1168 δὲ
743 1106 955 1188 βροτοὺς
979 1105 1154 1214 βροτοὶ
1174 1103 1441 1179 ἀείδωμες.

50 1239 53 1254 ·
144 1203 213 1269 τίς
232 1201 335 1282 γὰρ
358 1204 461 1258 τῶν
484 1199 669 1259 ὁπόσοι
693 1195 926 1275 γλαυκὰν
949 1193 1175 1251 ναίουσιν
1199 1195 1285 1250 ὑπ’
1316 1193 1394 1248 ἀῶ
1411 1233 1429 1266 ,

74 1295 311 1368 ἡμετέρας
332 1288 589 1398 Χάριτας
596 1283 826 1349 πετάσας
856 1279 1156 1348 ὑποδέξεται
1180 1277 1307 1358 οἴκῳ

76 1378 323 1443 ἆσπασίως
340 1421 359 1453 ‚
381 1377 489 1434 οὐδ’
522 1365 665 1440 αυθις
684 1369 975 1449 ἅδωρήτους
1005 1366 1333 1446 ἀποπέμψει,

78 1468 125 1522 αἱ
144 1465 193 1524 δὲ
222 1463 529 1554 σκυζόμεναι
550 1466 763 1538 γυμνοῖς
793 1479 944 1514 ποσιν
967 1453 1183 1512 οἶκαδ”
1165 1476 1322 1529 ιασιν,

78 1533 246 1612 πολλά
256 1576 323 1628 με
348 1551 687 1620 τωθάζοισαι,
714 1544 789 1604 ὅτ’
820 1541 1019 1612 ἅλιθίην
1047 1540 1162 1600 ὁδὸν
1183 1533 1353 1612 ηνθον,

50 1639 271 1722 ιόκνηραὶ
298 1638 353 1696 δὲ
379 1638 539 1696 πάλιν
566 1643 743 1700 κενεᾶς
772 1635 826 1690 ἐν
853 1629 1075 1706 πυθμένι
1101 1630 1266 1707 χηλοῦ

79 1732 275 1806 ψυχροῖς
296 1729 349 1784 ἐν
376 1724 655 1802 γονᾶτεσσι
676 1721 860 1800 κάρη
850 1717 1087 1794 μίμνοντι
1114 1717 1355 1794 βαλοῖσαι
1376 1759 1392 1790 ,

80 1816 163 1872 ἔνθ’
186 1817 283 1874 αἰεί
310 1837 485 1896 σφισιν
516 1812 639 1892 ἕδρη
658 1856 673 1884 ,
706 1806 835 1878 ἐπὴν
867 1808 1127 1884 ἄτρακτοι
1141 1802 1371 1862 ἵκωνται

82 1903 143 1969 τίς
166 1907 261 1962 τῶν
288 1909 377 1961 νῦν
406 1900 625 1970 τοιόςδε;
650 1887 806 1964 τίς
750 1919 804 1954 ευ
833 1892 1043 1952 εἰπόντα
1072 1891 1307 1972 φιλησει;
1399 1888 1616 1968 [ἐσθλοῖς

82 1993 161 2048 οὐκ
184 1981 301 2049 οἷδ’·
331 1992 391 2048 οὐ
413 1987 575 2068 γὰρ’
547 1989 617 2044 ετ·
650 1983 829 2063 ἄνδρες
850 1981 933 2040 ἐπ’
960 1979 1232 2060 ἔργμασιν,
1261 1981 1329 2044 ὡς
1356 1975 1549 2056 πάρος,

50 2097 63 2134 5
87 2081 319 2136 αινεῖσθαι
342 2075 646 2147 σπεύδοντι,
672 2071 961 2140 νενίκηνται
990 2069 1034 2125 δ’
1058 2066 1158 2124 ὑπὸ
1186 2065 1335 2146 κερδέ
1336 2089 1425 2124 ων.

85 2173 171 2231 πᾶς
188 2169 231 2223 δ’
259 2165 359 2224 ὑπὸ
387 2163 585 2223 κόλπου
612 2167 791 2240 χεῖρας
813 2156 947 2236 ἔχων
966 2154 1121 2214 πόθεν
1145 2152 1351 2220 αὔξεται
1381 2155 1525 2232 ἄθρεῖ

88 2253 303 2332 ἄργυρον,
330 2247 452 2309 οὐδέ
478 2271 566 2306 κεν
588 2246 663 2305 ἰὸν
693 2243 984 2323 ἀποτρίψας
1006 2265 1105 2298 τινι
1137 2239 1279 2311 δοίη,

88 2342 189 2395 ἀλλ’
216 2337 360 2404 ευθυς
389 2339 662 2414 μυθεῖται,
693 2329 946 2409 ἀπωτέρω
969 2328 1003 2400 ἢ
1030 2325 1153 2407 γόνυ
1182 2326 1359 2404 κνήμα

88 2428 135 2481 a?
121 2431 213 2506 τῷ
241 2426 329 2502 μοί
350 2449 402 2483 τ.
428 2447 491 2500 γε
468 2423 657 2480 ’·νοιτο
688 2419 793 2477 θεοὶ
814 2421 1033 2494 τιμῶσιν
1068 2413 1293 2480 ἅοιδούς·

50 2531 69 2566 ο
89 2515 151 2576 τίς
176 2487 229 2570 δέ
252 2534 339 2569 κεν
366 2511 530 2569 ἄλλου
558 2505 812 2576 ἀκούσαν,
840 2503 949 2569 ἅλις
968 2524 1247 2560 παντεσσιν
1272 2498 1534 2580 “Oia-apoc·

90 2622 219 2666 ουτος
246 2599 431 2656 ἀοιδῶν
454 2599 683 2676 λῷστος,
708 2591 835 2660 ὅς’
781 2611 835 2660 ες
858 2593 985 2666 ἐμοῦ
1010 2587 1207 2646 οἴσεται
1240 2585 1403 2646 οὐδέν.

158 2685 437 2762 δαιμόνιοι,
470 2683 521 2741 τί
552 2681 607 2740 δὲ
629 2681 805 2760 κέρδος
832 2683 860 2738 ὁ
890 2675 1065 2757 μυρίος
1092 2675 1256 2734 ἔνδοθι
1282 2673 1469 2755 χρυσός

92 2775 329 2848 κείμενος;
362 2776 467 2850 οὐχ
489 2763 591 2830 ὦδε
618 2767 842 2828 πλούτου
874 2763 1166 2846 φρονέουσιν
1200 2761 1405 2834 ὄνασις,

94 2860 217 2919 ἀλλὰ
236 2861 292 2921 τὸ
322 2861 419 2975 μὲν
422 2863 622 2972 ψυχᾶ,
648 2879 705 2915 το
729 2855 783 2915 δὲ
810 2857 901 2914 καί
929 2875 1027 2911 τινι
1056 2854 1233 2910 δοῦναι
1263 2847 1445 2924 ἀόζων,

52 2972 73 3009 s
94 2950 355 3017 πολλοὺς
325 2950 369 3007 o’
396 2973 455 3007 ευ
422 2940 624 3027 Ἰ’ἔρξαι
648 2946 817 3016 ποιῶν,
841 2939 1063 3008 πολλους
1088 2940 1143 2999 δὲ
1170 2939 1260 2999 καὶ
1291 2938 1465 2997 ἄλλων

96 3036 383 3117 ἀνθρώπων,
414 3036 519 3094 αἷεὶ
541 3034 595 3093 δὲ
619 3037 748 3099 θεοῖς
776 3028 1041 3105 ἐπιὸὠμια
1072 3028 1248 3109 ῥέζειν,

98 3122 219 3199 μηδὲ
246 3124 528 3193 ξεινοδόκον
562 3144 723 3181 κακον
752 3118 1006 3196 ἔμμεναι,
1037 3112 1173 3173 ἀλλὰ
1204 3113 1434 3193 τραπέζῃ

98 3210 359 3286 μειλίξαντ’
383 3208 729 3289 αποπέμψαι,
762 3206 891 3277 ἐπὴν
920 3206 1160 3263 ἐθέλωντι
1181 3201 1415 3273 νέεσθαι,

99 3300 349 3359 Μουσάων
371 3296 431 3357 δὲ
456 3296 687 3375 μάλιστα
707 3294 833 3352 τίειν
861 3290 1067 3371 ispouq‘
1048 3288 1341 3370 υποφητας,

60 3408 85 3447 o
100 3386 221 3465 ὄφρα
238 3387 327 3446 καὶ
350 3388 429 3444 εἶν
459 3380 632 3444 Ἀΐδαο
654 3350 1006 3462 κεκρυμμένος
1032 3376 1208 3442 ἐσθλὸς
1237 3374 1461 3456 ἀκούσῃς
1475 3421 1491 3449 ,

104 3476 211 3549 μηδ’
238 3472 425 3544 ἀκλεὴς
456 3471 651 3551 μύρηαι
676 3468 761 3527 ἐπὶ
782 3471 982 3549 ψυχροῦ
1007 3462 1326 3543 Ἀχέροντος,

102 3562 205 3627 ixei
228 3586 301 3627 τις
328 3558 541 3639 μακέλῃ
568 3554 915 3633 τετυλωμένος
944 3553 1106 3613 ἔνδοθι
1121 3557 1301 3633 χεῖρας

106 3646 223 3725 ἆχὴν
249 3651 307 3706 ἐκ
330 3643 577 3723 πατέρων
600 3642 781 3713 πενίην
808 3640 1081 3717 ἀκτήμονα
1107 3638 1321 3698 κλαίων.

108 3734 269 3793 πολλοι
296 3737 349 3793 ἐν
384 3734 673 3811 Ἀντιόχοιο
702 3731 876 3807 δόμοις
895 3750 988 3787 και
1017 3726 1234 3791 ἄνακτος
1262 3724 1444 3784 Ἀλεύα

68 3842 91 3879 s
110 3820 351 3899 ἁρμαλιὴν
378 3820 615 3899 ἔμμηνον
641 3814 999 3897 ἐμετρήσαντο
1021 3812 1294 3873 πενέσται·

110 3908 271 3967 πολλοι
291 3909 345 3967 δὲ
374 3906 720 3985 Σκοπάδῃσιν
750 3900 1083 3980 ἐλαυνόμενοι
1104 3900 1223 3959 ποτὶ
1253 3898 1438 3966 σακούς

114 3995 279 4075 μόσχοι
302 3994 395 4055 σὺν
422 3998 674 4073 κεραῇσιν
700 3990 1031 4071 ἐμυκήσαντο
1057 3987 1291 4068 βόεσσιν·

116 4084 257 4161 μυρια
284 4084 329 4141 δ’
360 4079 621 4161 ἀμπεδίον
646 4077 973 4160 Κραννώνιον
993 4075 1292 4135 ἐνδιᾶασκον

116 4168 331 4245 ποιμένες
355 4169 576 4251 ἔκκριτοι
600 4170 747 4245 μῆλα
774 4164 1104 4247 φιλοξείνοισι
1134 4163 1457 4241 Κρεώνδαις·

75 4270 99 4311 υ
117 4258 217 4313 ἀλλ’
242 4256 301 4317 ου
328 4280 454 4369 σφἰν
477 4259 580 4313 τῶν
608 4246 755 4327 ἦδος,
784 4252 898 4311 ἐπεὶ
928 4250 1119 4330 γλυκυν
1153 4250 1463 4320 ἐξεκένωσαν

118 4344 259 4418 θυιον
280 4344 333 4413 ἐξ
358 4348 567 4425 εὐρεῖαν
596 4340 807 4421 σχεδίαν
837 4344 1051 4417 στυγνοῦ
1081 4338 1407 4419 Ἀχέροντος,

124 4432 355 4505 ἄμναστοι
387 4431 445 4491 δὲ
472 4431 543 4489 τὰ
574 4428 747 4489 πολλὰ
772 4452 859 4487 και
887 4426 1041 4487 ὄλὸια
1067 4428 1211 4485 κεῖνα
1246 4426 1479 4492 λιπόντες

124 4518 283 4587 δειλοῖς
310 4522 363 4578 ἐν
391 4518 632 4578 νεκύεσσι
657 4514 883 4597 μακρους
905 4517 1093 4581 αἰῶνας
1119 4513 1342 4586 ἔκειντο,

128 4606 163 4659 εἰ
186 4606 251 4681 μὴ
276 4610 441 4673 κεῖνος
470 4606 639 4671 ἀοιδὸς
670 4608 699 4663 ὁ
722 4604 882 4675 Κήιος
909 4602 1061 4661 αἰόλα
1089 4600 1297 4683 φωνέων

82 4702 109 4749 b
132 4692 351 4770 βόρὸιτον
375 4698 429 4761 ἐς
454 4692 828 4771 πολύχορδον’
806 4716 856 4749 εν
882 4690 1097 4770 ἀνδράσι
1126 4689 1239 4761 θῆκ’
1265 4688 1582 4766 ὀνομαστούς

128 4780 291 4839 ὁπλοτ’
264 4803 425 4860 ε·ροις
454 4790 611 4856 τιμᾶς
644 4780 696 4837 δὲ
727 4778 867 4837 καὶ’
838 4778 991 4845 ωκέες
1018 4778 1234 4857 ἔλλαχον
1256 4776 1435 4849 ἵπποι,

130 4864 169 4921 οἵ
191 4890 351 4947 σφισιν
376 4868 429 4935 ἐξ
451 4870 605 4948 ἱερῶν
636 4865 1010 4947 στεφανηφόροι
1032 4858 1181 4938 ηνθον
1210 4864 1441 4942 ἀγώνων.

89 4992 91 5005 .
134 4955 195 5019 τίς
214 4956 313 5011 δ’*
290 4982 351 5013 αν
380 4958 637 5033 ἀριστηας
666 4953 869 5015 Λυκίων
898 4953 1056 5026 ποτέ,
1087 4952 1163 5021 τίς
1183 4952 1483 5029 κομόωντας

89 5028 411 5119 ΞΠριιιιμλδας
437 5040 473 5113 ἢ
502 5046 661 5113 θηλυν
684 5041 787 5100 ἀπο
810 5050 989 5122 χροιᾶς
1018 5040 1219 5102 Κύκνον
1251 5038 1408 5117 ἔγνω,

90 5130 173 5187 bt?
196 5129 263 5205 μὴ
294 5130 578 5210 φυλόπιδας
602 5128 862 5209 προτέρων
895 5128 1131 5206 ὕμνησαν
1162 5126 1349 5201 ἀοιδοί,

93 5252 95 5263 “
278 5242 505 5283 wma-

1791 497 2332 608 CHARI'TES
2391 515 2628 601 slvE
2689 513 3128 600 HIERON.

2201 698 2550 756 IDYLLION
2588 697 2738 753 XVI.

1691 871 1886 930 Semper
1903 867 1996 916 hoc
2012 865 2146 916 Jovis
2167 864 2358 915 filiabus
2379 875 2511 912 curoe
2527 863 2634 923 est,
2657 873 2846 928 sempe·
2868 861 3084 926 vatibus,

1693 956 1934 1004 celebrare
1954 953 2070 1004 deos
2105 952 2404 1002 immortales
2418 990 2434 1015 ‚
2455 950 2696 1000 celebrare
2710 950 3057 1012 „praestantium
3087 949 3251 1001 laudes

1694 1037 1945 1103 virorum]
1965 1042 2116 1089 Musae
2132 1038 2328 1101 quidem
2345 1037 2450 1088 dem
2461 1039 2599 1100 sunt,
2619 1035 2734 1086 deos
2750 1036 2856 1087 dem
2869 1039 3051 1086 canunt
3061 1053 3077 1099 ;
3103 1036 3250 1100 [mus.

1696 1143 1783 1178 nos
1818 1129 1981 1178 autem
2017 1126 2245 1176 mortales
2269 1138 2449 1176 sumus
2462 1161 2478 1187 ,
2506 1125 2829 1188 mortalesque
2857 1125 3084 1175 mortales
3113 1138 3253 1174 cana-

1757 1215 1979 1278 quisnam
1997 1227 2167 1264 eorum
2181 1215 2420 1277 quotquot
2433 1213 2524 1263 sub
2546 1211 2752 1262 coerulea
2763 1225 2938 1263 aurora
2955 1213 3192 1275 habitant,

1698 1307 1883 1352 nostras
1907 1301 2102 1353 Gratias
2125 1301 2309 1351 foribus
2323 1299 2501 1364 apertis
2525 1300 2720 1364 recipiet
2745 1299 2892 1351 domo

1697 1389 1920 1453 benigne,
1941 1402 2098 1452 neque
2113 1390 2243 1438 retro
2259 1387 2510 1438 indonatus
2526 1389 2766 1438 remittet?

1701 1478 1794 1527 inae
1811 1477 1976 1527 autem
1993 1476 2288 1540 indignantes
2309 1476 2450 1526 nudis
2465 1476 2668 1539 pedibus
2689 1477 2889 1526 domum
2906 1477 3134 1542 redeunt,

1700 1566 1914 1615 multum
1929 1577 2010 1614 me
2027 1563 2326 1627 incusantes,
2353 1563 2546 1626 quando
2573 1565 2750 1614 frustra
2770 1564 2900 1614 viam
2922 1566 3258 1628 confecerunt,

1700 1653 1957 1716 tristesque
1977 1664 2145 1702 rursus
2165 1651 2214 1700 in
2241 1651 2392 1700 fundo
2413 1663 2580 1700 vacum
2599 1651 2731 1701 cistae

1586 1773 1592 1778 -
1702 1739 1751 1788 in
1770 1739 1950 1803 frigidis
1965 1739 2164 1802 genibus
2185 1737 2342 1801 capite
2359 1737 2576 1800 deposito
2599 1740 2813 1802 manent,

1704 1827 1785 1876 ubi
1808 1840 1996 1890 semper
2013 1827 2073 1876 iis
2087 1828 2166 1876 cst
2181 1825 2318 1876 seties
2330 1863 2344 1887 ,
2369 1823 2564 1889 quando
2583 1838 2636 1875 re
2661 1825 2836 1875 infecta
2853 1825 3115 1876 redierunt.
3133 1825 3259 1891 [bite

1704 1915 1811 1977 quis
1828 1915 2004 1965 borum
2034 1914 2286 1963 bominum
2312 1912 2422 1964 talis
2437 1915 2541 1964 est?
2563 1914 2673 1976 quis
2689 1913 2814 1964 bene
2847 1912 3085 1965 dicentem
3120 1928 3259 1964 ama-

1706 2002 1892 2064 nesci03
1911 2015 2009 2051 non
2023 2001 2152 2051 enim
2168 2001 2374 2064 amplius
2389 2001 2609 2051 homines
2621 2003 2814 2064 propter
2831 2003 3109 2065 praestantia
3121 2005 3263 2065 facta,

1708 2091 1765 2138 ut
1781 2088 1943 2153 anie‚]
1965 2088 2150 2138 laudari
2172 2088 2374 2150 cupiunt
2389 2124 2404 2150 ,
2432 2087 2517 2138 sed
2541 2088 2676 2138 lucro
2692 2089 2808 2138 victi
2837 2091 2967 2139 sunt.
3020 2089 3268 2154 [augeatur

1707 2177 1910 2240 quilibet
1929 2179 2092 2226 autem
2109 2176 2200 2227 sub
2225 2177 2334 2225 sinu
2347 2189 2548 2225 manum
2569 2178 2740 2226 tenens
2757 2177 3124 2241 circumspectat
3142 2177 3269 2228 unde

1710 2267 1980 2328 argentum,
2005 2278 2160 2328 neque
2187 2265 2424 2314 detersam
2447 2262 2710 2327 aerug'nem
2731 2265 2958 2327 cuiquam
2994 2264 3207 2327 dederit,

1710 2352 1795 2402 sed
1811 2352 1974 2402 statim
1991 2352 2111 2402 dicit
2131 2373 2145 2402 :
2165 2352 2354 2416 longius
2367 2365 2402 2401 a
2419 2365 2500 2402 me
2517 2355 2704 2401 remota
2725 2355 2802 2402 est
2817 2352 2936 2401 tibia
2953 2365 3100 2415 quam
3125 2364 3269 2415 genu3

1712 2430 1803 2492 ipsi
1818 2430 1938 2480 mihi
1963 2429 2144 2492 aliquid
2161 2429 2250 2478 siti
2272 2429 2339 2478 dii
2359 2430 2595 2478 honorant
2611 2432 2804 2492 poetas;

1714 2519 1763 2566 et
1778 2517 1888 2580 quis
1903 2517 2051 2566 alium
2073 2517 2267 2567 audiat?
2279 2517 2394 2568 satis
2407 2519 2484 2567 cst
2495 2517 2722 2567 omnibus
2753 2519 3015 2579 Homerus;

1714 2606 1793 2655 hic
1810 2609 2062 2669 poetarum
2080 2609 2158 2656 est
2181 2606 2396 2668 optimus
2407 2641 2422 2668 ,
2440 2605 2524 2667 qui
2542 2604 2662 2654 nihil
2679 2616 2708 2652 a
2724 2617 2808 2655 me
2817 2607 3020 2655 auferet.

1774 2694 1956 2756 insani,
1977 2693 2094 2756 quid
2116 2693 2310 2757 prodest
2321 2693 2614 2742 immensum
2639 2690 2774 2741 domi
2792 2706 2968 2742 aurum

1716 2780 2017 2830 reconditum
2026 2783 2048 2828 Ρ
2065 2793 2166 2830 non
2181 2779 2252 2829 sic
2267 2779 2546 2828 divitiarum
2561 2791 2680 2828 usus
2695 2781 2776 2829 est
2790 2779 3084 2843 sapientibus
3095 2815 3110 2842 ,

1717 2867 1988 2932 sedpartim
2011 2867 2127 2917 dare
2154 2866 2295 2918 decet
2313 2863 2452 2929 genio
2468 2903 2483 2929 ,
2511 2867 2688 2930 partim
2703 2866 2850 2917 etiam
2867 2866 3012 2917 alicui
3029 2868 3278 2918 ministro-

1718 2970 1830 3005 rum
1842 2956 1879 3021 ,]
1895 2956 2157 3019 multisque
2171 2955 2398 3005 affinibus
2409 2955 2532 3004 bene
2554 2955 2712 3005 facere
2721 2992 2738 3017 ‚
2755 2955 2924 3006 multis
2946 2954 3092 3005 etiam
3105 2954 3211 3006 aliis

1722 3041 2025 3105 hominibus,
2045 3054 2103 3091 ac
2117 3054 2308 3104 semper
2324 3040 2418 3092 diis
2442 3054 2578 3091 sacra
2599 3042 2783 3104 facere,

1720 3144 1879 3193 neque
1901 3130 2165 3193 malignum
2183 3143 2286 3181 esse
2301 3129 2568 3193 hospitem,
2593 3128 2679 3180 sed
2702 3142 2869 3181 mensa

1722 3218 1923 3281 benigne
1939 3220 2164 3280 exceptos
2179 3216 2447 3280 dimittere,
2468 3230 2622 3281 quum
2643 3218 2814 3269 volunt
2826 3216 3008 3281 redire,

1724 3309 1971 3356 Musarum
1990 3308 2153 3355 autem
2167 3305 2380 3355 maxime
2391 3306 2630 3356 bonorare
2649 3319 2810 3356 sacros
2825 3306 3109 3371 interpretes
3119 3343 3134 3369 ,

1726 3396 1781 3443 ut
1797 3394 1942 3444 etiam
1959 3394 2010 3443 in
2025 3394 2240 3444 Plutonis
2257 3394 2406 3444 domo
2417 3395 2689 3444 occultatus
2705 3394 2828 3445 bene
2852 3394 3044 3457 audias,

1724 3496 1883 3545 neque
1901 3481 2130 3543 inglorius
2153 3483 2316 3545 lugeas
2331 3481 2462 3545 apud
2485 3481 2710 3545 frigidum
2729 3482 3070 3546 Acherontem,

1727 3570 1852 3619 sicut
1866 3570 2058 3632 aliquis,
2073 3568 2157 3632 qui
2175 3582 2206 3618 a
2218 3569 2374 3631 ligone
2392 3570 2523 3620 intus
2540 3583 2712 3619 manus
2728 3570 2853 3619 callo
2867 3570 3104 3621 obductas
3119 3570 3282 3632 babet,

1729 3670 1908 3719 pauper
1931 3670 1962 3705 a
1978 3656 2242 3717 majoribus
2259 3660 2525 3719 acceptam
2542 3659 2874 3720 paupertatem
2899 3658 3094 3721 inopem
3125 3657 3286 3721 deplo-

1730 3758 1841 3793 rans
1852 3741 1889 3807 ,]
1912 3743 2054 3792 multi
2071 3743 2122 3793 in
2143 3743 2364 3794 Antiochi
2381 3744 2526 3793 domo
2545 3746 2594 3793 et
2617 3744 2738 3806 regis
2760 3743 2922 3794 Aleum

1731 3830 2015 3879 demensum
2031 3832 2338 3880 menstruum
2359 3834 2647 3893 acceperunt
2661 3831 2827 3880 famuli
2843 3848 2860 3893 3

1731 3918 1873 3968 multi
1893 3916 2122 3981 Scopadis
2137 3917 2201 3968 ad
2217 3916 2408 3967 stabula
2422 3917 2520 3966 acti

1735 4006 1872 4056 vituli
1891 4019 2006 4055 cum
2023 4005 2239 4055 cornutis
2254 4005 2411 4055 bobus
2423 4005 2726 4067 mugierunt3

1736 4094 2012 4144 innumeras
2027 4106 2114 4157 pa·
2127 4106 2324 4156 campos
2336 4092 2635 4144 crannonios
2651 4093 2742 4143 sub
2763 4092 2844 4143 dio
2855 4093 3108 4157 pascebant

1738 4184 1954 4245 pastores
1971 4182 2172 4232 eximias
2187 4194 2302 4231 oves
2319 4181 2634 4245 hospitalibus
2651 4182 2881 4233 creandis
2893 4200 2905 4213 ·

1737 4269 1823 4320 sed
1839 4271 1972 4320 nulia
1983 4268 2044 4320 iis
2057 4268 2172 4321 inde
2182 4272 2300 4320 crat
2323 4269 2547 4332 voluptas
2559 4307 2573 4331 ,
2593 4272 2848 4333 postquam
2871 4269 3064 4319 dulcem
3078 4282 3290 4320 evacua·

1740 4357 1869 4422 runt]
1888 4358 2098 4408 animam
2113 4358 2165 4407 in
2178 4358 2324 4408 latam
2341 4358 2566 4421 cymbam
2585 4357 2734 4408 tristis
2751 4358 3031 4408 Acherontis
3045 4394 3060 4421 ,

1739 4450 1789 4496 et
1802 4446 1948 4509 ignoti
1962 4484 1976 4509 ,
1996 4446 2174 4496 relictis
2189 4447 2358 4495 multis
2373 4446 2470 4496 illis
2489 4446 2660 4509 opibus
2672 4482 2688 4509 ,

1740 4533 1865 4583 inter
1882 4534 2082 4583 miseros
2094 4536 2310 4583 mortuos
2322 4546 2419 4596 per
2437 4533 2576 4595 ionga
2591 4532 2770 4583 soecula
2779 4532 3005 4595 jacebant
3015 4568 3032 4596 ,

1742 4621 1832 4669 nisi
1856 4620 1938 4670 ille
1958 4622 2092 4670 vates
2116 4619 2260 4670 Ceius
2279 4619 2604 4681 (Simomdes)
2619 4656 2635 4681 ,
2654 4619 2788 4669 varia
2805 4633 2982 4670 canens

1743 4707 1803 4755 ad
1832 4707 2071 4757 barbitum
2108 4706 2276 4756 multis
2305 4706 2480 4756 fidibus
2513 4707 2799 4757 instructam
2810 4745 2825 4770 ,
2849 4720 2930 4758 eos
2950 4709 3103 4758 claros
3136 4707 3298 4758 reddi-

1744 4796 1868 4845 inter
1903 4796 2141 4856 posteros;
2169 4793 2364 4843 honoris
2393 4807 2507 4844 vero
2539 4794 2684 4844 etiam
2713 4796 2890 4846 celeres
2924 4796 3036 4859 equi
3057 4798 3300 4860 compotes

1748 4883 1859 4931 sacti
1874 4882 2030 4945 sunt,]
2045 4882 2196 4944 quiiis
2213 4894 2276 4931 ex
2287 4882 2434 4931 sacris
2449 4882 2792 4933 certaminibus
2805 4884 3018 4933 coromti
3036 4883 3296 4935 redierunt.

1745 4970 1855 5033 quis
1870 4982 2100 5033 umquam
2115 4968 2350 5031 principes
2361 4970 2644 5032 Lyciorum,
2659 4971 2768 5033 quis
2791 4974 3006 5022 comatos

1748 5056 2013 5107 Priamidas
2033 5058 2110 5107 vel
2127 5062 2346 5120 cycnum
2365 5059 2526 5108 colore
2545 5058 2767 5109 muliebri
2779 5062 2940 5110 nosset
2951 5097 2968 5123 ,

1752 5144 1842 5195 nisi
1859 5144 1985 5195 bella
2002 5144 2216 5208 priorum
2235 5144 2514 5197 cecinissent
2530 5148 2684 5209 poetae
2694 5149 2716 5194 i·

3134 4586 3402 4685 [ω’
