3767 5825
646 227 750 252 »ssa-9¹
765 235 795 251 .-

987 354 1245 414 PHILAE
1291 352 1693 413 EXPOSITIO
1737 354 1836 414 DE
1875 353 2355 414 ELEPHANTE.

128 511 171 551 os
193 489 281 550 καὶ
308 488 702 571 σφαιρομόρφου
732 485 995 562 ξυμὸολῆς
1029 484 1394 565 εἰργασμένος,

195 579 411 660 χόνδρον
442 574 714 654 μαλαχθὲν
744 577 815 641 εἷς
842 572 1007 649 τομὰς
1038 574 1427 650 κεκλασμένας,

197 673 371 744 νεῦρον
393 663 658 745 χαλασθὲν
688 665 758 729 εἷς
781 660 983 729 πλοκὰς
1005 662 1399 742 ἅγχιστρόφους.

198 752 549 836 Ἑρπυστικὸς
573 752 627 810 δὲ
660 753 747 809 καὶ
772 751 1053 830 προμήκης
1080 752 1269 809 ἐκθέων

197 846 261 909 εἷς
290 851 471 901 πᾶσαν
498 842 675 906 ἁπλῶς
705 838 929 915 φυσικὴν
960 839 1267 919 ὑπουργίαν,

109 955 173 991 ιου
192 939 363 990 στενοῖ
387 929 477 988 τὸν
508 929 659 986 ὁλκὸν
689 927 781 987 καὶ
809 928 1063 986 πλατύνει
1085 927 1145 986 τὸ
1169 927 1340 1004 στόμα
1360 972 1375 1000 ,

198 1020 285 1078 καὶ
316 1018 411 1089 τὴν
442 1016 636 1087 ἐδωδὴν
668 1015 943 1092 ἐμὸιὸάζει
966 1023 1079 1083 ταῖς
1106 1016 1338 1092 γνάθοις,

196 1107 281 1166 καὶ
306 1105 435 1187 πρὸς
460 1105 521 1163 τὸ
552 1103 699 1184 παχὺ
727 1104 823 1176 τὴν
850 1102 985 1175 ὀπὴν
1026 1103 1307 1184 διευρύνει,

196 1199 284 1253 καὶ
312 1193 441 1273 πρὸς
462 1193 523 1250 τὸ
548 1190 739 1250 λεπτὸν
771 1191 866 1263 τὴν
893 1189 1066 1262 λαὸὴν
1097 1190 1426 1268 συνεισάγει,

196 1282 285 1340 καὶ
310 1279 568 1347 συστολὰς
590 1280 765 1352 τίθησι
794 1279 885 1338 καὶ
913 1277 1258 1359 παρεκτάσεις

113 1393 179 1430 105
204 1371 333 1452 πρὸς
358 1369 451 1436 τὰς
474 1373 525 1428 ἐν
550 1367 721 1445 ὄγκοις
744 1368 833 1426 καὶ
862 1368 1161 1447 βραχύτησι
1186 1367 1409 1446 σχέσεις.

281 1459 453 1525 Πόδες
478 1456 531 1516 δὲ
558 1457 727 1538 τούτῳ
753 1461 927 1533 θαῦμα
958 1456 1049 1514 καὶ
1074 1456 1235 1536 σαφὲς
1256 1455 1412 1536 τέρας
1432 1501 1446 1526 ,

194 1547 277 1615 οὓς
294 1596 313 1622 ,
342 1549 402 1606 οὗ
432 1545 669 1626 καθάπερ
692 1536 863 1603 τᾶλλα
886 1549 989 1604 τῶν
1018 1544 1164 1626 ζῴων
1193 1543 1317 1622 γένη
1338 1592 1353 1616 ,

200 1636 349 1696 εἴωθε
372 1645 531 1696 κινεῖν
560 1635 613 1703 ἐξ
636 1635 905 1714 ἂνάρθρων
932 1634 1260 1710 κλασμάτων
1276 1656 1290 1671 ·

197 1727 289 1786 καὶ
318 1725 423 1806 γὰρ
448 1723 711 1804 στιὸαροῖς
740 1722 1063 1790 συντεθέντες
1091 1722 1290 1788 ὀστέοις

108 1837 177 1875 110
204 1813 293 1873 καὶ
317 1819 385 1892 τῇ
418 1814 667 1890 πλαδαρᾷ
696 1815 799 1869 τῶν
834 1815 1041 1892 σφυρῶν
1074 1810 1397 1870 καταστάσει

196 1902 287 1961 καὶ
310 1905 379 1976 τῇ
407 1900 537 1978 πρὸς
566 1899 733 1979 ἄρθρα
765 1901 867 1956 τῶν
897 1900 1098 1956 σκελῶν
1130 1897 1433 1976 ὑποκρίσει,

200 1996 287 2049 νῦν
314 1991 387 2054 εἰς
410 1987 583 2053 τόνους
608 1987 819 2063 ἄγουσι,
844 1991 932 2043 ν’ῠν
960 1987 1033 2051 εἷς
1062 1984 1269 2062 ὑφέσεις

198 2078 297 2145 τὰς
320 2073 663 2143 παντοδαπὰς
692 2073 951 2155 ἐκδρομὰς
976 2079 1069 2132 τοῦ
1100 2072 1297 2152 θηρίου.

202 2166 361 2238 Πλὴν
389 2162 527 2223 ἀλλὰ
549 2161 671 2222 καθ’
698 2159 916 2220 ἕκαστον
943 2163 1114 2219 αὑτῶν
1142 2165 1177 2232 ἠ
1204 2162 1353 2239 φύσις

106 2277 173 2315 115
199 2257 269 2322 ὣς
294 2252 401 2312 ὑπὸ
424 2250 607 2328 κύκλῳ
636 2253 727 2320 τῆς
752 2250 918 2322 ὁπλῆς
938 2252 1014 2330 τῷ
1042 2247 1225 2329 χωρίῳ

201 2339 582 2420 τριγωνοειδεῖς
610 2335 761 2395 πέντε
788 2335 1073 2402 δακτύλους
1096 2333 1243 2416 φύει,

200 2428 255 2487 οἳ
280 2425 493 2506 μακρὰς
516 2428 611 2484 οὐκ
640 2423 819 2504 ἔχουσι
851 2425 945 2492 τὰς
974 2423 1319 2488 ἀποστάσεις·

199 2516 237 2588 ἢ
262 2517 373 2596 γὰρ
400 2515 464 2574 ἂν
495 2513 641 2572 ἔπλει
664 2515 920 2583 νηκτικῶς
945 2513 1037 2571 καὶ
1065 2512 1318 2577 συντόνως

200 2608 231 2662 ὑ
256 2603 359 2682 θὴρ
382 2610 638 2678 ποταμοῖς
666 2601 757 2660 καὶ
792 2605 964 2680 βυθοῖς
994 2599 1349 2679 ἐντυγχάνων·

110 2713 187 2752 12⁰
206 2693 341 2759 τέως
366 2689 425 2750 δὲ
453 2689 569 2756 τοὺς
593 2689 785 2770 ὄνυχας
812 2693 865 2748 ἐν
890 2687 1089 2756 τούτοις
1118 2687 1261 2768 φέρει

203 2779 385 2860 ὥσπερ
410 2777 627 2844 λεπίδας
654 2776 1001 2857 ὅστρακώδεις
1025 2774 1238 2856 ἰχθύων.

202 2866 575 2949 Βραχυτέρους
598 2866 750 2933 ὄντας
776 2863 830 2925 δὲ
858 2867 960 2924 τῶν
986 2863 1236 2923 ὀπισθίων

206 2955 612 3036 ἀναμφιλέκτως
640 2946 755 3013 οἶδα
783 2952 901 3019 τοὺς
925 2952 1285 3033 ἐμπροσθίους.

201 3046 428 3111 Τούτοις
455 3044 640 3123 ἐλέφας
664 3042 890 3107 ἐνταθεὶς
918 3038 1098 3122 ὥσπερ
1127 3040 1330 3107 στύλοις

102 3154 175 3194 125
199 3130 525 3213 ὀρθοστάδην
549 3130 825 3205 ἄκαμπτος
858 3129 1141 3187 ὑπνώττων
1169 3128 1329 3204 μένει.

288 3222 495 3291 Διπλῆς
520 3216 575 3277 δέ
603 3242 759 3299 φασιν
788 3220 1078 3297 εὐπορῆσαι
1106 3218 1352 3295 καρδίας·

203 3308 303 3369 καὶ
328 3312 395 3387 τῇ
422 3305 519 3385 μὲν
544 3297 676 3365 εἶναι
700 3306 916 3383 θυμικὸν
944 3305 1003 3364 τὸ
1028 3306 1207 3385 θηρίον

180 3386 284 3465 ἐἰς
314 3400 523 3478 ἀκρατῆ
552 3394 755 3467 κίνησιν
784 3394 1151 3473 ἠρεθισμένον·

204 3490 279 3565 τῇ
311 3488 366 3543 δὲ
395 3483 657 3564 προσηνὲς
684 3482 775 3541 καὶ
800 3482 1119 3562 θρασύτητος
1148 3480 1308 3553 ξένον,

104 3595 179 3635 Ιω
207 3575 307 3633 καὶ
329 3578 407 3645 πῆ
441 3572 535 3649 μὲν
562 3574 733 3631 αὐτῶν
762 3574 1051 3652 ἀκροᾶσθαι
1086 3574 1191 3629 τῶν
1215 3570 1409 3649 λόγων,

206 3661 303 3729 οὓς
329 3660 391 3719 ἄν
418 3684 497 3726 τις
524 3658 685 3727 Ἰνδὸς
712 3648 770 3717 εὖ
800 3657 1083 3716 τιθασεύων
1107 3650 1249 3733 λὲγόι
1266 3702 1282 3729 ‚

206 3754 291 3822 πῆ
325 3749 379 3807 δὲ
408 3747 539 3827 πρὸς
566 3746 752 3813 αὖτοὺς
775 3745 893 3812 τοὺς
916 3750 1091 3823 νομεῖς
1117 3743 1410 3824 ἐπιτρέχειν

209 3842 291 3905 εἷς
324 3835 419 3902 τὰς
444 3834 678 3901 παλαιὰς
703 3834 960 3913 ἐκτραπὲν
986 3833 1323 3915 κακουργίας.

296 3922 491 4005 Τούτῳ
518 3922 645 4005 φίλη
671 3922 904 4003 τράπεζα
932 3931 1035 3989 πᾶς
1064 3920 1212 3988 ἕλους
1238 3922 1393 3987 τόπος
1413 3966 1429 3993 ,

100 4038 175 4077 1315
204 4016 341 4075 ἔνθα
362 4014 588 4079 κλάδους
606 4012 831 4093 φοίνικος
861 4010 1047 4070 ἐσθίειν
1072 4009 1213 4090 ἔχει,

211 4102 317 4163 καὶ
349 4104 525 4181 σχῖνον
554 4098 591 4172 ἢ
620 4101 741 4180 δρῦν
774 4098 807 4169 ἢ
840 4102 1012 4179 φυτῶν
1042 4097 1216 4156 ἄλλων
1250 4098 1415 4174 κόμας
1432 4141 1446 4169 ,

204 4192 246 4263 ἢ
275 4190 480 4263 κιττὸν,
509 4186 547 4260 ἢ
575 4186 828 4259 πέτηλον,
859 4183 893 4257 ἢ
919 4190 1091 4255 ζῶσαν
1120 4183 1308 4265 χλόην,

207 4278 249 4349 ἢ
288 4276 463 4359 ῥίζαν,
486 4272 523 4348 ἢ
550 4274 805 4355 λάχανον,
828 4272 863 4343 ἢ
896 4274 1129 4352 βλάστην
1160 4273 1353 4352 βάτων.

206 4362 275 4425 Ἄ
287 4388 377 4446 ρτι
404 4365 459 4423 δὲ
482 4362 574 4423 καὶ
603 4362 847 4443 σταφίδες
872 4362 1217 4443 ἢμερουμένῳ

98 4476 181 4516 uo
209 4456 407 4533 κριθῆς
430 4475 487 4510 τε
515 4448 673 4531 χυλὸς
695 4448 786 4509 καὶ
808 4449 976 4529 παρὸν
1002 4448 1167 4530 χύδην
1199 4449 1319 4527 μέλι

208 4541 319 4601 καὶ
346 4542 489 4617 μῆλα
513 4538 605 4597 καὶ
632 4538 882 4618 κρόμμυα
908 4536 998 4597 καὶ
1022 4537 1212 4615 γλυκὺς
1235 4538 1415 4596 πέπων

209 4634 454 4717 εὗωχίας
479 4634 659 4716 ἔχουσι
682 4639 759 4715 τῷ
791 4634 970 4705 κτήνει
998 4634 1191 4715 κρίσιν.

210 4726 417 4806 υΥδωρ
445 4722 500 4782 δὲ
527 4724 666 4782 πίνει
693 4722 948 4801 συγχυθὲν
972 4723 1095 4802 πρὶν
1127 4722 1189 4779 ἂν
1222 4722 1383 4780 πίνοι·

208 4816 281 4874 τὸ
310 4812 419 4893 γὰρ
449 4812 629 4880 διειδὲς
650 4812 877 4892 ἀκριὸῶς
904 4811 1167 4873 ὃιαπτύει.

95 4926 175 4967 115
210 4902 393 4965 Οἷνου
422 4899 476 4959 δὲ
502 4900 591 4960 τὸν
616 4905 859 4959 τοσοῦτον
887 4899 1148 4981 εὐφραίνει
1176 4898 1355 4973 κύλιξ,

208 4993 275 5053 ὃν
306 4994 341 5048 ὃ
372 4989 633 5071 τρυγητὴρ
662 4988 865 5048 ἐκκενοῖ
886 4992 989 5045 τῶν
1022 4986 1273 5068 βοτρύων.

213 5080 523 5159 Ὀρεκτιῶν
552 5077 607 5137 δὲ
636 5078 727 5136 καὶ
759 5078 1035 5158 σιραδάζων
1064 5078 1133 5141 εἷς
1163 5075 1341 5154 μάχην

214 5168 323 5227 τὸν
360 5165 463 5224 ἀπὸ
490 5170 659 5227 λωτοῦ
688 5166 779 5225 καὶ
802 5166 888 5224 τὸν
908 5163 1018 5223 ’ἀπὸ
1046 5165 1291 5225 Φοινίκων

1717 495 1767 543 et
1786 493 2098 543 circuliformi
2117 493 2530 555 coagmentatione
2551 492 2693 540 fictus
2710 509 2726 554 ;

1718 582 1946 643 cartilago
1965 582 2150 631 mollita
2170 582 2219 629 iu
2240 581 2415 630 fractas
2432 581 2667 629 sectiones
2686 579 2946 641 (anmdos
2959 579 2977 641 )
2990 615 3006 640 ‚

1720 683 1899 719 nervus
1915 671 2106 720 laxatus
2124 669 2172 718 in
2190 670 2408 718 celeriter
2417 668 2662 718 versatiles
2680 667 2853 718 flexus.

1721 761 1960 810 Tortuose
1981 761 2147 808 autem
2170 758 2391 807 sinuatus
2415 759 2463 806 et
2485 757 2758 820 praelongus
2786 759 3004 806 exsertus

1722 847 1783 895 ad
1808 861 1955 898 omne
1973 847 2172 896 omnino
2191 845 2540 907 ministerium,
2567 845 2696 908 quod
2718 847 2891 894 natura
2919 843 3148 906 requirit,

1724 937 1884 984 fauces
1903 935 2086 984 claudit
2102 971 2116 994 ,
2138 936 2186 984 et
2208 949 2261 982 os
2285 934 2483 994 dilatat,

1722 1024 1771 1072 et
1794 1023 1956 1072 cibum
1980 1023 2028 1072 in
2047 1023 2264 1071 maxillas
2283 1022 2426 1070 infert
2441 1059 2456 1081 ,

1722 1113 1771 1159 et
1792 1112 1853 1160 ad
1876 1124 2034 1160 crassa
2054 1112 2269 1160 foramen
2290 1123 2433 1160 suum
2455 1111 2612 1173 ample
2639 1109 2888 1172 patmon,

1725 1200 1932 1248 vicissim
1948 1199 2009 1248 ad
2027 1200 2190 1248 tenuia
2209 1199 2518 1248 manubrium
2533 1212 2673 1250 suum
2693 1198 2742 1247 in
2759 1198 3012 1260 angustum
3033 1196 3295 1257 contrabit,

1725 1288 1935 1349 facitque
1953 1287 2307 1337 contractiones
2328 1289 2378 1336 et
2399 1286 2703 1337 extensiones

1724 1376 1786 1424 ad
1808 1376 1968 1425 varios
1985 1390 2101 1426 usus
2119 1377 2221 1425 sive
2242 1376 2513 1438 amplarum
2536 1376 2637 1426 sive
2654 1375 2856 1426 exilium
2877 1388 3060 1426 rerum.

1792 1465 1940 1514 l’edoe
1961 1465 2065 1526 ejus
2085 1469 2198 1513 sunt
2219 1465 2509 1514 miraculum
2533 1466 2582 1513 et
2600 1464 2870 1527 prodigium
2893 1464 3201 1514 manifestum
3216 1502 3230 1526 ,

1726 1552 1904 1614 quippe
1922 1565 2044 1614 quos
2061 1554 2229 1600 contra
2249 1565 2433 1602 morem
2454 1554 2726 1602 ceterorum
2745 1551 3062 1602 animantium

1726 1639 1831 1688 sine
1852 1639 2121 1688 articulatis
2143 1639 2389 1689 verticulis
2417 1653 2612 1690 movere
2629 1640 2786 1690 solet:

1727 1740 1938 1791 namque
1957 1729 2207 1790 compositi
2231 1742 2258 1778 e
2278 1729 2449 1778 crassis
2471 1728 2730 1792 solidisque
2757 1729 2943 1779 ossibus

1730 1818 1779 1865 et
1796 1817 2079 1866 succulenta
2101 1818 2385 1867 malleorum
2408 1817 2678 1867 substantia

1730 1909 1779 1954 et
1802 1889 2026 1954 cruribus
2044 1905 2360 1956 articulorum
2384 1905 2592 1955 indolem
2611 1906 2956 1957 simulantibus
2969 1945 2984 1969 ,

1730 1992 1851 2042 dum
1868 2006 1922 2044 se
1938 2006 2053 2042 mox
2074 1993 2361 2054 intendunt,
2381 2007 2498 2042 mox
2519 2007 2695 2044 nervos
2714 1995 3000 2056 remittunt,

1732 2081 1950 2131 efficiunt
1967 2083 2125 2132 varios
2148 2083 2260 2132 ferae
2277 2095 2465 2144 grffisus
2483 2084 2531 2132 et
2551 2097 2740 2132 cursus.

1732 2173 2080 2220 Verumtamen
2098 2171 2148 2219 in
2172 2170 2293 2234 pede
2311 2183 2604 2233 unoquoque
2624 2173 2832 2230 Natura,

1733 2258 1866 2308 velut
1892 2258 1982 2306 sub
2009 2259 2220 2320 circulo,
2247 2259 2296 2307 in
2314 2260 2509 2318 ungula:
2535 2259 2640 2308 loco

1735 2347 1916 2408 profert
1939 2348 2114 2409 quinos
2137 2347 2308 2409 digitos
2333 2347 2672 2408 triangulares.

1734 2433 1936 2496 quinon
1959 2449 2130 2498 magna
2149 2435 2328 2484 habent
2349 2435 2550 2484 invicem
2579 2435 2831 2484 intervalla
2860 2455 2871 2483 ι

1736 2523 1852 2573 alias
1874 2523 2034 2574 valido
2059 2527 2226 2574 natatu
2259 2525 2490 2586 remigare
2507 2527 2671 2586 posset

1740 2613 1865 2671 fera,
1887 2625 2038 2674 quum
2058 2612 2226 2661 incidit
2244 2611 2293 2660 in
2313 2612 2514 2660 flumina
2533 2615 2582 2661 et
2601 2611 2841 2674 profunda
2861 2613 2984 2662 loca.

1738 2701 1934 2750 lnterim
1954 2702 2006 2750 in
2026 2701 2117 2750 illis
2135 2701 2317 2764 diqilis
2335 2701 2455 2762 gerit
2481 2701 2766 2762 unguiculos

1740 2789 1956 2838 testaceis
1973 2789 2177 2852 piscium
2196 2790 2409 2851 squamis
2425 2803 2520 2838 non
2540 2789 2808 2838 dissimiles

1740 2876 2014 2927 Antei-iores
2035 2890 2150 2927 vero
2175 2876 2320 2941 pedes
2343 2878 2686 2940 posterioribus

1741 2968 1873 3015 certo
1897 2966 1996 3015 scio
2015 2978 2118 3015 esse
2141 2966 2403 3015 breviores.

1742 3054 1829 3104 llis
1846 3054 1984 3104 velut
2008 3055 2249 3104 columnis
2273 3054 2474 3104 firmiter
2494 3055 2718 3105 insistens
2740 3055 2936 3116 elephas

1740 3146 1902 3193 erecto
1923 3156 2123 3205 corpore
2143 3156 2242 3192 non
2267 3144 2528 3193 inclinatus
2548 3145 2712 3192 manet
2730 3143 2991 3192 dormiens.

1802 3231 1952 3281 Aiunt
1967 3232 2156 3294 gemino
2174 3230 2318 3281 corde
2342 3231 2592 3294 praeditam
2617 3246 2716 3280 esse
2741 3231 2952 3281 belluam
2982 3245 2995 3279 :

1741 3322 1889 3383 atque
1915 3320 2072 3369 altero
2090 3334 2194 3371 esse
2217 3320 2499 3371 iracundam
2519 3357 2534 3380 ‚
3023 3300 3028 3306 ⁵

1742 3407 1802 3458 ad
1822 3408 2138 3470 impotentem
2166 3408 2312 3458 animi
2338 3411 2528 3458 motum
2555 3408 2876 3471 concitatam;

1741 3495 1893 3545 altero
1911 3497 2148 3559 placidam
2173 3511 2275 3548 esse
2297 3499 2347 3547 et
2374 3511 2403 3546 a
2425 3498 2606 3547 ferocia
2629 3496 2866 3557 alienam;

1741 3586 1889 3647 atque
1907 3586 2024 3634 alias
2042 3586 2156 3649 ipsis
2181 3586 2382 3635 vocibus
2399 3585 2596 3636 obedire
2610 3621 2624 3645 ,

1742 3686 1862 3735 quas
1880 3674 2029 3724 Indus
2047 3674 2170 3725 bene
2189 3676 2403 3725 tractans
2429 3675 2481 3724 et
2501 3674 2722 3724 mulcens
2744 3674 3002 3737 eloquatur
3013 3689 3030 3735 3

1744 3752 1863 3812 alias
1879 3775 1996 3812 vero
2017 3762 2066 3811 in
2087 3762 2215 3827 ipsos
2233 3766 2446 3814 rectores
2461 3776 2578 3813 suos
2595 3762 2833 3825 impetum
2854 3762 3009 3811 facere
3027 3797 3041 3821 ‚

1742 3850 1804 3899 ad
1825 3853 1990 3901 vetera
2008 3852 2242 3901 maleficia
2261 3865 2561 3901 conversam.
2927 3898 2938 3904 -

1806 3940 1931 3989 Huic
1952 3942 2087 4001 grata
2111 3952 2276 3989 mensa
2301 3942 2376 3989 est
2395 3939 2554 4002 quivis
2581 3937 2808 4001 palustris
2835 3938 2996 3999 locus,

1744 4027 1827 4076 ubi
1850 4028 2104 4077 comedere
2121 4029 2278 4091 potest
2301 4027 2572 4090 palmarum
2593 4040 2754 4076 ramos

1744 4118 1793 4165 et
1814 4116 2068 4167 lentiscum
2087 4119 2136 4167 et
2155 4129 2362 4179 quernas
2383 4116 2651 4166 aliarumve
2677 4114 2907 4165 arborum
2937 4112 3157 4174 frondes,

1745 4207 1831 4254 aut
1857 4205 2116 4268 hederam,
2145 4206 2231 4254 aut
2259 4204 2374 4254 folia
2397 4204 2527 4266 lata,
2554 4206 2640 4253 aut
2666 4202 2818 4254 viride
2843 4216 3066 4265 gramen,

1746 4296 1831 4343 aut
1852 4293 2060 4343 radicem
2076 4328 2091 4353 ,
2118 4295 2206 4342 aut
2227 4292 2362 4341 olera
2376 4328 2392 4353 ,
2415 4294 2502 4342 aut
2526 4292 2758 4341 ruborum
2787 4292 3028 4342 fruticem.

1744 4384 1856 4431 Jam
1880 4395 1998 4431 vero
2025 4381 2352 4441 mansuefacto
2378 4380 2526 4429 etiam
2549 4394 2658 4429 uvae

1747 4473 1795 4519 et
1815 4470 1982 4520 bordei
2005 4482 2179 4520 succus
2198 4471 2248 4519 et
2265 4480 2474 4531 praesens
2492 4468 2628 4530 copia
2651 4468 2806 4517 mellis

1746 4560 1797 4609 et
1818 4572 1962 4621 poma
1986 4560 2038 4607 et
2059 4570 2192 4620 cepae
2217 4560 2266 4607 et
2291 4556 2449 4607 dulcis
2477 4570 2600 4619 pepo

1749 4648 1987 4697 habentur
2007 4648 2171 4710 pecori
2199 4647 2250 4695 in
2275 4645 2458 4695 deliciis
2483 4648 2671 4709 pastm.

1750 4740 1937 4799 Aquam
1960 4737 2121 4784 autem
2141 4734 2289 4795 bibit,
2315 4733 2400 4783 sed
2419 4734 2683 4795 antequam
2707 4732 2866 4794 bibat,
2893 4732 3138 4783 turbatam
3161 4752 3174 4781 ι

1748 4836 1960 4887 namque
1977 4822 2269 4886 pellucidam
2290 4822 2482 4885 penitus
2501 4821 2706 4883 respuit.

1750 4912 1906 4961 Etiam
1930 4911 2103 4975 poculo
2120 4912 2218 4961 vini
2239 4910 2533 4961 exhilaratur
2550 4912 2687 4959 tanta
2707 4909 2860 4960 bestia
2877 4944 2892 4971 ,

1750 5000 1880 5064 quod
1901 4999 2216 5049 vindemiator
2233 5014 2291 5048 ex
2313 5000 2419 5049 uvis
2435 4999 2738 5062 expresserit.

1751 5095 1914 5148 Quum
1938 5104 2052 5138 vero
2073 5103 2128 5137 ea
2143 5090 2298 5151 prurit
2319 5090 2364 5137 iu
2383 5101 2588 5150 pugnam
2609 5088 2908 5151 pedibusque
2926 5086 3026 5148 jam
3046 5084 3316 5135 tumultua-

1756 5178 1921 5228 viuum
1947 5193 2006 5228 ex
2031 5179 2130 5227 loto
2155 5180 2238 5227 aut
2261 5192 2322 5227 ex
2347 5178 2516 5239 palmis

3003 5268 3077 5309 n.

3196 5172 3298 5238 [tur
3309 5198 3324 5229 ‚
