3767 5825
1177 346 1596 411 THEOCRITI
1640 346 2008 408 1DYLL10N
2050 347 2212 409 XIII.
3224 362 3297 411 25

121 478 594 553 &interstante
615 473 671 533 δὲ
700 473 1040 545 διηκοσίαισιν
1067 454 1247 533 ἔπειτα

121 566 443 644 ἄγγείλιιεν’
421 566 537 639 εμοί
561 587 638 631 τις
665 562 898 631 ἀνέξοδον
923 566 993 629 εἷς
1007 552 1306 643 Ἀχέροντα·

59 668 142 709 2⁰·
165 660 196 725 ἦ
219 655 284 723 σὴ
313 657 404 709 νῦν
429 651 638 733 φιλότης
653 652 744 709 καὶ
768 657 858 709 τοῦ
885 651 1152 732 χαρίεντος
1171 650 1326 710 ἀίτεω

125 773 146 796 ι
169 752 296 800 πᾶσι
311 740 401 799 διὰ
429 738 718 816 πόματος,
750 738 884 815 μετὰ
916 741 961 797 δ’
989 737 1204 810 ἠιθέοισι
1241 738 1489 815 μάλιστα.
1519 764 1541 789 ⁸

121 832 225 889 ἀλλ’
243 830 362 901 ἤτοι
383 827 580 886 τούτων
597 826 691 903 μὲν
708 826 976 907 ὑπέρτεροι
1003 829 1159 907 οὗραν
1167 826 1308 894 ίωνες

121 920 303 976 ἕπονθ’
329 922 403 983 ὣς
425 915 667 974 ἐθέλοντι·
699 912 802 993 ἐγὼ
825 912 880 972 δὲ
909 912 967 971 σὲ
988 913 1074 973 τὸν
1099 914 1258 973 καλὸν
1282 913 1461 972 αἰνέων

119 1006 298 1085 ψεύδεα
325 1003 462 1085 ῥινὸς
484 1002 700 1083 ὕπερθεν
720 1004 904 1083 ἀραιᾶς
929 1004 1024 1060 οὐκ
1048 1002 1316 1084 ἀναφύσω.

61 1108 102 1145 ιο
124 1094 180 1162 ἣν
201 1092 296 1172 γὰρ
322 1092 416 1149 καί
438 1114 486 1149 τι
507 1090 669 1169 δοίκῃς
687 1136 704 1165 ,
727 1091 788 1148 τὸ
813 1089 907 1166 μὲν
933 1088 1160 1158 ἀὸλαὸὲς
1184 1088 1330 1156 εὐθὺς
1350 1089 1554 1162 ἔθηκας,

123 1182 380 1239 διπλάσιον
393 1181 438 1237 δ’
456 1178 662 1244 ὤνασας
675 1223 693 1252 ,
719 1178 853 1257 ἔχων
882 1180 926 1236 δ’
950 1179 1224 1260 ἐπίμετρον
1252 1181 1499 1251 ἀπῆνῡον.

193 1272 400 1329 Νισαῖοι
419 1270 698 1347 Μεγαρῆες
711 1267 1062 1345 ἀριστεύοντες
1088 1267 1320 1347 ἐρετμοῖς
1335 1311 1350 1338 ,

125 1356 275 1413 ὅλὸιοι
294 1354 533 1414 οἷκείοιτε
547 1399 566 1427 ,
591 1353 678 1412 τὸν
700 1354 928 1414 Ἀττικὸν
955 1358 1024 1420 ὣς
1039 1354 1298 1435 περίαλλα

127 1442 268 1508 ξεῖνον
282 1442 602 1519 ἐτιμήσασθε
631 1440 854 1501 Διοκλέα
881 1441 970 1499 τὸν
999 1441 1302 1523 φιλόπαιδα.

67 1550 109 1587 w
127 1530 214 1587 αἰεί
241 1534 286 1589 οἱ
307 1530 430 1611 περὶ
449 1526 651 1607 τύμὸον
676 1528 884 1596 ἀολλέες
917 1529 1054 1610 εἴαρι
1076 1530 1262 1609 πράτῳ
1310 1594 1316 1599 ,

125 1624 280 1697 κοῦροι
293 1616 647 1697 ἐριδμαίνοντι
668 1616 961 1699 φιλήματος
983 1616 1122 1698 ἄκρα
1137 1618 1400 1698 φέρεσθαι.

127 1708 172 1771 ὃς
189 1706 239 1763 δέ
256 1730 311 1763 κε
329 1704 602 1784 προςμάξῃ
629 1704 990 1786 γλυκερώτερα
1009 1706 1213 1785 χείλεσι
1239 1705 1422 1785 χείλη,

131 1792 406 1873 βριθόμενος
434 1791 759 1873 στεφάνοισιν
785 1791 874 1851 ἐὰν
901 1796 952 1859 ἐς
971 1791 1154 1875 μητέρ’
1181 1797 1424 1863 ἀπῆνθεν.

128 1880 446 1955 masteng
466 1879 623 1939 παισὶ
641 1879 948 1960 φιλήματα·
942 1884 1088 1938 κεῖνα
1111 1882 1304 1960 διαιτᾷ.

69 1990 108 2031 3
127 1960 158 2039 η
173 1968 365 2027 tou-clu
393 1966 633 2049 χαροπὸν
659 1967 974 2044 Γανυμήδεα
999 1967 1152 2027 πόλλ’
1173 1940 1410 2049 ἐπιὲωτᾷ

129 2057 272 2135 Λυδίῃ
289 2046 408 2115 ἶσον
435 2055 580 2137 ἔχειν
601 2054 767 2135 πέτρῃ
793 2055 996 2131 στόμα,
1023 2054 1217 2135 χρυσον
1237 2054 1389 2134 ὁποίῃ

131 2144 380 2203 nioman
409 2145 488 2223 μὴ
517 2146 715 2225 φαῦλος
739 2141 1000 2221 ἐτήτυμον
1027 2142 1422 2225 ἅργυραμοιὸοί.

729 2437 1026 2517 ΥΛΑΣ.

641 2613 980 2661 ΕΙΔΥΔΔΙΟΝ
1019 2606 1118 2662 lr‘.

139 2744 286 2822 Οὐχ*
260 2744 380 2820 αμῖν
409 2742 504 2801 τὸν
527 2740 746 2821 Ἔρωτα
767 2740 990 2820 μόνοις’
961 2746 1098 2822 ετεχ’
1105 2789 1124 2821 ,
1151 2743 1220 2808 ὥς
1247 2744 1544 2821 ἐδοκεῖἰμες,

137 2832 296 2903 Χικία,
317 2824 361 2911 ᾧ
389 2855 492 2889 τινι
515 2854 670 2890 τουτο
693 2833 820 2889 θεῶν
839 2854 978 2889 ποκα
1000 2830 1228 2889 τέκνον”
1199 2851 1406 2910 εγεντο·

135 2922 214 2999 οὐχ
233 2920 351 2997 ἆμῖν
371 2920 440 2979 τὰ
467 2919 614 2978 καλὰ
629 2943 846 2999 πρατοις
869 2919 1008 2978 καλὰ
1027 2920 1265 3002 φαίνεται
1292 2912 1444 2998 ἦμεν,

135 3007 174 3063 οἳ
195 3009 354 3067 θνατοι
375 3007 711 3084 πελόμεσθα,
733 3007 792 3066 τὸ
819 3009 866 3066 δ’
896 3006 1069 3089 αὔριον
1093 3009 1186 3066 οὐκ
1228 3011 1478 3087 ἐςορῶμες
1493 3034 1506 3048 ·

101 3115 120 3152 s
135 3095 246 3154 ἅλλᾶ
271 3097 356 3154 καὶ
375 3096 782 3176 Ὧμφιτρῦωνος
796 3099 824 3154 ὁ
845 3096 1243 3177 χαλκιοκάρδιος
1266 3096 1371 3163 υἱός
1385 3141 1402 3170 ,

138 3183 178 3247 ἒς
193 3183 270 3242 τὸν
289 3186 369 3242 λῖν
394 3183 647 3260 ὑπέμεινε
665 3183 753 3241 τὸν
783 3183 978 3262 ἄγριον,
997 3182 1164 3262 ἤρατο
1186 3182 1397 3257 παιδός,

138 3274 194 3327 τῶ
215 3271 474 3352 χαρίεντος
496 3269 673 3340 εὝλα,
700 3275 776 3328 τῶ
803 3270 896 3328 τὰν
913 3273 1216 3347 πλοκαμῒδα
1244 3278 1540 3416 φορεῦντος,

137 3357 208 3413 καί
229 3383 298 3416 νιν
317 3357 474 3417 πάντ’
505 3357 738 3435 ἐδίδαξε,
769 3357 944 3436 πατὴρ
969 3357 1082 3424 ὣςεὶ
1111 3358 1258 3438 φίλον
1282 3383 1310 3416 υ
1335 3383 1368 3416 α
1387 3404 1404 3434 ,

139 3443 244 3501 ὅσσα
264 3444 438 3521 μαθὼν
471 3445 665 3524 ἀγαθὸς
696 3444 786 3503 καὶ
815 3445 1044 3520 ἀοίδιμος
1065 3445 1218 3512 αὐτὸς
1238 3445 1438 3524 ἔγεντο·

91 3533 324 3610 noxe-spic&
349 3533 595 3592 ὠδέποκ’
631 3525 718 3604 ἧς,
735 3531 840 3592 οὔτ’
871 3536 914 3592 εἰ
942 3532 1099 3607 μέσον
1128 3524 1272 3612 ἆμαρ
1296 3533 1491 3615 ὄροιτο,

141 3619 222 3676 οὗθ’
243 3620 386 3700 ὁπόχ’
414 3621 452 3679 ἆ
472 3620 762 3686 λεύκιππος
786 3618 1064 3700 ἀνατρέχοι
1087 3623 1136 3687 ἐς
1157 3620 1278 3686 Διὸς
1290 3621 1416 3689 Ἀώς
1431 3667 1448 3694 ,

141 3705 224 3763 οὗθ’
243 3708 384 3767 ὃπόκ’
407 3707 686 3789 ὀρτάλιχοι
705 3707 906 3788 μινυροὶ
929 3708 1053 3766 ποτὶ
1078 3709 1248 3766 κοῖτον
1269 3712 1454 3790 ὁρῷεν,

143 3795 422 3870 σεισαμένας
433 3795 610 3874 πτερὰ
640 3796 836 3874 ματρὸς
859 3797 944 3852 ἐπ’
975 3795 1267 3854 αἰθαλόεντι
1290 3797 1552 3878 πετεύρῳ,

143 3883 338 3962 ὡςαῦτῷ
364 3883 508 3942 κατὰ
533 3883 694 3960 θυμὸν
717 3888 746 3942 ὁ
763 3887 886 3950 παῖς
907 3882 1260 3960 πεποναμένος
1289 3883 1368 3955 εἴη
1383 3929 1398 3957 ,

96 3988 126 4024 ιε
143 3969 258 4026 αὐτῶ
277 3973 320 4028 δ’
341 3963 401 4030 εὗ
420 3970 592 4030 ἕλκων
611 3975 662 4037 ἐς
680 3970 918 4028 ἀλαθινὸν
943 3970 1085 4050 ἄνδρ’
1106 3971 1353 4043 ἀποὸαίη.

145 4057 234 4112 αλλ’
257 4056 336 4116 ὅτε
358 4059 419 4118 τὸ
435 4059 722 4169 χρύσειον
703 4057 852 4116 ἔπλει
877 4057 1009 4135 μετὰ
1033 4062 1172 4124 κῶας
1200 4057 1389 4130 Ἰήσων

147 4145 411 4218 Αἰσονίδας,
433 4150 484 4206 οἱ
511 4146 556 4206 δ’
586 4149 725 4226 αὐτῷ
754 4148 994 4224 ἀριστῆες
1016 4145 1324 4222 συνέποντο,

145 4241 290 4289 ’.ασᾶν
316 4235 374 4292 ἐκ
397 4235 596 4293 πολίων
613 4225 1106 4314 προλελεγμένοι,
1067 4257 1139 4291 ων
1169 4233 1350 4314 ὄφελός
1378 4260 1464 4313 τι,

146 4317 259 4378 ἵκετο
273 4324 350 4399 χῶ
375 4321 662 4401 ταλαεργος
684 4321 816 4400 ἀνὴρ
844 4324 894 4389 ἐς
921 4321 1128 4398 ἀφνειον
1151 4322 1366 4383 Ἰωλκόν

93 4415 130 4454 2
147 4403 406 4482 Ἀλκμήνας
429 4409 540 4475 υἱὸς
563 4408 872 4474 Μιδεᾶτιδος
901 4409 1152 4488 ἡρωίνας,

150 4493 222 4549 σὺν
239 4497 276 4552 δ”
298 4499 437 4578 αὐτῷ
459 4495 765 4555 κατέὅαινεν
781 4494 954 4562 ’Υλας
981 4495 1184 4574 εὔεδρον
1204 4498 1255 4563 ἐς
1271 4496 1466 4576 Ἀργώ,

151 4579 240 4646 ἅτις
262 4585 494 4642 Κυανεαν
521 4586 621 4663 οὐχ
645 4583 818 4662 ἥψατο
841 4583 1207 4663 συνδρομᾶδων
1238 4589 1390 4657 ναῦς,

153 4668 262 4726 ἀλλὰ
275 4670 510 4744 διεξάιξε,
542 4671 702 4750 βαθὺν
731 4673 776 4730 δ’
799 4673 1064 4780 εἶςέδραμε
1093 4673 1294 4748 Φᾶσιν,

156 4756 290 4823 αἰετὸς
311 4758 378 4826 ὣς
395 4759 532 4836 μέγα
557 4760 788 4833 λαῖτμα·
818 4761 908 4838 ἀφ’
940 4783 984 4816 ω
1009 4757 1125 4816 τότε
1147 4757 1387 4838 χοιράδες
1416 4757 1583 4817 ἔσταν.

103 4831 321 4917 εἶιμοςῖ
345 4847 633 4905 ἀντέλλσντι
655 4846 956 4916 Πελειάδες,
986 4844 1226 4924 ἐσχατιαι
1255 4844 1312 4903 δέ

159 4927 264 5005 ἄονα
287 4930 390 4990 νέον
417 4933 684 5012 βόσκοντι,
709 4955 887 5011 τετρα
879 4931 1062 5006 αμένω
1091 4931 1258 5012 εἴαρος
1275 4931 1376 5004 ἤδη
1392 4977 1409 5009 ,

159 5023 291 5091 τᾶμος
306 5020 562 5087 ναυτιλίας
586 5021 906 5097 μιμνᾶσκετο
927 5024 1058 5086 θεῖος
1082 5019 1244 5086 ἄωτος

163 5103 328 5180 ἡρώων,
345 5108 519 5168 κοίλαν
553 5109 610 5167 δὲ
635 5107 1054 5189 καθιδρυνθέντες
1081 5111 1130 5174 ἐς
1160 5105 1325 5186 Ἀργώ

1749 482 2045 533 immortales
2057 520 2071 545 ‚
2101 484 2276 546 etpost
2296 482 2503 532 ducenta
2527 483 2706 533 soecula
2720 482 2928 545 denique

1751 570 1975 620 nuntium
2004 570 2137 619 hunc
2169 569 2289 619 mihi
2322 570 2447 619 serat
2466 570 2640 633 aliquis
2669 570 3017 620 irremeabilem
3054 569 3118 619 ad
3144 572 3300 621 Ache-

1751 658 1939 707 rontem
1963 655 1998 721 ε]
2030 677 2055 701 «ι
2079 660 2197 707 tuus
2210 670 2342 707 nunc
2358 670 2493 706 amor
2520 657 2569 706 et
2585 658 2776 707 venusti
2800 656 2968 707 amasii

1754 762 1778 786 α
1799 745 2023 795 omnibus
2048 748 2125 794 est
2148 744 2197 793 in
2214 758 2323 807 ore,
2343 747 2393 794 et
2417 744 2627 794 maxime
2650 744 2924 806 juvenibus.
2957 766 2982 790 η

1749 846 1921 882 verum
1942 833 2114 882 harum
2133 846 2296 883 rerum
2318 832 2501 881 domini
2522 832 2751 882 coelicolae

1750 923 1895 971 erunt
1916 921 2056 971 sicuti
2070 920 2266 983 volent;
2286 934 2372 983 ego
2388 923 2551 970 autem
2576 922 2629 969 te
2653 922 2917 972 formosum
2940 922 3163 975 laudibus
3176 928 3299 977 cele·

1753 1007 1914 1073 brans]
1932 1008 2166 1060 mendacii
2174 1009 2307 1071 signa
2320 1022 2462 1071 super
2474 1022 2643 1058 nasum
2654 1010 2875 1059 tenerum
2888 1023 2987 1060 non
2999 1012 3255 1074 proferam.

1751 1110 1863 1147 nam
1875 1096 1966 1147 etsi
1990 1096 2149 1160 aliqua
2163 1096 2211 1145 in
2231 1108 2372 1146 reme
2396 1096 2591 1158 laeseris,
2606 1095 2726 1146 illud
2745 1096 2993 1147 innoxium
3002 1100 3165 1149 statim
3174 1102 3303 1165 [red-

1751 1186 1948 1251 didisti,]
1968 1191 2017 1238 et
2035 1187 2367 1251 duplojuvisti,
2379 1190 2430 1237 et
2446 1201 2562 1238 cum
2578 1187 2870 1238 incremento
2884 1193 3075 1239 amoris
3092 1190 3299 1244 discessi.

1811 1276 1952 1326 Nisafi
1978 1279 2299 1340 Megarenses,
2326 1275 2409 1339 qui
2428 1277 2533 1325 arte
2550 1274 2811 1337 remigandi
2828 1277 3090 1340 praestatiS,

1752 1363 1911 1413 felices
1927 1364 2150 1414 habitetis
2160 1401 2175 1426 ,
2192 1363 2333 1413 illum
2350 1364 2565 1413 Atticum
2584 1362 2714 1424 quod
2732 1362 2911 1412 eximio

1750 1450 1985 1514 hospitem
2008 1452 2188 1501 honore
2202 1451 2405 1501 ornastis
2432 1450 2644 1499 Dioclem
2670 1463 2931 1513 puerorum
2957 1453 3237 1505 amatorem.

1750 1550 1938 1600 semper
1957 1537 2085 1587 eirca
2100 1537 2229 1588 illius
2253 1538 2497 1587 tumulum
2516 1537 2787 1599 congregati
2801 1549 2914 1587 vere
2936 1539 3089 1601 primo

1751 1624 1887 1688 pueri
1904 1626 2088 1675 certant
2103 1625 2255 1675 osculi
2270 1624 2468 1687 praemia
2491 1626 2751 1687 reportare.

1753 1713 1836 1776 qui
1849 1714 2012 1763 autem
2036 1713 2318 1777 applicuerit
2333 1712 2524 1763 dulcius
2548 1711 2695 1762 labris
2713 1712 2873 1774 labra,

1751 1802 1979 1851 oneratus
1995 1801 2183 1850 coronis
2207 1814 2345 1850 suam
2370 1799 2433 1851 ad
2458 1802 2663 1850 matrem
2680 1800 2951 1853 revertitur.

1751 1888 1922 1939 beatus
1944 1887 2051 1952 ille,
2076 1891 2161 1952 qui
2177 1889 2339 1951 pueris
2360 1887 2421 1938 de
2449 1887 2624 1937 osculis
2646 1888 2742 1938 illis
2763 1887 2943 1938 arbiter
2966 1891 3055 1939 est.

1752 1988 1867 2026 sane
1879 2012 1897 2038 ,
1922 1976 2109 2039 opinor,
2137 1975 2332 2025 cassium
2357 1974 2683 2038 Ganymedem
2707 1977 2917 2025 multum
2942 1976 3161 2040 invocat,

1753 2066 1811 2114 ut
1829 2064 1975 2127 Lydio
1998 2063 2145 2127 lapidi
2162 2076 2247 2127 par
2263 2076 2319 2113 os
2334 2063 2533 2123 habeat,
2553 2076 2651 2124 quo
2670 2062 2847 2125 lapide
2864 2076 3035 2113 aurum
3049 2100 3065 2125 ,

1752 2165 1872 2202 num
1896 2152 2119 2203 vitiatum
2138 2152 2227 2214 sit,
2254 2164 2367 2201 vere
2383 2150 2637 2213 explorant
2652 2151 2923 2213 argentarii.

2374 2296 2693 2323 ..ψ

2335 2434 2722 2523 HYLAS.

2257 2610 2612 2667 IDYLLION
2650 2610 2805 2665 xm.

1755 2764 1860 2812 Non
1878 2758 2017 2809 nobis
2032 2758 2147 2809 solis
2164 2762 2389 2809 Amorem
2408 2756 2591 2820 peperit
2603 2792 2619 2819 ,
2646 2758 2703 2805 nt
2722 2754 3092 2815 arbitrabamur,

1753 2847 1912 2910 Nicia,
1938 2846 2208 2910 cuicunque
2229 2844 2425 2895 tandem
2444 2844 2647 2893 deorum
2665 2843 2744 2892 hic
2765 2856 2885 2907 puer
2900 2844 3043 2893 natus
3060 2844 3165 2903 est;

1753 2950 1850 2986 non
1866 2935 2005 2985 nobis
2018 2935 2187 2998 pulcra
2208 2933 2375 2997 primis
2403 2931 2572 2995 pulcra
2586 2931 2813 2982 videntur
2830 2943 2961 2993 esse,

1754 3024 1838 3088 qui
1856 3024 2081 3073 mortales
2096 3033 2267 3071 snmus
2296 3023 2347 3071 et
2374 3019 2636 3070 crastinum
2658 3031 2759 3069 non
2777 3017 3027 3082 vizlemus3

1752 3111 1835 3162 sed
1859 3110 2004 3161 etiam
2024 3108 2379 3173 Amphitryonis
2404 3108 2527 3157 oenei
2549 3106 2756 3170 pectoris
2776 3105 2933 3169 filius,

1754 3200 1838 3263 qui
1855 3211 2039 3248 saevum
2061 3197 2249 3247 leonem
2272 3195 2525 3258 sustinuit,
2550 3195 2732 3245 amavit
2755 3205 2993 3258 puerum,

1753 3288 2019 3337 formosum
2036 3285 2192 3348 Hylan
2203 3321 2219 3348 ,
2242 3283 2437 3347 capillos
2460 3283 2511 3332 in
2537 3281 2812 3332 cincinnum
2828 3294 2981 3333 nexos
2994 3283 3275 3346 gestantem,

1753 3377 1802 3425 et
1819 3387 1933 3424 eum
1950 3373 2113 3424 omnia
2134 3372 2354 3435 edocuit,
2380 3371 2508 3422 sicut
2530 3373 2667 3435 pater
2694 3383 2863 3420 carum
2878 3368 3062 3433 filium,

1753 3461 1929 3525 quibus
1944 3459 2180 3524 perceptis
2200 3461 2284 3509 vir
2306 3458 2467 3509 bonus
2488 3459 2539 3509 et
2562 3457 2762 3508 celebris
2778 3459 2881 3521 ipse
2896 3458 3096 3508 effectus
3112 3460 3215 3508 erat
3225 3477 3240 3521 ;

1753 3562 2021 3612 numquam
2038 3548 2101 3599 ab
2117 3560 2175 3598 eo
2196 3545 2489 3610 discedebat,
2514 3560 2672 3610 neque
2687 3546 2729 3596 si
2745 3545 2931 3597 medius
2952 3545 3055 3596 dies
3073 3549 3304 3610 surgeret,

1752 3651 1842 3688 nec
1851 3651 2005 3702 quum
2025 3635 2147 3686 albis
2163 3635 2403 3699 quadrigis
2413 3639 2599 3686 Aurora
2617 3635 2669 3684 iu
2683 3637 2713 3684 J
2713 3634 2819 3684 ovis
2827 3633 2959 3685 aedes
2978 3633 3303 3698 adscenderet,

1751 3739 1842 3775 nec
1860 3737 2013 3788 quum
2029 3723 2147 3787 pulli
2170 3725 2333 3773 avium
2355 3722 2587 3786 pipientes
2602 3721 2664 3771 ad
2680 3721 2850 3772 nidum
2869 3721 3182 3785 resplcoeent,

1753 3813 1998 3876 quatiente
2014 3811 2114 3861 alas
2142 3812 2298 3860 matre
2311 3810 2363 3860 in
2386 3809 2638 3872 fuliginosa
2653 3807 2816 3870 trabe,

1753 3902 1809 3950 ut
1825 3900 1917 3950 sibi
1933 3912 1997 3949 ex
2012 3899 2247 3948 sententia
2262 3910 2385 3960 puer
2399 3895 2675 3947 elaboratus
2692 3897 2815 3946 esset
2828 3932 2844 3957 ‚

1753 3987 1939 4050 sibique
1957 3988 2087 4036 recte
2095 3986 2287 4036 trahens
2303 3985 2447 4047 (pari
2455 3981 2801 4046 fortitudine)
2817 3981 2893 4031 vir
2907 3994 3053 4032 verus
3064 3981 3301 4034 evaderet.

1752 4075 1834 4125 sed
1857 4087 2012 4137 quum
2028 4073 2091 4122 ad
2109 4085 2309 4122 aureum
2332 4070 2487 4121 vellus
2511 4069 2771 4133 petendum
2795 4069 3041 4132 navigaret
3058 4072 3197 4120 Iason

1753 4160 2017 4223 AEsonidoe,
2036 4161 2289 4223 ipsumque
2298 4156 2535 4222 principes
2542 4157 2632 4206 viri
2646 4160 2976 4220 sequerentur,

1753 4249 1977 4299 omnibus
1993 4261 2055 4298 ex
2070 4247 2275 4297 urbibus
2289 4244 2552 4296 secundum
2572 4244 2790 4294 ordinem
2811 4244 2984 4308 electi,
3004 4244 3085 4307 qui
3119 4243 3299 4293 virtute

1752 4333 2075 4401 praestarent,]
2097 4335 2229 4385 venit
2244 4335 2390 4384 etiam
2404 4333 2627 4383 laborum
2644 4331 2828 4395 patiens
2842 4330 2917 4380 vir
2935 4329 2984 4380 in
3001 4329 3199 4379 divitem
3216 4330 3307 4380 lol-

1754 4423 1884 4488 cum]
1905 4425 2143 4474 Almnenae
2158 4421 2287 4472 filius
2310 4419 2575 4472 Mideatidis
2597 4419 2807 4468 heroinae
2818 4435 2833 4480 3

1755 4525 1868 4561 cum
1894 4524 2050 4574 eoque
2068 4508 2343 4560 conscendit
2360 4507 2507 4570 Hylas
2529 4507 2719 4557 firmam
2737 4495 2889 4568 Argo,

1755 4613 1864 4664 quae
1881 4599 2019 4648 navis
2042 4599 2256 4660 cyaneas
2279 4595 2616 4645 concurrentes
2636 4605 2733 4642 non
2755 4591 2938 4656 attigit,

1754 4686 1839 4737 sed
1854 4686 2097 4748 perrupit,
2117 4688 2167 4735 et
2188 4685 2237 4734 in
2252 4681 2547 4747 profundum
2563 4683 2772 4744 ingressa
2788 4683 2861 4731 est
2880 4680 3051 4730 Phasin
3065 4715 3080 4742 ,

1755 4772 2004 4832 tamquam
2033 4769 2193 4832 aquila
2206 4781 2305 4831 per
2334 4780 2532 4830 magnos
2565 4767 2769 4829 nucina
2795 4781 2859 4818 ex
2886 4781 2985 4830 quo
3008 4768 3113 4817 tum
3153 4771 3303 4830 petroe

1755 4857 2041 4921 constitere]
2064 4870 2218 4920 quum
2244 4858 2405 4907 autem
2424 4854 2635 4906 Pleiades
2654 4857 2893 4918 oriuntur,
2914 4857 2963 4906 et
2980 4857 3183 4906 extremi
3207 4856 3306 4918 agri

1755 4959 1903 5008 agnos
1924 4944 2206 5007 juvenculos
2228 4945 2460 5007 pascunt,
2489 4945 2707 4994 vertente
2724 4944 2827 5005 jam
2848 4956 2989 5006 vere,

1753 5038 1862 5084 tum
1882 5031 2195 5094 navigationis
2218 5031 2502 5081 meminerat
2519 5029 2711 5080 divinus
2727 5029 2816 5080 ilos

1755 5122 1979 5184 heroum,
2000 5131 2215 5182 cavaque
2238 5119 2293 5169 iu
2318 5125 2443 5182 Argo
2464 5117 2687 5168 collocati
