3767 5825
584 414 691 467 126
1380 404 1788 465 ΣΕΡΒΙΛΙΟΥ
1832 405 2407 465 ΔΑΜΟΚΡΑΤΟΥΣ
2451 408 2550 465 ΤΑ
2601 404 2972 465 militam.

678 534 893 605 Ταύτην
922 533 1119 614 ἔφασκε
1144 532 1241 603 τὴν
1266 533 1469 612 γραφὴν
1496 532 1879 609 δοκιμωτάτην.

684 623 897 701 Νάρδου
922 622 997 688 δὶς
1016 620 1158 679 ὀκτὼ
1188 624 1415 699 στάχυος
1444 620 1660 691 Ἰνδικῆς
1686 622 1952 700 δραχμάς·

576 734 654 771 210
682 711 927 789 Σμύρνης
947 733 1003 767 τε
1022 714 1273 789 χρηστῆς,
1300 710 1390 767 καὶ
1412 710 1579 781 ὀπίου,
1612 712 1896 785 μηκωνίου,

683 799 1049 865 Ὕποκιστίδος
1072 822 1128 857 τε
1152 802 1348 877 χυλοῦ,
1380 798 1471 857 καὶ
1494 798 1873 875 ὀποὸαλσάμου
1893 844 1908 873 ,

682 886 1051 953 Ὀποπάνακός
1074 910 1131 944 τε
1156 892 1251 945 τοῦ
1274 892 1503 965 καθαροῦ
1530 886 1619 944 καὶ
1644 888 1946 965 προσφάτου
1961 932 1975 959 ,

684 976 791 1037 Καὶ
812 974 1087 1053 καστορίου
1115 974 1219 1055 [τε]
1244 974 1336 1033 καὶ
1358 974 1575 1033 λιὸάνου
1600 977 1809 1032 πάντων
1835 974 1927 1032 ἴσα

682 1062 805 1123 Ἀνὰ
834 1062 1037 1121 δώδεκα
1060 1060 1329 1143 δραχμάς·
1359 1064 1617 1141 τέσσαρας
1646 1062 1699 1119 δὲ
1722 1061 2020 1141 χαλὸάνης·

488 1184 505 1199 ·
576 1174 651 1210 21³
679 1150 1022 1229 Τερμινθίνης
1044 1172 1104 1207 τε
1119 1152 1303 1208 πέντε·
1330 1150 1517 1209 πολίου
1540 1150 1829 1229 τέσσαρας·

688 1238 887 1305 Κασίας
914 1236 1165 1313 μελαίνης
1192 1241 1285 1307 τῆς
1308 1240 1475 1309 καλῆς
1505 1237 1585 1305 δὶς*
1602 1236 1888 1317 τέσσαρας·

684 1331 882 1386 Λευκοῦ
905 1324 1166 1406 πεπέρεως
1189 1324 1281 1384 δύο
1312 1326 1552 1405 δραχμάς
1569 1350 1581 1361 ·
1610 1330 1810 1406 μακροῦ
1838 1326 1962 1401 μίαν

686 1414 793 1473 Καὶ
818 1413 896 1471 δύ’
920 1412 1161 1479 ὀὸολούς·
1188 1413 1375 1492 κρόκου
1404 1413 1456 1470 δὲ
1489 1412 1760 1492 Κωρυκίου
1782 1412 1908 1471 δέκα
1924 1437 1936 1448 ·

685 1502 825 1561 Μίαν
853 1500 907 1559 δὲ
925 1500 1055 1579 πρὸς
1078 1499 1325 1559 ταύταισι
1344 1500 1433 1557 καὶ
1456 1502 1531 1567 δὶς
1560 1500 1817 1580 τέσσαρας

577 1610 658 1647 220
688 1589 910 1667 Σχοίνου
942 1588 1077 1647 πάνυ
1107 1590 1327 1657 λεπτῆς·
1353 1592 1441 1645 τοῦ
1472 1588 1515 1644 τ’
1542 1588 1766 1664 ἀμώμου
1794 1590 2075 1667 τέσσαρας·

681 1678 789 1737 Δύο
816 1675 1157 1753 κινναμώμου
1173 1698 1187 1713 ·
1212 1676 1465 1741 σεσέλεως
1492 1676 1733 1754 δραχμὰς
1755 1675 1845 1735 δύο
1860 1698 1875 1712 ·

690 1766 897 1825 Δαύκου
928 1764 1167 1847 δραχμὰς
1190 1764 1242 1833 ἓξ
1272 1765 1571 1843 σπέρματος
1595 1771 1683 1823 τοῦ
1718 1769 1982 1844 Κρητικοῦ
2002 1790 2015 1803 ·

694 1854 799 1913 Καὶ
821 1853 1185 1931 πετροσελίνου
1211 1851 1513 1932 σπέρματος
1538 1854 1613 1919 δὶς
1640 1852 1787 1911 ε’ννέα
1802 1877 1814 1888 ·

685 1944 775 2008 M<
803 1942 1060 2024 τέσσαρας
1088 1940 1141 2001 δὲ
1170 1943 1412 2019 σκορδίου
1437 1942 1602 2018 κόμης
1625 1942 1896 2021 δραχμάς·

578 2052 654 2089 ‘225
686 2030 913 2102 Βδέλλης
935 2029 1117 2108 ὄνυχός
1138 2053 1195 2088 τε
1218 2034 1311 2101 τῆς
1342 2031 1581 2107 διαυγοῦς
1615 2033 1686 2096 ὡς
1714 2030 1986 2111 δραχμήν·

690 2118 915 2185 Μέλιτός
938 2142 995 2176 τε
1019 2118 1202 2197 λίτρας
1228 2117 1381 2175 πέντε
1410 2118 1499 2175 καὶ
1522 2121 1693 2197 μικρῷ
1714 2118 1889 2175 πλέον.

686 2205 915 2271 Σκεύαζε
941 2205 985 2264 δ’
1018 2204 1203 2273 οὕτως·
1228 2204 1581 2285 προδιαλύσας
1608 2204 1725 2272 τοὺς
1746 2206 1903 2273 ὀποὺς

688 2297 782 2375 Τῷ
810 2294 979 2369 μέλιτι
1006 2298 1211 2375 θερμῷ,
1242 2294 1335 2366 τήν
1361 2318 1418 2352 τε
1446 2295 1655 2373 ῥητίνην
1683 2298 1855 2362 καλῶς
1871 2341 1890 2371 ,

678 2382 763 2441 Τὰ
789 2380 919 2461 ξηρὰ
942 2380 1115 2441 πάντα
1144 2381 1544 2459 παραπλάσσεις
1574 2382 1898 2460 σεσησμένα.

578 2488 659 2527 2³0
680 2468 839 2526 θῦτω
864 2469 908 2527 δ’
933 2468 1131 2536 ἐνώσας
1154 2468 1329 2527 πάντα
1358 2470 1537 2536 δώσεις
1565 2472 1821 2529 Ποντικοῦ

684 2554 897 2632 Καρύου
924 2554 985 2612 τὸ
1014 2554 1225 2634 μέγεθος
1246 2564 1351 2622 τοῖς
1372 2556 1661 2637 ὀφείλουσιν
1686 2556 1897 2617 λαὸεἴν.

686 2728 995 2810 Ἐφεκτικὴν
1016 2730 1059 2787 δ’
1084 2730 1347 2789 ἀντίδοτον
1378 2734 1421 2789 εἰ
1446 2732 1621 2810 βούλει
1651 2740 1819 2790 ποιεῖν

684 2815 923 2891 Αἵματος
948 2816 1057 2875 ἄνω
1078 2840 1133 2875 τε
1150 2818 1240 2876 καὶ
1262 2818 1409 2875 κάτω
1430 2821 1625 2877 πολλοῦ
1650 2830 1838 2900 φορᾶς,

684 2904 898 2976 Ταύτην
926 2904 1153 2980 ἀκριὸῶς
1172 2905 1547 2985 [συ]σκευάσας
1563 2907 1687 2975 ἕξεις
1712 2906 1900 2979 καλήν.

580 3013 658 3052 2³5
686 2993 891 3072 Κρόκου
914 2995 1157 3053 Κιλικίου
1184 2999 1275 3052 τοῦ
1302 2998 1464 3053 καλοῦ
1484 2996 1574 3054 καὶ
1600 2995 1902 3077 προσφάτου

684 3080 943 3158 Δραχμὰς
966 3079 1042 3147 δὶς
1064 3081 1231 3155 ὀκτὼ,
1260 3081 1351 3140 καὶ
1384 3083 1533 3141 ὀπίου
1552 3130 1568 3158 ,
1602 3083 1866 3161 μηκωνίου
1881 3128 1900 3158 ,

687 3167 917 3227 Λιὸάνου
948 3167 995 3224 τ’
1024 3169 1292 3242 ἀτμήτου,
1326 3169 1415 3226 καὶ
1438 3177 1667 3248 καθαρᾶς
1697 3171 1929 3250 σμύρνης
1961 3171 2091 3244 ἴσον,

690 3257 911 3315 Πάντων
940 3257 1099 3314 πάλιν
1130 3258 1353 3316 ἑκάστου
1378 3257 1621 3338 δραχμὰς
1650 3257 1957 3316 ἑκκαίδεκα·

682 3343 881 3401 Φλοιοῦ
902 3343 957 3401 δὲ
985 3343 1124 3424 ῥίζης
1154 3345 1514 3426 μανδραγόρου
1544 3347 1618 3412 δὶς
1644 3345 1931 3426 τέσσαρας·

578 3449 658 3487 200
689 3428 1033 3504 εΥοσκυάμου
1052 3430 1107 3488 δὲ
1130 3431 1426 3511 σπέρματος
1446 3432 1553 3513 τρὶς
1574 3433 1836 3512 τέσσαρας
1849 3457 1861 3470 ·

684 3517 812 3596 Τρὶς
842 3517 931 3576 δύο
956 3517 1200 3597 δραχμὰς
1221 3520 1560 3600 μηκωναρίου
1578 3525 1669 3579 τοῦ
1699 3520 2026 3601 σπέρματος·

683 3606 839 3683 Τρεῖς
866 3606 1204 3680 κινναμώμου
1226 3611 1316 3664 τοῦ
1345 3610 1507 3666 καλοῦ
1534 3609 1775 3687 δραχμὰς
1804 3612 2038 3690 σταθμῷ·

684 3691 835 3757 Ῥοὸς
856 3691 913 3750 δὲ
931 3695 1094 3771 χυλοῦ
1123 3696 1456 3771 Παταρικῆς,
1546 3699 1805 3776 Συριακῆς

681 3779 808 3859 Τρὶς
837 3779 1000 3839 εἴκοσι
1019 3781 1173 3838 πέντε
1198 3781 1288 3840 καὶ
1318 3781 1494 3860 ἑτέρας
1518 3783 1594 3848 δὶς
1617 3782 1838 3841 δώδεκα·

578 3889 657 3927 215
689 3869 920 3936 Σκεύαζε
952 3868 997 3926 δ’
1026 3868 1213 3935 οὕτως·
1234 3869 1321 3928 τὸν
1351 3869 1538 3949 κρόκον
1561 3870 1946 3951 κεκαθαρμένον

687 3955 975 4034 Ἀπόὸρεχε
1005 3957 1050 4014 δ’
1085 3955 1205 4036 οἴνῳ
1236 3961 1487 4038 Κρητικῷ
1510 3960 1681 4038 λευκῷ
1710 3961 1920 4036 γλυκεῖ·

683 4044 837 4102 Δίδου
864 4043 923 4100 τὸ
941 4045 1184 4102 πλεῖστον
1212 4045 1409 4125 ἡμέρας
1433 4047 1528 4103 δύ’·
1560 4043 1682 4104 ὅταν
1711 4046 1822 4126 ἴδῃς

688 4132 942 4190 Μαλακὸν
970 4131 1125 4209 ἄγαν,
1156 4131 1453 4212 εὕτριπτον,
1486 4137 1558 4200 εἷς
1581 4135 1714 4212 ἴγδιν
1748 4135 1947 4212 βαλὼν,

687 4221 870 4278 Λέαινε
891 4221 965 4300 τῷ
992 4219 1214 4292 δοίδυκι,
1244 4223 1335 4280 καὶ
1363 4223 1499 4280 λεῖον
1526 4227 1710 4294 ποιῶν,

578 4329 657 4364 ·.-”.υ
690 4305 1001 4384 ΙΙρόσὸαλλε
1028 4307 1113 4366 τὸν
1141 4307 1267 4366 ὀπὸν
1298 4309 1386 4367 τόν
1419 4309 1561 4387 [τε]
1589 4309 1803 4369 λίὸανον
1825 4315 1890 4390 τῇ
1915 4311 2136 4390 σμύρνῃ·

685 4393 855 4452 Χυλὸν
882 4395 927 4451 δ’
953 4395 1143 4471 ὁμοίως
1164 4400 1283 4454 κατ’
1310 4398 1445 4455 ἰδίαν
1476 4397 1559 4455 τὸν
1590 4402 1681 4467 τῆς
1708 4397 1820 4476 ῥοὸς

684 4481 949 4560 Διάὸρεχε
980 4483 1069 4540 καὶ
1092 4483 1401 4562 πρόσὸαλλε
1425 4493 1529 4550 τοῖς
1560 4485 1871 4561 εἰρημένοις·

690 4570 795 4627 Καὶ
812 4571 969 4625 πάλιν
992 4570 1187 4637 ἓνώσας
1202 4572 1317 4628 λεῖα
1340 4570 1429 4628 καὶ
1453 4571 1779 4647 σεσησμένα,

684 4653 769 4712 Τὰ
794 4654 950 4712 λοιπὰ
970 4655 1144 4714 πάντα
1172 4656 1604 4736 προσαποδώσεις
1626 4658 1865 4734 μίγματα
1884 4681 1896 4693 ·

579 4763 656 4800 2:25
688 4741 877 4820 Ἑφθοῦ
915 4767 969 4800 τε
994 4743 1201 4819 μέλιτος
1226 4745 1459 4804 Ἀττικοῦ
1496 4745 1670 4823 βαλὼν
1704 4746 1911 4824 βραχὺ,

688 4832 858 4886 Πάλιν
888 4831 1085 4904 λεάνον,
1110 4837 1181 4897 ὡς
1208 4832 1410 4911 γενέσθ’
1440 4833 1493 4891 ἓν
1520 4839 1815 4914 φάρμακον.

688 4917 788 4977 Ἐκ
816 4923 908 4990 τῆς
933 4919 1098 4986 θυΐδος
1122 4923 1190 4985 εἰς
1211 4925 1417 5000 ἀγγεῖον
1443 4924 1631 4978 ὓαλοῦν

685 5005 795 5061 Καὶ
824 5007 1178 5086 κασσιτέρινον
1201 5010 1507 5086 μετακόμιζ’
1528 5009 1812 5084 ἡνωμένον.

687 5090 843 5148 Δίδου
870 5093 924 5148 δὲ
953 5095 1059 5160 τοῖς
1090 5095 1183 5169 μὲν
1210 5099 1267 5152 ἐκ
1293 5097 1553 5174 φάρυγγος
1581 5097 1669 5153 καὶ
1694 5097 1914 5174 γαστρὸς

587 5197 661 5236 ωε·
691 5177 985 5256 Ἀνάγουσι,
1011 5181 1101 5239 καὶ
1133 5185 1389 5260 θώρακος,
1423 5184 1496 5241 ἔτι
1523 5185 1574 5242 δὲ
1606 5185 1891 5260 πνεύμονος

2225 544 2359 592 lianc
2375 544 2663 605 scripturam
2681 542 2874 591 dicebat
2889 542 3328 605 praestantiasima-
3347 562 3360 590 ε

2225 630 2369 679 Nardi
2401 632 2546 693 spicae
2565 630 2742 680 lndicae
2760 632 2874 679 octo
2889 630 2967 679 his
2986 630 3235 691 denarios,

2225 718 2436 779 Myrrhae
2457 718 2620 780 probae
2637 732 2728 767 nec
2743 732 2843 767 non
2861 718 2978 781 opii,
2999 718 3224 781 meconii,

2227 806 2548 867 llypocistidis
2565 806 2713 863 succi,
2731 806 2906 855 deinde
2927 807 3219 868 opobalsami
3237 843 3253 867 ,

2228 894 2527 955 opopanacis
2547 896 2654 955 puri
2687 894 2894 943 recentis
2912 894 3126 956 insuper,

2229 984 2288 1031 Et
2304 982 2506 1031 castorei
2523 984 2671 1045 atque
2692 982 2848 1031 thuris
2860 1019 2877 1042 ,
2898 983 3116 1030 omnium
3130 994 3268 1043 pares

2225 1068 2489 1117 Duodecim
2508 1068 2780 1130 drachmas,
2803 1072 3065 1131 quaternas
3081 1068 3298 1131 galbani,

2225 1156 2576 1207 'terebinthina
2597 1158 2787 1219 quinas,
2807 1157 3018 1219 poliique
3047 1158 3296 1219 quattuor,

2229 1246 2372 1294 Bonae
2388 1244 2472 1294 sed
2495 1245 2642 1307 nigre
2659 1244 2823 1295 cassim
2843 1245 2918 1295 his
2937 1248 3186 1307 quattuor,

2225 1336 2288 1383 At
2306 1333 2400 1381 albi
2421 1333 2598 1395 piperis
2617 1332 2773 1393 binos,
2797 1333 2924 1395 longi
2943 1346 3089 1383 unam
3115 1333 3402 1383 drachmam

2227 1421 2406 1470 obolos
2429 1420 2551 1470 duos
2566 1458 2582 1482 ,
2601 1424 2650 1471 et
2667 1421 2858 1483 Corycii
2878 1422 3006 1471 croci
3025 1422 3212 1483 decem,

2228 1512 2288 1558 Et
2305 1508 2436 1569 junci
2456 1522 2688 1571 perquam
2705 1510 2991 1559 comminuti
3007 1512 3120 1559 octo
3136 1510 3397 1559 drachmas

2229 1600 2484 1659 Unamque
2501 1596 2713 1660 insuper,
2741 1599 2921 1647 amomi
2941 1598 3192 1648 drachmas
3209 1602 3463 1661 quattuor,

2231 1688 2356 1733 Duas
2375 1686 2653 1746 cinamomi‚
2667 1686 2830 1735 seselis
2849 1686 3046 1736 totidem
3071 1686 3282 1749 seminia,

2226 1776 2322 1821 Sex
2334 1774 2510 1823 cretici
2526 1774 2689 1833 dauci,
2705 1786 2917 1823 normas
2941 1774 3136 1823 seminis

2233 1862 2310 1910 Bis
2336 1861 2632 1925 petroselini,
2651 1862 2826 1911 scordii
2847 1861 2923 1911 bis
2939 1864 3170 1925 quattuor

2227 1950 2492 1999 Drachmas
2511 1964 2683 2011 oomae,
2701 1954 2849 2013 atque
2865 1949 3028 1999 bdellii
3048 1951 3220 2013 unguis
3239 1950 3392 2000 lucidi

2229 2038 2550 2098 Drachmam3
2577 2038 2732 2087 mellis
2753 2036 2903 2087 libras
2929 2038 3142 2100 quinque
3159 2042 3208 2087 et
3233 2038 3376 2100 paulo
3393 2038 3552 2101 magi.

2230 2126 2333 2173 Hoc
2357 2128 2496 2187 pacto
2515 2138 2726 2187 praepara
2747 2144 2760 2173 ε
2781 2138 2951 2175 succos
2972 2126 3102 2175 solve
3125 2127 3258 2189 prius

2227 2214 2282 2261 ln
2307 2214 2450 2262 melle
2467 2212 2624 2261 calido
2647 2216 2697 2262 et
2715 2214 2922 2263 resinam
2939 2214 3094 2263 fusam
3119 2214 3300 2275 probe;

2229 2300 2448 2349 cribrata
2465 2302 2639 2350 cuncta
2661 2300 2767 2350 aliis
2783 2314 3003 2364 asperges
3020 2300 3168 2351 arida.

2231 2390 2286 2437 ln
2310 2388 2544 2437 unitatem
2563 2389 2630 2437 sic
2647 2388 2827 2438 coactis
2843 2390 3068 2439 omnibus
3081 2426 3096 2449 ,

2231 2472 2300 2524 Ad
2321 2476 2698 2537 magnitudinem
2716 2482 2829 2525 tunc
2849 2478 3058 2527 Ponticae
3077 2477 3214 2527 nucis

2229 2564 2365 2611 Hanc
2381 2563 2650 2613 antidotum
2681 2564 2952 2627 propinabis
2974 2564 3151 2626 quibus
3172 2567 3246 2615 est
3263 2578 3406 2627 opus.

2229 2740 2292 2785 At
2313 2737 2352 2785 si
2371 2736 2504 2786 voles
2521 2738 2608 2786 tibi
2626 2738 2898 2788 antidotum
2920 2752 3208 2801 componere

2231 2828 2352 2881 Quae
2369 2826 2610 2887 sanguinis
2631 2840 2776 2887 supra
2790 2826 3007 2889 infraque
3026 2830 3160 2876 arcet
3177 2826 3433 2889 impetum,

2233 2916 2368 2962 lianc
2386 2917 2654 2977 praeparato
2673 2917 2867 2978 exacte3
2893 2915 3089 2964 habebis
3110 2917 3366 2978 optimam.

2231 3003 2371 3050 Croci
2392 3003 2546 3051 Cilicii
2575 3005 2678 3052 tum
2705 3004 2928 3064 recentiS,
2953 3005 3058 3052 tum
3084 3003 3197 3052 boni

2231 3089 2463 3139 Denarios
2485 3089 2558 3138 bis
2571 3093 2699 3152 octo,
2723 3091 2838 3152 opii,
2859 3091 3082 3150 meconii,

2232 3178 2502 3240 Thurisque
2529 3191 2625 3226 non
2647 3177 2790 3240 secti,
2811 3191 2947 3241 purae
2973 3178 3182 3239 myrrhae
3199 3191 3339 3240 pares
3358 3217 3373 3240 ,

2231 3265 2478 3327 cujusque
2499 3279 2664 3316 rursus
2685 3265 2893 3315 sedecim
2917 3265 3161 3328 denarios3

2231 3354 2291 3402 At
2313 3353 2644 3416 mandragora!
2660 3353 2832 3404 radicis
2858 3354 3050 3403 corticis
3067 3354 3315 3404 drachmas
3379 3349 3386 3352 ’

2233 3441 2307 3490 Bis
2324 3444 2575 3504 quattuor,
2595 3441 2668 3491 bis
2681 3455 2768 3491 sex
2785 3443 2952 3490 alterci
2975 3441 3188 3502 seminis,

2233 3530 2485 3590 Papaveris
2497 3543 2577 3578 sex
2598 3529 2794 3579 seminis
2811 3530 3030 3578 denarios
3042 3566 3058 3591 ,

2231 3619 2412 3666 Ternas
2426 3617 2537 3666 boni
2556 3617 2816 3666 cinamomi
2836 3617 3092 3666 drachmas
3115 3617 3318 3680 pondere
3333 3654 3355 3678 ‚

2231 3703 2324 3754 Sed
2346 3704 2478 3753 succi
2495 3705 2698 3754 Patarici
2721 3705 2798 3754 vel
2817 3705 2998 3768 Syriaci
3013 3705 3144 3754 rhois

2229 3790 2406 3853 Viginti
2429 3792 2641 3854 quinque
2665 3794 2738 3842 ter
2758 3791 3012 3842 drachmas
3033 3795 3182 3856 atque
3199 3794 3396 3855 insuper

2230 3879 2493 3928 Duodecim
2517 3879 2602 3928 bis,
2625 3880 2706 3930 Sic
2723 3893 2870 3942 para:
2893 3881 3128 3930 mundum
3147 3895 3345 3930 crocum

2233 3953 2466 4017 perfunde
2487 3968 2597 4016 vino
2615 3969 2746 4017 dulci
2777 3971 2828 4018 et
2849 3969 2958 4018 albo
2983 3971 3174 4019 Cretico
3187 4007 3202 4030 ,

2231 4060 2362 4104 Duos
2379 4058 2537 4106 sinens
2553 4069 2650 4105 una
2666 4057 2768 4106 dies
2783 4059 2838 4108 ut
2857 4058 3148 4119 plurimum;

2229 4147 2390 4200 Quum
2411 4145 2555 4194 molle
2581 4157 2747 4194 cernas
2767 4147 2817 4194 et
2845 4147 3025 4207 fragile,
3046 4159 3158 4194 mox
3179 4145 3392 4195 inditum

2230 4233 2457 4281 Mortario
2475 4269 2488 4292 ,
2514 4231 2692 4294 pistillo
2709 4231 2877 4295 subige
2895 4237 2947 4282 et
2969 4234 3171 4296 laeviga5

2229 4324 2352 4368 Tum
2372 4321 2566 4370 demum
2591 4321 2804 4382 myrrhae
2826 4323 2940 4370 thus
2965 4323 3228 4384 opiumque
3243 4321 3466 4384 adJicit03

2230 4409 2377 4457 Rhois
2394 4421 2594 4458 succum
2615 4410 2770 4459 solum
2791 4409 3025 4471 perfunde
3049 4410 3266 4460 similiter
3279 4447 3294 4470 ,

2228 4499 2288 4544 Et
2315 4497 2704 4546 commemoratis
2717 4497 3081 4548 medicamentis
3103 4497 3296 4558 addito;

2233 4587 2294 4632 At
2313 4585 2489 4633 unione
2509 4585 2634 4634 facta
2661 4585 2832 4646 laeviga
2851 4587 2900 4634 et
2913 4585 3072 4635 cribro

2229 4671 2542 4720 medicamina
2562 4671 2736 4733 injecta
2761 4673 2968 4724 immitte
2987 4673 3175 4736 reliqua
3199 4676 3388 4734 omnia;

2231 4761 2287 4805 Et
2309 4759 2434 4806 cocti
2459 4759 2614 4807 mellis
2632 4759 2776 4808 Attici
2806 4760 3124 4821 pauxillulum

2229 4845 2372 4904 lnjice
2393 4847 2442 4893 et
2459 4848 2561 4894 tere
2575 4847 2767 4906 iterum,
2793 4861 2943 4896 unum
2971 4850 3025 4896 ut
3044 4847 3127 4896 liat
3151 4849 3479 4909 pharmacum.

2227 4935 2650 4994 Contemperatum
2675 4936 2851 4996 pariter
2867 4949 2929 4983 ex
2949 4935 3178 4984 mortario

2231 5025 2281 5068 ln
2301 5035 2386 5069 vas
2406 5025 2491 5071 aut
2507 5023 2712 5072 vitreum
2737 5023 3020 5072 transfundo
3039 5026 3125 5072 aut
3141 5025 3416 5072 stanneum.

2209 5109 2312 5156 'llis
2329 5109 2690 5159 subministrato
2709 5111 2792 5171 qui
2807 5115 2973 5160 ventre
2991 5113 3079 5160 aut
3095 5113 3289 5173 gutture

2229 5195 2466 5255 nejiciunt
2489 5200 2573 5248 aut
2591 5201 2781 5264 pectore
2803 5199 2880 5248 vel
2900 5199 3208 5260 pulmonibus
