3767 5825
1137 406 1220 465 ιΝ
1261 362 1717 464 ΜΑιῖιΕΤΗοΝ.
1763 400 2060 463 mnium
2101 403 2181 465 11.

105 550 234 607 ratze,
258 538 407 607 edd„
429 533 534 592 ubi
553 534 604 591 G
627 534 895 603 reddunt,
922 535 974 592 D
993 536 1347 593 Dorvillium
1372 535 1442 592 ad
1463 533 1621 593 Cha-

3146 422 3269 466 XXV

1789 534 1884 605 37.
1905 530 2103 612 τροπὰς
2124 532 2293 612 θέρεος
2310 531 2389 605 G,
2410 532 2602 613 τροπαὶ
2624 533 2699 607 Η,
2721 548 2781 593 et
2804 536 2878 593 38
2896 536 3151 612 γείνονται
3175 561 3268 614 με·

105 629 331 682 ritonem.
361 622 578 682 Omnes
601 623 790 695 locos,
814 624 888 683 de
905 622 1122 701 quibus
1147 636 1246 681 aut
1265 623 1386 702 jam
1407 622 1622 680 dictum
1707 620 1858 679 σάτοι
1884 643 1943 677 τε
1975 621 2079 678 Gn
2096 662 2113 693 ‚
2138 621 2366 699 γίνονται
2392 620 2447 681 J.
2475 624 2666 703 τροπαί
2698 625 2799 683 εἰσι
2824 624 2994 705 θέρεος
3029 640 3087 685 et
3116 630 3267 686 δινεῖ-

104 727 172 769 est
200 726 286 769 aut
311 712 373 769 in
407 710 624 788 quibus
663 723 886 770 tantum
921 710 1368 790 orthographica
1410 723 1626 768 mutata
1707 730 1815 779 ται,
1841 705 2067 785 μέσατός
2090 730 2145 767 τε
2170 710 2223 767 D
2250 711 2386 781 645,
2414 710 2605 791 τροπαὶ
2634 704 2702 770 αὖ
2731 712 2899 793 θέρεος
2923 728 2981 773 et
3008 714 3271 794 γίγνονται

103 813 238 869 sunt,
266 800 465 870 omisi;
489 814 690 857 contra
709 803 919 878 saepius
948 799 1410 877 conjecturarum
1427 842 1446 869 ,
1480 819 1624 875 quas

103 886 266 963 rejeci,
287 888 632 945 mentionem
653 887 785 959 feci,
807 906 882 945 ne
895 888 1029 965 quis
1043 906 1139 946 eas
1159 901 1450 963 tamquam
1471 906 1626 945 nova

101 976 305 1032 inventa
331 975 474 1033 meis
498 987 774 1053 opponat.

528 1261 750 1320 LIBER
791 1259 1200 1320 SECUNDUS.

165 1456 212 1495 2.
253 1434 522 1505 διηνεκέως
550 1456 608 1491 τε
644 1432 780 1503 GH,
832 1428 1060 1505 διηνεκὲς
1088 1430 1227 1490 ὥστε
1254 1431 1290 1490 J
1303 1455 1322 1505 ;
1354 1430 1626 1503 διηνεκέως

93 1546 140 1599 γε
158 1524 239 1583 ed.
257 1568 274 1594 ,
297 1523 484 1581 fulcro
499 1523 649 1580 male
668 1521 960 1599 apposito.
988 1521 1228 1578 Praestat
1246 1522 1402 1598 quod
1418 1523 1466 1577 A
1488 1542 1622 1580 con·

88 1612 211 1685 jecit
235 1608 502 1682 διηνεκέως
537 1607 836 1689 φορέονται,
868 1608 969 1667 sed
996 1622 1236 1688 propter
1257 1628 1320 1668 v.
1357 1630 1426 1665 21
1458 1610 1624 1681 διηνε·

93 1700 162 1763 κὲς
184 1689 288 1757 ὦκα
319 1699 578 1778 praetuli.

107 1859 116 1869 ι
165 1808 244 1845 10.
289 1786 563 1844 ἀπλανέων
587 1784 684 1845 ’ἐνὶ
722 1783 922 1865 χώρην,
961 1789 1027 1865 τῇ
1087 1782 1140 1843 δὲ
1183 1785 1320 1854 GH,
1362 1784 1512 1865 χώρῃ
1554 1785 1624 1859 J3

93 1875 340 1933 ἀπλανέων
361 1872 542 1955 χώρῃ,
563 1878 630 1952 τῇ
660 1872 724 1944 δὴ
741 1864 840 1933 ed.
858 1916 876 1945 ‚
905 1894 1015 1952 pro
1034 1894 1154 1951 quo
1182 1878 1228 1932 Α
1253 1875 1426 1931 etiam
1456 1876 1627 1931 ἀπλα-

89 1960 200 2019 νέων
225 1962 295 2020 ἐνὶ
315 1962 501 2042 χώρῃ,
536 1958 640 2039 ὅπῃ
669 1960 944 2038 conjecit.
975 1960 1088 2019 Sed
1112 1962 1292 2021 stellae
1314 1963 1458 2040 ipsae
1469 1966 1627 2035 fixoe

90 2068 181 2119 suo
204 2051 265 2109 in
286 2051 419 2110 loco
436 2094 454 2123 ,
479 2070 600 2107 non
611 2052 872 2124 fixarum
899 2050 960 2107 in
987 2049 1117 2108 loco
1161 2050 1488 2107 constitutae
1509 2051 1624 2109 dici

88 2137 375 2198 debebant.
407 2140 604 2209 Quare
643 2137 862 2195 ἀπλανέ’
897 2138 948 2195 ἐν
981 2135 1162 2217 χώρῃ,
1191 2141 1256 2215 τῇ
1299 2136 1363 2209 δὴ
1393 2138 1622 2217 scripsi.

161 2230 248 2287 13.
276 2226 452 2291 ἄλλως
479 2226 543 2295 δὴ
572 2225 706 2284 edd.
730 2259 806 2271 -
829 2225 1203 2305 πεφορημένοι*
1225 2223 1416 2304 πέρθης
1447 2226 1507 2302 (*
1529 2246 1628 2283 su-

87 2335 289 2391 prascr.
321 2314 531 2391 κεύθει)
563 2314 704 2387 GH,
735 2312 904 2371 κεύθει
930 2310 966 2371 J
981 2335 998 2385 ;
1030 2320 1197 2371 κεῖται
1222 2313 1376 2391 conj.
1413 2314 1624 2387 Holst.;

83 2404 384 2485 πεφορημέν’
431 2404 648 2487 ὕπερθεν
707 2406 837 2477 ed.;
893 2416 1171 2481 praeterea
1225 2410 1276 2463 A
1325 2402 1456 2481 ὑπὲρ
1505 2406 1626 2481 γῆς,

85 2490 122 2549 R
149 2492 298 2573 δέρκῃ
327 2491 508 2571 conj„
548 2504 818 2551 neutrum
862 2490 1270 2569 probabiliter.
1300 2490 1484 2549 Etiam
1515 2492 1628 2549 ini-

81 2581 152 2637 tio
171 2602 362 2659 neque
388 2580 586 2654 ἄλλως,
619 2599 809 2657 neque
830 2578 894 2650 δή
921 2579 1162 2658 probari
1189 2593 1403 2655 potest.
1432 2578 1629 2648 Quare

83 2667 232 2735 αὕτως
269 2670 324 2727 δὲ
363 2670 574 2748 scripsi
607 2690 624 2727 ε
654 2669 724 2727 cs.
765 2670 866 2727 61.
898 2666 1024 2727 Nisi
1053 2666 1152 2726 hic
1187 2668 1396 2726 lacuna
1434 2666 1630 2725 subest

81 2756 147 2813 ita
174 2759 290 2817 fere
315 2756 606 2837 explenda
633 2778 648 2815 ε

129 2898 240 2948 ἄλλα
258 2900 300 2950 δ’
321 2900 400 2950 ὄσ’
417 2898 677 2964 [οὐρανὸς
701 2899 864 2954 ἐντὸς
889 2897 1185 2962 ἀπείριτα]
1203 2898 1357 2948 κεύθει
1377 2899 1568 2963 ὕπερθεν

129 2977 330 3044 [do-tp«.
366 2977 546 3042 πολὺ]
562 2979 734 3028 πλέονα
752 2977 990 3041 σποράδην
1005 2979 1304 3040 πεφορημένοι
1321 2983 1489 3026 κεῖται.

149 3105 236 3163 14.
263 3099 312 3155 οἱ
348 3095 711 3174 διαγαυότατοι
737 3095 814 3166 G,
841 3096 888 3152 οἱ
913 3093 1120 3170 διαγαν.
1155 3095 1204 3150 Η
1221 3137 1237 3166 ,
1266 3091 1318 3151 οἳ
1339 3093 1402 3162 δὴ
1429 3096 1628 3171 ἀγαυο-

73 3183 216 3242 τάτου
236 3186 364 3258 ed.,
389 3197 656 3243 neutrum
679 3181 850 3240 bene.
875 3181 1059 3241 Multo
1091 3183 1300 3239 melius
1337 3181 1538 3242 Lehrs.
1569 3184 1631 3239 in

74 3274 223 3348 praef.
245 3275 318 3331 ad
341 3274 592 3351 Oppian.
614 3271 812 3330 Didot.
830 3289 890 3350 p.
913 3289 972 3341 v,
993 3289 1225 3328 caesurae
1246 3271 1498 3342 invisuS,
1520 3268 1629 3327 αἰὲν

73 3360 380 3432 ἀγαυότατοι
405 3359 667 3437 conjecit.
693 3358 806 3416 Sed
827 3359 1142 3436 scripserat
1160 3347 1257 3414 οἶοι
1280 3358 1626 3435 ἀγαυότατοι,

74 3449 242 3522 magis
278 3450 458 3507 etiam
483 3467 600 3526 prae
627 3446 836 3504 ceteris
865 3447 1046 3504 stellis
1081 3444 1342 3524 planetas
1370 3466 1507 3502 suos
1537 3465 1627 3503 or-

73 3548 338 3612 naturus,
366 3555 513 3612 quos
544 3554 648 3612 per
674 3546 859 3594 totum
892 3551 1122 3592 carmen
1163 3532 1436 3610 persequi
1465 3534 1629 3591 vole-

73 3619 175 3681 bat.
203 3624 290 3684 Cf.
325 3645 384 3685 v.
420 3626 528 3681 130
553 3637 612 3681 et
641 3623 770 3688 481.

147 3734 165 3767 1
181 3713 214 3768 5
236 3719 330 3790 sq.
369 3711 508 3770 κατὰ
531 3711 745 3788 κόσμον,
769 3707 996 3780 Ἀδίκηλ’
1021 3709 1157 3778 GH;
1182 3707 1391 3780 ἠδίκηλ’
1415 3710 1467 3765 D
1487 3711 1561 3768 65
1578 3732 1627 3782 1,

73 3799 287 3876 inepte3
328 3799 468 3858 κατὰ
504 3798 706 3874 κόσμου
746 3797 1015 3866 Δεικήλων
1061 3797 1178 3868 ed.,
1223 3798 1487 3871 genitivo
1535 3819 1634 3878 po-

73 3891 306 3948 net-iore
332 3902 620 3968 suspecte.
650 3888 860 3945 Melius
889 3885 1204 3962 aliquando
1215 3885 1468 3944 editores
1491 3909 1630 3947 con·

73 3975 325 4049 jecerunt
367 3977 506 4034 κατὰ
543 3975 739 4050 κόσμον
782 3973 874 4033 Ἂν
925 3973 1141 4046 δείκηλ’,
1191 3975 1292 4032 sed
1349 3977 1630 4054 praeposi-

73 4065 140 4122 uo
183 4067 493 4125 decurtata
543 4067 669 4123 sine
715 4064 983 4142 exemplo
1030 4077 1116 4121 est
1150 4062 1627 4142 apudNostrum.

74 4156 248 4220 Quare
293 4154 435 4212 κατὰ
476 4152 674 4230 κόσμον
721 4151 828 4212 Καὶ
875 4151 1068 4222 δείκηλ’
1114 4152 1365 4228 scripsi:
1404 4152 1526 4212 vid.
1560 4155 1629 4212 ad

74 4245 259 4310 Quint.
295 4245 416 4302 Sm.
448 4243 526 4313 ll,
560 4243 688 4299 181.

135 4337 232 4392 28.
267 4331 359 4397 οὒς
379 4333 516 4390 edd.
535 4354 551 4404 3
572 4333 820 4389 correxi.
844 4328 1008 4387 Valet
1033 4327 1132 4386 hic
1161 4348 1394 4406 quoque
1418 4349 1485 4387 ea
1511 4331 1626 4402 lex,

74 4441 228 4494 {uam
255 4420 529 4480 breviter
559 4419 757 4478 Lehrs.
779 4419 1016 4487 Quaestt.
1045 4437 1178 4495 epp.
1208 4438 1269 4496 p.
1301 4419 1416 4475 280
1447 4421 1477 4449 ¹*
1501 4421 1516 4494 )
1539 4419 1630 4478 his

73 4509 252 4567 rerbis
297 4507 740 4585 comprehendit
768 4528 780 4563 ε
822 4533 846 4558 «ι
877 4507 1086 4581 Magna
1111 4506 1208 4563 lex
1241 4519 1330 4562 est
1363 4507 1421 4562 in
1467 4506 1630 4565 hiatu

73 4599 254 4674 epic0,
289 4597 452 4674 quod
496 4597 560 4653 in
603 4595 736 4652 aliis
775 4597 939 4666 licet,
968 4614 1087 4653 non
1126 4595 1318 4652 statim
1347 4595 1525 4652 licere
1568 4596 1628 4653 in

77 4687 156 4756 is,
190 4705 450 4764 quorum
482 4684 700 4760 duplex
733 4683 796 4741 in
821 4697 1056 4762 promtu
1082 4683 1272 4740 forma
1294 4694 1401 4740 est.
1435 4709 1460 4734 »

131 4779 230 4846 34.
263 4797 326 4832 τε
355 4773 507 4843 edd„
541 4791 649 4830 nos
680 4771 754 4830 δέ.
785 4772 958 4850 Pejus
981 4771 1153 4829 etiam
1185 4771 1420 4847 vulgata
1440 4772 1628 4830 edito-

74 4883 138 4922 ·es
167 4885 230 4941 p.
265 4881 460 4920 xxxxx
483 4859 758 4930 ἀλλήλοισι
777 4859 1172 4937 conjecerunt.

129 4953 230 5007 36.
261 4950 438 5006 Alius
463 4947 682 5026 Βορήιον
719 4948 900 5026 ἄνδρες
929 4948 1248 5022 elegantius
1274 4946 1621 5026 scripsisset.

73 5037 238 5096 Etiam
291 5037 490 5094 bacin
514 5035 649 5093 sede
689 5036 932 5113 spondei
977 5035 1270 5092 evitantur
1300 5035 1623 5112 positione,

73 5148 178 5202 1¹¹ae
205 5127 398 5184 unius
424 5123 695 5183 vocabuli
724 5125 883 5182 exitu
912 5125 1264 5198 alteriusque
1294 5123 1466 5182 initio
1487 5147 1624 5183 con-

73 5217 298 5286 inetur,
335 5213 544 5272 effecti.

1711 796 1935 873 μέσατός
1976 820 2033 856 τε
2076 797 2211 869 ed.;
2258 798 2494 877 τροπικοὶ
2531 812 2590 858 et
2615 799 2705 857 καὶ
2736 800 2870 877 μετὰ
2905 804 3051 861 τόνδε
3080 810 3271 875 τροπαὶ

1709 886 1839 945 aliae
1862 900 2000 945 sunt
2027 885 2373 963 conjecturae
2404 887 2579 947 Axtii.
2609 886 2679 945 ln
2713 887 2985 947 omnibus
3012 889 3273 950 brevitas

1711 988 1976 1052 suspecta
1998 988 2115 1047 est,
2142 975 2207 1033 in
2230 974 2502 1052 pluribus
2524 974 2747 1053 τροπαί,
2774 975 2874 1035 hic
2903 978 3137 1055 quidem
3162 1000 3274 1058 pro

1708 1060 1953 1142 τροπικὸς
1986 1060 2174 1127 κύκλος
2219 1060 2457 1121 dictum.
2505 1061 2705 1140 ltaque
2732 1063 2879 1122 duce
2918 1061 3138 1125 oo‘dicis
3186 1068 3273 1125 le-

1711 1149 1903 1209 ctione
1926 1150 2151 1209 lacunae
2173 1151 2340 1226 signa
2361 1152 2554 1229 posui.
2588 1150 2777 1209 Facile
2804 1152 2915 1211 hoc
2944 1154 3119 1212 modo
3151 1175 3270 1214 rem

1709 1239 2025 1317 explanare
2045 1252 2273 1318 poterat
2303 1239 2511 1297 ceteris
2534 1240 2985 1299 convenienter:

1771 1391 1851 1440 τὸν
1866 1391 1919 1441 δὲ
1941 1392 2059 1455 μέτα
2073 1392 2290 1454 τροπικὸς
2310 1392 2459 1453 θέρεος
2474 1392 2790 1455 πυριλαμπέος
2809 1392 2931 1455 ὥρης

1771 1469 1975 1531 γίνεται,
1997 1468 2204 1533 [ἑξείης
2222 1469 2308 1527 δέ,
2332 1468 2401 1518 δι’
2426 1468 2490 1518 οὗ
2518 1469 2739 1517 κύκλου
2759 1470 2991 1533 αἰθέρος
3010 1470 3208 1535 οἶμοι]

1770 1550 1995 1599 τείνονται
2015 1548 2237 1612 μεσάτοιο
2248 1584 2262 1609 ,
2281 1546 2341 1597 δι’
2357 1546 2413 1597 οὗ
2433 1548 2539 1597 θοὸν
2563 1548 2692 1613 ἅρμα
2713 1548 2929 1598 τιταίνων
2949 1578 3009 1590 -

1795 1697 1887 1757 4ο.
1908 1686 2177 1767 χειμερίης
2201 1710 2259 1745 τε
2287 1686 2393 1745 GH
2411 1730 2427 1756 ‚
2454 1690 2753 1767 χειμερινῆς
2774 1710 2829 1746 τε
2856 1692 3019 1767 ροπῆς
3052 1689 3085 1747 J
3104 1734 3121 1762 ‚
3161 1713 3273 1769 χει·

1714 1775 1895 1855 μερίης
1940 1798 2002 1852 γε
2046 1774 2166 1847 ed.,
2199 1788 2265 1833 ut
2316 1775 2508 1833 solent
2545 1776 2798 1835 editores
2838 1776 2951 1833 ista
2990 1780 3277 1854 particula

1712 1864 1907 1936 abuti3
1942 1861 2113 1941 pejus
2154 1862 2327 1921 etiam
2344 1906 2363 1935 ,
2411 1862 2635 1921 scilicet
2674 1865 3030 1941 correptioni
3073 1868 3279 1925 Atticae

1712 1953 1934 2024 infesti,
1959 1951 2126 2031 praef.
2149 1971 2211 2030 p.
2232 1971 2387 2011 xvm
2412 1950 2652 2031 χειμερίη
2673 1950 2865 2010 κύκλου
2886 1952 3053 2031 τροπὴ
3075 1955 3278 2032 conje-

1713 2054 1934 2101 cerunt.
1964 2041 2285 2119 Scripserat
2312 2040 2625 2119 χειμερίοιο,
2662 2038 2945 2099 liberiore
2972 2044 3277 2102 masculini

1715 2150 1856 2202 usu,
1888 2130 1961 2189 de
1990 2149 2107 2206 quo
2138 2128 2213 2189 cf.
2251 2130 2325 2201 76
2352 2128 2587 2207 αύχένιον
2616 2126 2829 2207 χαίτην.

1796 2220 1895 2287 46.
1924 2207 2028 2293 οἷον
2054 2216 2194 2277 GH.
2226 2206 2346 2275 αἶαν
2366 2216 2458 2276 ed.
2490 2236 2521 2273 e
2546 2214 2702 2293 conj.
2730 2216 2782 2273 D
2822 2216 2961 2285 645.
2984 2216 3098 2275 Sed
3122 2217 3275 2298 Ὁρί-

1715 2308 1814 2373 ζων
1843 2305 1902 2365 h.
1933 2305 1972 2365 l.
2004 2325 2113 2382 pro
2148 2305 2387 2363 nomine
2410 2303 2655 2381 proprio
2683 2317 2770 2361 est
2798 2323 2905 2363 nec
2928 2320 3119 2384 potest
3143 2328 3275 2367 cum

1714 2393 2044 2451 accusativo
2070 2391 2366 2468 construi,
2387 2404 2447 2448 et
2467 2390 2617 2450 illud
2638 2380 2758 2447 αἶαν
2790 2392 2967 2449 nimis
2988 2394 3144 2451 nude
3172 2415 3276 2473 po·

1715 2482 1891 2541 situm
1918 2500 2046 2539 esse
2070 2481 2166 2539 vel
2188 2500 2248 2538 v.
2282 2501 2303 2535 ι
2320 2500 2387 2535 12
2404 2522 2423 2551 ,
2456 2498 2629 2556 quem
2649 2480 2701 2537 D
2723 2478 2999 2551 adduxit,
3026 2480 3278 2559 probare

1713 2582 1959 2649 poterat.
1982 2569 2113 2628 Alia
2130 2580 2219 2626 est
2239 2569 2286 2625 A
2312 2566 2651 2645 conjectura
2671 2566 2833 2644 ἔστιν,
2856 2570 3037 2626 verbo
3061 2571 3271 2628 otioso·

1715 2658 1839 2734 Ego
1867 2673 1926 2717 et
1958 2658 2069 2717 αἰὲν
2094 2670 2153 2717 et
2188 2654 2362 2731 οὔνομ’
2406 2676 2479 2713 ex
2506 2676 2565 2712 v.
2601 2658 2673 2734 36
2703 2655 2976 2727 ἐπίκλησιν
3004 2658 3278 2717 καλέουσιν

1715 2747 1975 2826 conjeci,
2002 2745 2156 2805 haud
2180 2744 2378 2824 paullo
2394 2744 2616 2801 melius.
2639 2743 2875 2803 Praetuli
2892 2789 2909 2819 ‚
2932 2765 3049 2822 quo
3068 2766 3278 2807 nomen

1715 2851 1909 2916 aptum
1934 2855 2059 2895 esse
2080 2835 2400 2905 indicatur,
2426 2832 2598 2911 ὀρθόν,
2620 2831 2778 2908 quod
2802 2832 3059 2891 imitator
3078 2834 3178 2910 lv,
3210 2858 3277 2893 ιο

1717 2929 1962 2984 fortasse
1987 2924 2243 3003 respexit
2270 2921 2398 3002 ὀρθὰ
2425 2918 2883 3001 τεκμαιρομένοισι
2902 2921 3233 2984 scribendo.

1801 3013 1899 3087 57.
1943 3003 2014 3072 ὧν
2040 3035 2139 3092 περ
2167 3010 2304 3070 edd.
2323 3052 2340 3081 ,
2372 3009 2475 3086 qui
2508 3009 2799 3085 genitivus
2826 3009 3013 3068 nudus
3038 3010 3113 3068 ab
3149 3011 3283 3091 Epi·

1721 3122 1925 3161 corum
1957 3099 2375 3160 consuetudine
2403 3097 2645 3156 alienus.
2670 3097 2740 3156 Ei
2762 3098 3055 3156 consuluit
3082 3100 3134 3157 D
3162 3103 3277 3169 646

1717 3190 1983 3249 scribens
2014 3179 2085 3246 ὧν
2110 3185 2265 3268 πέρι,
2292 3186 2391 3244 sed
2416 3199 2539 3244 tum
2568 3196 3033 3262 exspectaremus
3050 3229 3066 3257 ,
3093 3187 3165 3245 de
3188 3188 3281 3246 his

1715 3292 1929 3356 septem
1958 3275 2194 3336 circulis
2220 3287 2496 3332 eteorum
2520 3273 2807 3350 positione
2832 3271 3015 3331 fusius
3027 3273 3149 3351 jam
3174 3295 3283 3333 ex-

1717 3367 1995 3445 plicatum
2015 3383 2167 3436 esse,
2205 3382 2335 3440 quae
2363 3361 2627 3420 doctrina
2651 3361 2897 3419 demum·
2917 3382 2975 3420 v.
3025 3365 3099 3430 64
3142 3383 3275 3442 sqq.

1717 3456 2056 3534 exponitur,
2097 3455 2179 3511 ita
2204 3465 2271 3509 ut
2311 3447 2409 3508 hic
2452 3461 2673 3508 tantum
2706 3448 2948 3508 addatur
2975 3469 3071 3508 cos
3094 3453 3279 3510 oculis

1716 3546 1879 3604 cerni
1902 3565 2020 3603 non
2036 3561 2227 3621 posse.
2259 3539 2461 3616 Itaque
2482 3539 2693 3616 scripsi
2722 3538 2926 3618 ὥσπερ,
2954 3540 3092 3616 quia
3121 3541 3274 3598 idem

1718 3635 1940 3691 scilicet
1983 3629 2225 3690 difficile
2273 3628 2529 3686 tironum
2582 3627 2879 3686 memoriae
2940 3629 3151 3705 saepius
3216 3631 3277 3688 in

1717 3718 2189 3780 antecedentibus
2219 3721 2237 3795 (
2264 3719 2362 3787 32,
2395 3715 2491 3789 33,
2520 3715 2595 3773 50
2619 3717 2636 3786 l
2662 3715 2997 3774 inculcavit.

1801 3829 1896 3882 70.
1925 3809 1971 3866 δ’
1992 3807 2095 3866 ὑπὸ
2112 3805 2268 3877 edd„
2298 3807 2345 3861 θ’
2371 3802 2473 3862 ὕπο
2498 3823 2625 3863 nos.

1802 3905 1899 3968 74.
1924 3895 2177 3972 ὀγδοάτης
2201 3892 2384 3972 μοίρης
2408 3891 2485 3948 ἐνὶ
2504 3891 2633 3963 GH,
2657 3890 2881 3970 ὀγδοάτῃ
2907 3889 3062 3971 μοίρῃ
3092 3891 3166 3950 ἔνι
3184 3893 3279 3956 ed.

1717 3984 1959 4042 Praetuli
1994 3984 2229 4041 alteram
2270 3980 2317 4036 A
2362 3978 2755 4055 conjecturam
2805 3979 3057 4056 ὀγδοάτης
3096 3982 3279 4060 μοίρης

1717 4071 1822 4144 ἔπι,
1846 4088 2195 4148 quamquam
2218 4088 2337 4126 non
2355 4067 2544 4126 hiatus
2572 4085 2763 4128 causa.

1803 4179 1894 4233 79.
1913 4155 2099 4236 Χειρός
2108 4155 2201 4214 ed.
2216 4155 2383 4214 litera
2396 4154 2735 4232 majuscula,
2750 4167 2969 4212 retento
2980 4155 3113 4213 exG
3129 4176 3279 4214 com-

1719 4259 1869 4302 mate
1892 4258 2023 4323 post
2040 4243 2261 4324 βορείου,
2289 4243 2456 4319 quasi
2481 4241 2643 4301 sidus
2670 4242 2961 4319 quoddam
2984 4245 3279 4318 singulare

1718 4334 2161 4408 intelligeretur.
2195 4331 2277 4388 Eo
2314 4344 2679 4388 transversus
2704 4343 2863 4388 actus
2890 4351 2963 4388 ex
2985 4331 3185 4392 Manil.
3220 4333 3277 4409 Ι,

1721 4423 1829 4497 59ι
1877 4420 1993 4497 (al.
2023 4421 2173 4496 608)
2213 4418 2285 4477 de
2324 4417 2524 4476 eodem
2560 4418 2783 4476 circulo
2810 4418 3278 4478 scribente-:ex-

1715 4525 2057 4584 tremamque
2096 4527 2293 4568 secans
2317 4509 2570 4580 Hydram
2607 4509 2954 4582 medinmque
2976 4507 3079 4563 sub
3101 4517 3279 4564 armis

1719 4601 2074 4664 Centaurum,
2106 4595 2471 4673 repositurus
2492 4613 2648 4652 eram
2665 4595 2846 4672 Φηράς
2865 4593 2913 4652 τ’
2944 4595 3155 4671 ἀγκῶνα
3182 4595 3278 4672 βό-

1716 4707 1871 4765 ρειον.
1904 4683 2012 4742 Sed
2042 4681 2341 4741 commode
2372 4680 2677 4739 admonuit
2703 4684 2861 4738 Arat.
2888 4683 2997 4748 484
3030 4701 3119 4758 sq.
3154 4679 3278 4739 Ἀν-

1716 4772 1971 4851 δρομέδης
1996 4771 2049 4829 δὲ
2078 4769 2246 4848 μέσην
2278 4772 2509 4846 ἀγκῶνος
2536 4768 2753 4847 ὕπερθεν
2772 4766 3045 4845 Δεξιτερὴν
3067 4767 3244 4846 ἐπέχει
3261 4817 3277 4841 ,

1715 4878 1923 4918 versus
1939 4860 2157 4916 exitum
2178 4876 2305 4914 cum
2319 4857 2613 4930 sequentis
2630 4854 2799 4912 initio
2820 4856 3273 4914 connectendum

1715 4968 1856 5008 esse.
1887 4949 2158 5004 Dextram
2185 4945 2342 5002 enim
2363 4958 2582 5022 partem
2606 4943 2679 5002 ab
2704 4944 3050 5002 astronomis
3070 4941 3273 5002 borea-

1713 5037 1850 5108 lem,
1882 5035 2173 5093 sinistram
2191 5033 2497 5092 australem
2526 5031 2645 5090 dici
2668 5043 2911 5089 constat.

1795 5127 1892 5183 80.
1918 5123 2189 5193 Comma,
2229 5120 2386 5200 quod
2416 5140 2524 5179 nos
2552 5134 2681 5199 post
2712 5116 3049 5198 Ἀνδρομέδης
3078 5122 3273 5197 posui·

1714 5232 1865 5282 mus,
1890 5211 1950 5268 in
1969 5210 2101 5268 edd.
2131 5223 2261 5288 post
2288 5207 2441 5288 χερός
2466 5223 2609 5268 erat.
2641 5208 2753 5265 Sed
2777 5207 2898 5266 vid.
2933 5211 3087 5266 Arat.
3114 5211 3225 5276 483
3254 5230 3267 5264 :
