3767 5825
797 360 1134 420 sEvaLll
1174 360 1669 419 DAMOCRA‘HS
1712 360 1896 432 QUAE
1941 357 2403 419 SUPERSUNT.

122 494 321 561 Μέλιτος
342 494 399 551 τὸ
426 492 649 571 μέτριον·
672 494 939 556 παντελῶς
960 490 1099 549 οἴνου
1129 490 1316 569 βραχύ·

55 602 99 639 ω
124 581 370 656 Βδέλλιον,
400 572 534 639 οἶνον
560 579 699 657 [καὶ]
719 579 951 658 σμύρναν
976 581 1047 645 εἰς
1066 578 1281 637 θυείδιον

124 670 375 739 Βαλόντες,
400 661 459 727 εὖ
484 668 769 748 τρίδουσιν,
796 670 867 731 ὣς
892 666 1097 743 μέλιτος
1119 668 1289 745 πάχος

122 749 299 827 Ὕγροῦ
321 754 558 819 ποιῆσαι,
579 747 670 805 καὶ
692 747 1109 825 προσαποδόντες
1134 745 1280 821 μέλι,

119 838 219 907 Τὴν
246 838 469 917 σταφίδα
494 834 874 914 συντρίὸουσιν·
905 826 1017 892 εἶτα
1042 837 1157 893 λεῖα
1181 834 1235 893 δὲ

120 925 338 984 ‘itanum
362 922 771 1000 καταμίξαντες,
796 925 856 981 ἐκ
884 922 1069 981 τούτου
1098 922 1322 989 κύκλους

58 1036 99 1071 55
128 1015 336 1093 Βραχεῖς
360 1019 626 1078 ποιοῦντες
641 1056 657 1087 ,
680 1014 905 1089 θυμιῶσι
932 1012 1039 1077 τοῖς
1060 1014 1211 1075 θεοῖς.

124 1101 322 1182 Ῥοῦφος
348 1100 441 1177 μὲν
464 1100 599 1159 οὕτω
624 1100 728 1157 δεῖν
756 1097 951 1179 ἔφασκε
980 1098 1237 1157 σκευάσαι
1252 1144 1267 1172 ,

126 1188 263 1267 Ἀνὴρ
283 1188 491 1267 ἄριστος
518 1186 718 1253 ἑκτικός
739 1187 785 1243 τ’
815 1188 867 1244 ἐν
890 1191 954 1263 τῇ
981 1186 1163 1265 τέχνῃ.

124 1274 279 1337 Ἔνιοι
302 1277 357 1335 δὲ
382 1274 719 1352 κιννάμωμον
744 1275 803 1332 οὗ
832 1274 1045 1353 σχόντες
1070 1275 1271 1353 βαλεῖν,

126 1368 171 1423 Μ
180 1366 371 1441 ίσγουσι
394 1362 555 1421 ταύτὸ
576 1360 936 1440 καρδαμώμου
966 1360 1287 1439 σπέρματος·

66 1472 109 1509 εὑ
132 1454 367 1530 Χρῶνται
395 1453 439 1508 δ’
469 1450 659 1526 ὁμοίως
680 1454 746 1528 τῇ
776 1450 878 1528 πρὸ
902 1448 1097 1519 ταύτης
1120 1449 1369 1508 συνθέσει·

124 1538 259 1604 Τινὲς
286 1538 339 1596 δὲ
364 1536 579 1604 καὶτοῖς
599 1528 747 1616 ἧπαρ
772 1536 807 1606 ἢ
831 1534 919 1594 τὸν
945 1534 1231 1609 πνεύμονα,

125 1624 195 1685 Ἢ
214 1625 298 1684 καί
321 1626 373 1683 τί
396 1629 445 1703 γ’
471 1624 643 1705 ἕτερον
670 1625 973 1702 σπλάγχνον
996 1622 1371 1699 ἐξηλκωμένοις

126 1713 289 1773 Πίνειν
316 1716 545 1773 διδόασιν
571 1716 641 1779 ὥς
668 1712 913 1792 δραχμὴν
934 1716 1025 1771 τοῦ
1051 1712 1352 1792 φαρμάκου.

126 1886 273 1959 Ἄλλη
292 1887 491 1967 σφόδρα
513 1888 651 1958 καλὴ
675 1886 805 1966 πρὸς
826 1886 1091 1965 φθισικοὺς
1114 1888 1569 1967 κεχρονισμένους,

62 2000 105 2034 ‹tr›
124 1976 246 2043 Τούς
267 1976 311 2034 θ’
337 1966 455 2050 αἷμ’
480 1975 795 2052 ἀνάγοντας,
814 1975 905 2032 καὶ
928 1976 1280 2055 πυρέσσοντας
1305 1976 1491 2053 λάθρα,

132 2065 225 2124 Καὶ
242 2063 357 2131 τοὺς
382 2063 597 2141 ἔχοντας
624 2062 759 2141 [τὸν]
786 2062 996 2141 θώρακα
1027 2066 1239 2135 ἀσθενῆ,

134 2151 232 2212 Καὶ
252 2152 379 2231 πρὸς
403 2149 789 2230 στομαχικοὺς,
816 2150 1119 2225 ἡπατικοὺς,
1146 2151 1465 2232 νεφριτικοὺς
1480 2198 1495 2224 ,

134 2240 229 2299 Καὶ
249 2239 375 2319 πρὸς
404 2239 439 2297 ἃ
460 2248 709 2319 προεῖπον
731 2238 935 2312 πάντα,
957 2239 1061 2305 τοῖς
1085 2240 1481 2319 τρυφερωτέροις

132 2330 335 2388 Μᾶλλον
360 2327 655 2408 προσηνὴς,
682 2326 798 2385 ἀλλ’
826 2328 1043 2387 ἔλαττον
1068 2328 1337 2408 δραστική.

66 2436 109 2475 70
130 2416 301 2494 Ταύτῃ
320 2416 531 2494 λέγουσι
558 2415 646 2473 τὸν
673 2414 945 2474 Σεὸαστὸν
974 2415 1139 2486 ἡδέως

130 2505 463 2586 Χρησάμενον
494 2508 615 2581 ὑγιᾶ
635 2501 900 2581 γεγονέναι
926 2506 977 2561 ἐν
1006 2508 1197 2583 βραχεῖ
1213 2504 1417 2585 χρόνῳ,

134 2592 370 2671 Πλευροῖς
394 2616 451 2650 τε
475 2592 567 2649 καὶ
593 2589 790 2671 θώρακι
812 2592 1323 2671 δυσχρηστούμενον.

130 2679 274 2761 Ἔχει
298 2680 353 2763 δὲ.
381 2679 599 2762 ψυλλίου
621 2703 679 2738 τε
705 2679 795 2737 καὶ
824 2678 1013 2746 κασίας
1041 2680 1244 2759 κιῤῥᾶς,

134 2768 529 2848 Ναρδοστάχυός
550 2792 609 2827 τε
632 2768 723 2827 καὶ
742 2774 977 2847 καθαρᾶς
998 2772 1089 2838 τῆς
1122 2769 1398 2840 Κελτικῆς,

70 2876 111 2916 75
136 2857 232 2916 Καὶ
260 2857 602 2934 κινναμώμου
620 2901 637 2934 ,
665 2855 757 2915 καὶ
785 2855 975 2935 κρόκου
998 2860 1088 2914 τοῦ
1118 2858 1419 2936 προσφάτου

136 2945 244 3004 Ἀνὰ
264 2945 467 3004 δώδεκα
492 2944 735 3026 δραχμὰς
752 2991 768 3017 ,
792 2945 881 3002 καὶ
913 2943 1294 3022 ὀποὸαλσάμου
1317 2947 1461 3005 δέκα·

141 3036 371 3105 Στακτῆς
394 3033 674 3111 Ἆραὸικῆς
699 3032 1006 3112 παχυτάτης
1027 3033 1322 3092 ἑκκαίδεκα·

138 3123 345 3200 Σχοίνου
371 3145 427 3180 τε
448 3123 670 3194 λεπτῆς,
696 3121 937 3196 Λημνίας
957 3145 1015 3178 τε
1035 3125 1127 3192 τῆς
1149 3125 1315 3193 καλῆς
1329 3169 1343 3195 ,

136 3209 228 3268 Ῥᾶ
250 3213 507 3270 Ποντικοῦ
523 3235 579 3268 τε
594 3254 613 3286 ,
638 3209 875 3288 πηγάνου
902 3233 959 3267 τε
982 3209 1307 3289 σπέρματος·

74 3313 117 3351 :0
139 3297 207 3356 Τὸ
235 3299 277 3355 δ’
302 3297 483 3376 ἄγριόν
504 3300 617 3356 ἐστι
638 3299 873 3375 πήγανον
897 3306 1127 3378 κρεῖττον
1155 3301 1307 3356 πολύ·
1414 3327 1425 3336 ·

146 3387 313 3443 Καλοῦ
344 3389 392 3443 τ’
418 3385 665 3462 ἀμώμου,
688 3385 778 3444 καὶ
798 3384 961 3467 ῥόδων
986 3383 1153 3465 ξηρῶν
1185 3386 1320 3463 ἴσον,

140 3479 333 3532 Αευκοῧ
360 3473 659 3552 πεπέρεως,
698 3473 965 3553 βουνιάδος
991 3479 1081 3533 τοῦ
1112 3475 1425 3556 σπέρματος·

141 3561 309 3620 Ἔστω
333 3561 389 3619 δὲ
422 3561 607 3640 ἀγρίας
626 3567 807 3634 τοῦτο,
832 3561 923 3620 καὶ
949 3560 1024 3639 μὴ
1047 3566 1141 3634 τῆς
1162 3562 1381 3642 ἡμέρου·

140 3649 343 3708 Τούτων
370 3647 469 3706 ἀνὰ
495 3648 737 3730 δραχμὰς
760 3647 1042 3728 τέσσαρας·
1066 3648 1281 3708 λιὸάνου
1299 3673 1364 3721 σε
1388 3651 1548 3728 τρεῖς·

76 3757 119 3794 ar>
140 3737 271 3796 Ἴσον
298 3760 357 3796 τε
381 3735 599 3796 λιὸάνου
623 3735 937 3816 προσὸαλεῖς
963 3739 1024 3796 τὸ
1049 3738 1310 3816 Κρητικὸν
1396 3751 1401 3756 “

143 3825 429 3902 Δίκταμνον
452 3827 645 3891 ἱκανῶς
669 3823 842 3904 ξηρὸν,
870 3823 1007 3884 ἀλλὰ
1028 3825 1345 3904 πρόσφατον·

143 3912 311 3970 'rufini
336 3935 391 3970 τε
422 3911 639 3988 κυμίνου
668 3911 947 3984 Θηὸαἵκοῢ
977 3917 1069 3970 τοῦ
1090 3914 1413 3993 σπέρματος.

145 3999 223 4058 Τὰ
251 3999 347 4076 μὲν
372 3999 508 4057 ἄλλα
532 3999 697 4080 κόψας
724 4003 849 4068 οῆθε
867 4001 1045 4080 λεπτῷ
1070 3999 1311 4080 κοσκίνῳ·

144 4087 215 4146 Τὸ
242 4086 457 4166 ψύλλιον
478 4085 535 4145 δὲ
560 4087 717 4163 μόνον
741 4090 811 4153 εἰς
836 4085 999 4164 ὅλμον
1028 4087 1275 4162 ἐμὸαλὼν

80 4197 123 4232 so
150 4174 315 4257 Κόψον
338 4175 473 4235 πολὺ
498 4174 661 4235 πλέον
676 4223 691 4248 ,
722 4173 811 4234 ἵνα
838 4174 1007 4253 λάθῃς
1035 4175 1153 4234 ὅσον
1174 4177 1350 4256 θέλῃς·

146 4263 307 4324 Ἅπαν
334 4263 439 4344 γὰρ
461 4263 589 4322 αὐτὸ
610 4263 801 4322 λεπτὸν
824 4264 992 4322 ποιεῖν
1021 4263 1290 4326 ἀδύνατον.

151 4352 373 4421 Σκεύαζε
398 4353 442 4410 δ’
468 4351 604 4411 οὔτω
625 4375 639 4389 ·
664 4349 759 4422 τὴν
782 4350 949 4422 καλὴν
975 4353 1203 4424 στακτὴν
1233 4354 1406 4432 βαλὼν

154 4443 236 4507 Εἷς
255 4439 580 4519 πλατυτέραν
604 4440 797 4514 θυείαν,
817 4439 954 4499 οἴνου
978 4441 1263 4521 παραχέων

154 4533 381 4609 Λιπαροῦ
411 4529 708 4607 Φαλερίνου
730 4529 792 4587 τὸ
821 4527 1051 4608 μέτριον,
1078 4527 1253 4589 λέαινέ
1276 4557 1331 4590 τε

80 4635 124 4672 95
150 4615 263 4676 Ἐπ’
285 4616 456 4694 ὀλίγον
485 4614 621 4674 αὐτὰ
636 4661 653 4688 ,
686 4615 775 4674 καὶ
804 4617 1175 4692 ὄποὸάλσαμον
1202 4619 1318 4678 τότε

152 4705 347 4782 Μιγνύς
364 4730 377 4742 ·
401 4704 603 4783 δίυγρον
632 4709 787 4764 τοῦτο
810 4707 855 4764 δ’
881 4705 991 4764 ἐστὶ
1017 4707 1294 4787 χρήσιμον·

154 4793 553 4872 Παρεμπάσσων
583 4817 641 4853 τε
665 4793 731 4851 τὰ
760 4793 891 4872 ξηρὰ
914 4793 1087 4852 πάντα
1112 4795 1350 4872 μίγματα
1366 4843 1381 4871 ,

150 4879 294 4960 Ἄφες
315 4881 369 4938 δὲ
398 4881 569 4958 ὀλίγον
595 4883 839 4958 συμπιεῖν
868 4881 929 4940 τὸ
957 4881 1251 4963 φάρμακον,

153 4969 227 5026 Τό
248 4992 303 5026 τε
334 4968 453 5046 μέλι
476 4968 654 5043 ζέσας,
674 4970 749 5036 δὶς
766 4969 801 5040 ἢ
824 4971 933 5050 τρὶς
956 4973 1127 5029 αὐτῶν
1147 4971 1406 5050 κατάχεαι
1424 5017 1437 5042 ,

72 5073 133 5110 ιυυ
156 5055 315 5114 Ἐνῶν
346 5080 401 5114 τε
424 5057 518 5127 τὴν
547 5059 809 5117 ἀντίδοτον
834 5057 1113 5130 ἅποθήσεις
1140 5059 1259 5117 τότε

162 5147 243 5210 Εἰς
266 5144 431 5212 πυξίδ’
458 5143 571 5203 οἵαν
596 5137 744 5205 εἶπον
766 5145 1054 5224 ἔμπροσθεν
1083 5145 1283 5225 βραχὺ,

160 5234 334 5297 mezob<
360 5233 547 5311 ὁμοίιος
564 5234 697 5300 κάπὶ
720 5237 825 5294 τῶν
848 5237 1018 5296 αὐτῶν
1048 5238 1245 5296 παθῶν.

1649 498 1802 546 Mollis
1822 498 2092 559 modicum,
2125 498 2222 545 vini
2244 497 2566 559 pauxillulum
2585 510 2798 557 quoquc.

1652 589 1790 635 Tunc
1809 587 2066 646 bdellium,
2088 586 2252 634 vinum
2267 622 2282 645 ,
2307 586 2550 647 myrrham
2575 586 2622 632 in
2647 587 2928 633 mortarium

1651 676 1944 735 Demittunt,
1970 666 2213 735 lae‘vigant,
2237 674 2356 721 dum
2374 674 2728 735 spissitudinem

1651 763 1803 812 Mellis
1824 762 1988 825 liquidi
2013 762 2274 824 accipiant,
2293 762 2436 810 melle
2454 760 2760 821 superaddito
2774 798 2789 821 ,

1652 853 1809 898 Uvam
1829 850 2196 910 comminuunt3
2221 848 2392 898 deinde
2413 850 2538 897 sacta
2563 850 2704 897 laevia

1654 935 1795 993 Hinc,
1822 936 1879 984 ut
1907 935 2026 984 fiant
2048 935 2244 997 pastilli,
2264 938 2466 984 miscent
2485 936 2666 995 omnia,

1653 1022 1747 1071 Sed
1774 1023 1940 1085 parvi,
1963 1024 2110 1084 atque
2131 1022 2242 1071 inde
2263 1022 2356 1071 diis
2382 1026 2530 1071 urunt
2545 1024 2808 1071 suffimina.

1654 1112 1807 1169 Rufus
1826 1112 1902 1159 vir
1923 1112 2137 1173 optimus
2154 1111 2276 1161 etin
2297 1114 2402 1161 arte
2423 1111 2662 1160 exercitus

1656 1200 1745 1247 Illo
1768 1199 2036 1261 parandum
2057 1212 2172 1247 sane
2193 1198 2405 1259 prodidit
2428 1198 2590 1249 modo.

1656 1286 1860 1344 Quidam
1883 1289 2102 1336 carentes
2122 1287 2429 1336 cinnamomo
2448 1287 2552 1348 ejus
2569 1288 2676 1336 loco

1659 1375 1788 1424 ldem
1808 1375 1982 1424 indunt
2006 1376 2192 1437 pondus
2217 1375 2514 1425 cardamomi
2527 1375 2726 1423 seminis
2739 1412 2752 1435 ,

1660 1464 1972 1524 Utunturque
1991 1466 2046 1511 ut
2073 1463 2220 1523 priori
2240 1464 2440 1512 mistura
2457 1463 2669 1525 quidem.

1659 1553 1722 1599 At
1739 1550 1961 1599 ulceratis
1979 1554 2140 1610 jecore
2160 1551 2232 1599 vel
2257 1552 2570 1613 pulmonibus

1660 1641 1757 1687 Aut
1774 1639 1956 1687 viscere
1977 1638 2073 1687 alio
2091 1640 2310 1688 nonnulli
2339 1639 2455 1688 dant
2478 1639 2612 1701 potui

1660 1728 1735 1773 Ex
1753 1726 1972 1775 antidoto
1990 1730 2226 1788 qnantum
2245 1726 2422 1789 pendet
2445 1727 2689 1789 denarius.
2763 1752 2767 1756 ·

1662 1913 1793 1960 Bona
1821 1910 2112 1972 admodum;
2143 1914 2310 1961 contra
2326 1911 2604 1961 diuturnam
2628 1914 2790 1963 tabem

1664 2008 1723 2053 Et
1742 2004 2022 2066 sanguinem
2041 2004 2302 2053 educentes
2325 2007 2378 2053 et
2400 2018 2530 2054 caeca
2550 2006 2670 2056 febri

1666 2102 1855 2147 pressos
1872 2102 1922 2147 et
1939 2098 2180 2147 imbecillo
2199 2098 2401 2148 amictos
2425 2102 2620 2161 pectore
2633 2137 2648 2161 ,

1664 2196 1725 2243 Et
1743 2206 1866 2254 quos
1880 2193 2187 2254 stomacbuS,
2204 2194 2357 2254 jecur,
2379 2206 2516 2243 renes
2538 2194 2717 2245 habent
2739 2196 2866 2245 male
2879 2233 2893 2257 ,

1666 2290 1727 2335 Et
1748 2287 1974 2336 omnibus
1990 2301 2100 2349 quae
2124 2289 2286 2337 rettuli
2303 2290 2436 2351 prius
2461 2292 2613 2352 valet,

1670 2382 2032 2432 Delicatioribus
2049 2384 2198 2445 magis
2215 2383 2450 2435 blandum
2461 2422 2477 2447 ,
2509 2385 2680 2436 efficax

1668 2480 1728 2525 At
1752 2489 1850 2526 non
1876 2490 2040 2539 aeque;
2067 2479 2158 2527 hac
2176 2479 2380 2529 libenter
2398 2482 2668 2543 Augustum
2690 2482 2855 2533 serunt

1668 2575 1819 2623 Usum
1846 2573 1980 2623 brevi
2004 2576 2312 2625 consanuisse
2329 2577 2570 2639 tempore,

1670 2666 1968 2729 Amigeretur
1987 2682 2136 2730 quum
2161 2670 2390 2721 lateribus
2407 2673 2554 2734 atque
2575 2676 2784 2735 pectore.

1672 2764 1787 2811 Haec
1804 2762 2002 2825 suscipit
2020 2763 2236 2813 rubentis
2253 2766 2396 2815 casiae
2410 2801 2425 2826 ‚
2450 2767 2634 2829 psyllii,

1672 2853 1815 2903 Nardi
1832 2854 1978 2918 spicoe
1989 2890 2004 2916 ,
2029 2858 2246 2918 purgatae
2266 2856 2402 2905 nardi
2425 2858 2624 2909 celticae
2637 2896 2652 2922 ,

1676 2951 1733 2998 Et
1750 2950 2010 3000 cinamomi
2026 2987 2040 3011 ,
2062 2952 2268 3002 recentis
2289 2953 2484 3016 insuper
2501 2956 2632 3004 croci

1676 3043 1937 3092 Draclimas
1960 3042 2244 3103 duodecim,
2267 3043 2562 3106 opobalsami
2583 3045 2777 3110 decem,

1677 3140 1721 3185 Μ
1727 3137 1883 3199 yrrhae
1911 3136 2126 3185 Arabicae
2149 3140 2318 3188 stactae
2335 3139 2474 3202 longe
2497 3142 2802 3192 crassissimae

1677 3230 1756 3280 Bis
1782 3232 1894 3279 octo
1909 3246 1925 3291 ;
1943 3231 2078 3291 iunci
2101 3232 2414 3294 comminuti,
2434 3235 2484 3281 et
2509 3235 2720 3284 Lemniae

1676 3329 1837 3374 Terrae
1858 3326 2028 3387 bonoe,
2049 3327 2168 3376 rheu
2194 3328 2431 3389 Ponticoe,
2450 3331 2596 3390 atque
2617 3332 2814 3381 seminis
2852 3355 2868 3365 ·

1679 3423 1819 3470 Rutae
1831 3455 1847 3480 ,
1866 3434 2016 3483 quam
2035 3422 2186 3471 satius
2213 3423 2368 3472 multo
2387 3425 2458 3472 est
2479 3418 2761 3486 sylvestrem
2785 3428 2947 3478 indere
2959 3468 2973 3488 ‚

1682 3515 1917 3580 probique
1932 3518 2136 3578 amomi,
2162 3519 2354 3567 siccatae
2373 3521 2566 3568 tantum
2585 3533 2734 3584 εοεαε,

1682 3614 1740 3660 Et
1758 3610 1950 3660 candidi
1976 3611 2178 3674 piperis,
2204 3615 2253 3663 et
2275 3615 2386 3676 napi
2409 3615 2632 3676 seminis,
2927 3681 2934 3688 .

1682 3707 1699 3766 (
1721 3706 1823 3754 Hoc
1844 3707 2010 3755 autem
2032 3708 2124 3757 erit
2140 3709 2405 3770 sylvestris,
2435 3723 2532 3759 non
2559 3699 2848 3776 domestici)

1682 3801 1867 3849 Horum
1889 3802 2108 3850 omnium
2123 3802 2348 3852 adsumas
2368 3807 2578 3865 quatuor
2599 3805 2846 3866 denarioS,

1681 3895 1950 3957 Thur-isque
1969 3899 2158 3958 ternos,
2184 3897 2412 3947 dictamni
2433 3902 2529 3948 troe
2548 3901 2721 3949 Cretici
2735 3937 2749 3962 ,

1681 3989 1803 4040 Sicci
1820 3989 1902 4038 sed
1928 3989 2216 4052 admodum,
2243 3993 2446 4040 recentis
2467 3994 2688 4054 seminis,

1683 4086 1871 4136 cumini
1895 4087 2085 4135 tantum
2104 4087 2358 4150 Thebaici;
2380 4091 2520 4138 tunsa
2541 4089 2726 4153 reliqua

1686 4185 1882 4231 lucerne
1903 4180 2069 4230 subtili
2091 4181 2276 4242 cribro,
2301 4183 2383 4231 sed
2407 4183 2631 4245 psyllium

1688 4277 1800 4326 Pilae
1822 4276 1981 4326 solum
2005 4276 2142 4326 indas
2163 4279 2212 4327 et
2233 4279 2389 4328 multo
2407 4280 2514 4341 plus
2535 4281 2727 4330 tundito

1688 4375 1753 4421 Ut
1774 4372 2012 4434 quantum
2031 4372 2102 4420 vis
2119 4385 2311 4433 sumas3
2341 4387 2454 4422 nam
2477 4376 2739 4425 comminui
2769 4378 3009 4440 integi-utu

1688 4461 1962 4521 Numquam
1983 4461 2158 4521 potest.
2185 4465 2244 4510 At
2265 4463 2354 4509 liae
2375 4462 2558 4512 ratione
2574 4477 2792 4527 proepara
2817 4486 2826 4514 :

1687 4550 1881 4597 stacten
1901 4547 2075 4596 bonam
2097 4549 2318 4610 ampliori
2343 4549 2478 4600 indes
2495 4553 2729 4601 mortario
2741 4589 2756 4612 ,

1688 4635 1799 4684 Vini
1822 4637 2010 4685 Falerni
2029 4635 2216 4698 pinguis
2241 4637 2444 4686 inludens
2465 4637 2666 4700 desuper

1693 4727 1867 4772 Parum
1880 4761 1896 4784 ,
1915 4727 2062 4786 atque
2081 4724 2268 4774 modice
2293 4725 2537 4788 laevigato3
2559 4727 2865 4790 opobalsamo

1692 4812 1843 4861 Mixto
1862 4813 1879 4874 (
1895 4813 2216 4880 perliquidum
2239 4813 2334 4862 boc
2351 4815 2660 4864 commodum
2679 4819 2814 4876 est),
2835 4822 3008 4868 mmcta
3027 4819 3158 4868 arida

1694 4903 1970 4962 inspergens
1982 4901 2256 4950 combibere
2280 4916 2449 4964 parum
2468 4903 2736 4953 antidotum
2755 4905 2910 4967 sinas3

1692 4989 1781 5038 Mel
1808 4989 2118 5037 fervefactum
2143 4989 2214 5037 bis
2236 4991 2370 5038 terve
2388 4992 2749 5054 superfundito3

1694 5084 1761 5125 Ac
1780 5077 1948 5125 uniens
1964 5077 2234 5126 antidotum
2259 5079 2411 5126 conde
2435 5079 2607 5141 pyxide
2620 5117 2634 5142 ,

1644 5170 1649 5185 ·
1694 5165 1896 5220 Qualem
1925 5167 2140 5227 superius
2157 5167 2304 5228 paulo
2324 5167 2408 5215 tibi
2439 5169 2682 5230 recensui3

1698 5255 1878 5302 Contra
1903 5253 2100 5304 affectos
2122 5256 2314 5306 eosdem
2331 5257 2499 5306 eodem
2527 5257 2611 5308 det
2629 5259 2788 5308 modo.

3096 366 3203 417 ¹23
