3767 5825
429 343 494 391 44
1276 318 1474 378 <mm
1517 315 1775 376 2‘1'1X01
1806 311 1988 374 ΠΕΡΙ
2029 309 2236 372 sz
2283 310 2721 372 ῙΔΙΟΤΗΤΟΣ.

884 527 895 536 ,
926 458 1113 518 ΠΕΡΙ
1156 454 1484 516 ΣΗΠῙΑΣ.

546 593 853 671 Πανοῦργος
878 586 990 649 ἐστὶ
1013 585 1108 659 τὴν
1139 582 1292 667 φύσιν
1320 588 1355 656 ἡ
1384 581 1579 654 σηπία,

542 684 647 740 τῶν
676 682 915 760 θηρατῶν
938 675 1240 735 κλέπτουσα
1267 671 1365 746 τὴν
1386 667 1701 749 κακουργίαν

412 792 509 829 ιεεε»
542 773 660 846 ἐμεῖ
686 768 787 850 γὰρ
810 766 1137 849 ἀπόσφαγμα
1158 770 1263 829 τοῖς
1284 759 1497 842 ῥείθροις
1522 756 1707 835 μέλαν,

543 857 635 917 καὶ
662 856 905 916 λανθάνει
930 854 1028 926 τὴν
1052 852 1172 934 ὄψιν
1200 851 1392 908 ἐνδῦσα
1410 845 1617 928 γνόφον,

438 951 495 1024 (a)
539 945 633 1005 καὶ·
652 945 897 1026 τέρπεται
921 947 1135 1023 θηρῶσα
1158 939 1254 1012 τὴν
1279 935 1559 1016 σωτηρίαν.

482 1055 489 1063 ·
542 1033 699 1094 Ἀλλὰ
721 1033 907 1094 σκόπει
934 1032 1008 1112 μὴ
1038 1035 1211 1101 ζῶσαν
1240 1030 1313 1094 εἰς
1342 1033 1526 1108 χεῖρας
1546 1022 1745 1090 λάθοις·

548 1125 705 1192 ἄλλος
728 1125 830 1205 γὰρ
854 1121 919 1182 ἂν
947 1120 1129 1205 φθάνοι
1151 1141 1230 1186 τις
1252 1119 1313 1176 ἐκ
1336 1114 1520 1196 πείρας
1544 1111 1753 1192 βλέπων

412 1235 512 1274 :⁴330
544 1213 756 1281 ὀδόντας
778 1213 906 1282 ὀξεῖς
932 1214 1001 1278 εἰς
1030 1209 1329 1289 ἀπόκρυφον
1360 1204 1565 1280 στόμα,

544 1300 635 1361 καὶ
656 1304 835 1381 δῆγμα
858 1299 1044 1382 πικρὸν
1067 1297 1121 1368 ἐξ
1153 1299 1232 1356 ἰοῦ
1257 1291 1608 1377 προηγμένον.

1034 1444 1301 1461 ffl—

611 1537 795 1598 ΠΕΡΙ
837 1529 1258 1594 ΤΡΥΓΟΝΩΝ
1298 1525 1643 1587 ΘΑΛΑΣΣΙ
1657 1524 1793 1584 ΩΝ.

542 1705 650 1764 ’Ῑοῦ
674 1698 729 1758 δὲ
758 1695 927 1776 μεστὰ
950 1693 1042 1754 καὶ
1067 1697 1259 1774 φθορᾶς
1282 1687 1565 1768 ὀξυδρόμου

541 1795 645 1849 τῶν
667 1783 929 1870 τρυγόνων
955 1781 1025 1841 τὰ
1050 1779 1243 1859 κέντρα
1264 1780 1368 1836 τῶν
1392 1773 1705 1834 θαλαττίων·

544 1871 617 1944 οἷς
644 1877 737 1937 καὶ
758 1871 973 1946 τεθηλὸς
996 1868 1062 1929 ἂν
1085 1869 1297 1946 ἀμυχθῇ
1326 1863 1575 1944 δενδρίον,

414 1991 515 2032 18³5
547 1964 886 2047 μαραίνεται,
915 1963 1008 2040 ζῇν
1030 1954 1203 2016 οὐκέτι
1228 1953 1532 2030 δυνάμενον.

440 2062 503 2138 (5)
536 2055 673 2136 [Καὶ
690 2051 808 2118 τοὺς
828 2051 991 2115 ἇλιεῒς
1017 2044 1175 2127 φασὶν
1206 2039 1438 2108 ἐκτόπως
1468 2037 1677 2119 τρέμειν

542 2143 609 2202 τὰ
631 2142 861 2221 δυσχερῆ
886 2133 981 2214 μὲν
1007 2137 1179 2193 ταῦτα
1207 2135 1297 2189 τοῦ
1326 2127 1459 2198 ζώου
1486 2127 1637 2207 βέλη.

539 2230 633 2293 Ἂν
662 2228 763 2310 γάρ
783 2251 861 2292 τις
883 2224 1056 2290 αὐτοῖς
1074 2221 1182 2286 τοῖς
1204 2218 1470 2283 κακίστοις
1487 2213 1739 2296 κεντρίοις

542 2320 751 2397 πληγῇ,
778 2314 925 2392 μόλις
942 2335 1001 2370 τε
1027 2313 1129 2368 τῶν
1148 2310 1342 2388 ἰατρῶν
1374 2309 1407 2376 ἡ
1428 2303 1588 2383 τέχνη

412 2430 515 2470 18⁴0
540 2407 747 2488 ῥύσαιτ’
776 2402 837 2462 ἂν
859 2399 1015 2460 αὐτὸν
1045 2401 1141 2469 τῆς
1165 2405 1326 2478 φορᾶς
1343 2401 1435 2453 τοῦ
1459 2390 1717 2452 κινδύνου.

540 2494 725 2578 [Οὕτω
744 2516 805 2572 γε
824 2488 971 2571 φασί·
997 2487 1095 2546 κάν
1117 2508 1247 2544 ποτε
1270 2487 1398 2552 ζῶον
1427 2482 1563 2560 τύχῃ

545 2587 749 2666 τρωθῆν
766 2579 987 2662 ἀφειδῶς
1012 2577 1118 2642 τοῖς
1144 2573 1325 2639 ὅπλοις
1350 2574 1523 2637 αὐτοῖς
1546 2569 1725 2639 πάλιν,

539 2673 634 2729 οὐκ
662 2672 733 2736 εἰς
757 2665 965 2748 μακρὰν
978 2663 1221 2734 τέθνηκεν
1250 2659 1493 2739 οἰκτίστῳ
1520 2656 1719 2740 μόρᾳ]

410 2761 496 2842 (ιο)
528 2760 669 2841 Πρὸς
689 2765 797 2824 τοῖς
822 2778 885 2834 γε
910 2751 1091 2812 λοιπὸν
1116 2750 1208 2810 καὶ
1228 2743 1479 2829 πραΰνειν
1506 2747 1623 2813 τοὺς
1654 2745 1840 2811 πόνους

414 2869 514 2910 18⁴5
542 2845 658 2915 τοὺς
688 2842 1067 2929 σφοδροτάτους·
1091 2844 1195 2898 τῶν
1224 2837 1444 2896 ὀδόντων
1475 2835 1654 2907 ὀξέως,

541 2936 633 2996 καὶ
657 2932 946 3016 συντρίόειν
970 2930 1204 3009 μάλιστα
1225 2926 1343 2993 τοὺς
1374 2923 1735 3005 βεὸρωμένους

542 3022 753 3091 ὀδόντας
781 3018 967 3087 αὐτούς
988 3021 1035 3077 τ’
1066 3016 1265 3096 ἐξάγειν
1295 3010 1613 3097 ἀνωδύνως.]

609 3255 797 3313 ΠΕΡΙ
844 3248 1261 3310 ΚΕΡΔΑΛΩΝ
1304 3244 1777 3305 ΘΑΛΑΣΣΙΩΝ.

550 3408 663 3480 Τὴν
687 3408 945 3487 κερδαλῆν
975 3405 1032 3464 δέ
1058 3428 1188 3487 φασι
1214 3402 1310 3475 τὴν
1332 3400 1635 3474 θαλαττίαν,

550 3498 655 3564 τοῖς
678 3496 915 3574 ἐγκάτοις
932 3494 1209 3573 ἄγκιστρον
1234 3490 1649 3569 εἰσδεδεγμένην,

418 3607 520 3645 1850
548 3588 717 3667 σοφῶς
746 3580 934 3652 ἑαυτὴν
965 3579 1069 3639 ἀπὸ
1096 3582 1200 3638 τῶν
1227 3577 1369 3635 ἔνδον
1394 3576 1654 3657 στρέφειν,
1718 3652 1727 3661 ¹

547 3678 617 3739 ὡς
643 3668 927 3751 ἱματισμὸν
958 3670 1187 3750 σηρικῶν
1222 3664 1565 3747 ὑφασμάτων·

438 3765 499 3842 (τι)
544 3767 613 3829 ὡς
636 3760 701 3819 ἂν
729 3763 757 3819 ὃ
776 3756 975 3840 χαλκὸς
996 3752 1248 3836 ἐμπαγεὶς
1274 3751 1548 3833 διεκπέσῃ.

602 4008 789 4070 ΠΕΡΙ
833 4002 1211 4066 ΙΟΥΛΙΔΩΝ
1256 4001 1415 4084 [ΚΑΙ
1459 4000 1806 4079 ΛΑΙῺΟΥ].

553 4162 691 4223 Φύει
722 4158 817 4239 μὲν
844 4164 877 4231 ἦ
904 4158 1145 4217 θάλασσα
1172 4155 1265 4223 τὰς
1296 4153 1547 4227 ἰουλίδας,

547 4250 661 4308 ἔστι
689 4247 745 4307 δὲ
776 4246 1100 4329 φαυλότατον
1122 4242 1319 4323 ἰχθύων
1339 4241 1511 4322 γένος,

423 4362 525 4400 1855
554 4338 643 4397 καὶ
665 4335 783 4403 τοὺς
806 4340 858 4395 ἐν
892 4338 1076 4400 ἀκταῖς
1107 4335 1307 4411 μᾶλλον
1332 4335 1529 4391 οἰκοῦσι
1556 4330 1744 4398 λίθους·

553 4426 715 4485 δειναὶ
749 4422 804 4483 δὲ
826 4424 1008 4484 λυπεῖν
1030 4419 1148 4487 τοὺς
1168 4424 1221 4479 ἐν
1246 4418 1597 4500 ὑδροθηρίαις,

450 4518 513 4594 (5)
542 4514 665 4583 ὅταν
686 4516 806 4573 κατ’
832 4514 1001 4570 αὐτῶν
1029 4513 1299 4590 εἰσρυῶσιν
1324 4507 1522 4589 ἀθρόαι.

549 4598 873 4680 Γεγευμέναι
899 4598 957 4658 δέ
980 4622 1117 4665 τινος
1143 4595 1317 4677 ἰχθύος
1342 4597 1523 4673 μόνον,

556 4689 792 4770 άὸρωτον
822 4687 1093 4768 ἀπέφηναν
1122 4684 1275 4744 αὐτὸν
1307 4683 1509 4752 εὐθέως·

424 4766 525 4838 ιεὀο
547 4782 624 4837 ἰοῦ
641 4776 743 4857 γὰρ
772 4778 952 4843 αὐταῖς
975 4776 1171 4853 πλῆρες
1195 4772 1306 4832 ἐστὶ
1327 4772 1387 4831 τὸ
1410 4772 1597 4850 στόμα.

554 4864 671 4926 Κᾶν
697 4890 773 4932 τις
787 4866 873 4923 τὸν
898 4863 1046 4943 ἰχθὺν
1066 4865 1265 4940 ἀγνοῶν
1292 4861 1518 4920 ἐπεσθίοι
1534 4907 1549 4933 ,

426 4956 514 5031 (ιο)
563 4961 807 5033 στροφαῖς
825 4954 1019 5010 ὀδυνῶν
1050 4955 1197 5031 ἑστιᾷ
1225 4948 1319 5021 τὴν
1354 4948 1611 5030 γαστέρα,

558 5045 627 5107 ὥς
653 5040 743 5100 καὶ
764 5038 975 5119 λαγωὸν
996 5040 1043 5097 εἰ
1070 5038 1345 5097 θαλάττιον
1374 5037 1549 5120 φάγοι.

552 5128 695 5207 Πρὸς
719 5128 823 5209 γὰρ
842 5127 929 5187 τὸν
956 5131 1017 5188 ἐκ
1036 5131 1132 5204 γῆς
1151 5126 1464 5192 ὑπεναντίως
1492 5126 1602 5204 ἔχει
1615 5172 1631 5197 ,

3341 311 3652 386 (ειη-43...)

2491 457 2598 508 10⁵
2647 447 2792 528 (90).
2839 447 2942 506 DE
2983 447 3228 506 SEPIA.

2077 576 2262 628 Callida
2279 582 2355 627 est
2367 579 2536 627 natura
2563 589 2651 626 aua
2668 577 2802 640 sepia
2814 613 2830 639 ,

2079 667 2373 730 piscatorum
2391 665 2593 716 eludens
2615 664 2883 716 malitiam:

2079 757 2231 805 vomit
2253 755 2380 805 euim
2397 769 2616 806 cruorem
2630 755 2681 803 in
2709 754 2865 804 undas
2881 760 3038 804 atrum
3052 790 3067 814 ,

2079 845 2130 894 et
2147 843 2315 906 effugit
2335 845 2584 907 aspectum
2601 843 2771 894 induta
2781 842 3007 892 tenebras
3017 878 3034 900 .

2081 937 2131 983 et
2152 933 2346 984 laetatur
2365 937 2566 997 captans
2583 933 2808 983 salutern.

2081 1021 2176 1073 sed
2196 1035 2313 1074 cave
2325 1035 2387 1072 ue
2411 1021 2572 1071 vivam
2591 1021 2642 1070 iu
2665 1034 2838 1071 manus
2857 1033 3018 1070 aumas
3045 1035 3058 1068 :

2081 1125 2193 1162 nam
2211 1112 2282 1162 sic
2303 1111 2428 1162 alius
2445 1111 2556 1174 quia
2577 1113 2626 1160 te
2641 1110 2773 1175 prior
2793 1109 3084 1174 experiendo
3103 1108 3386 1172 cognoverit

2083 1201 2254 1251 dentes
2267 1203 2434 1250 acutos
2451 1199 2502 1249 in
2519 1213 2604 1250 ore
2627 1199 2873 1250 recondito

2083 1295 2132 1340 et
2153 1289 2382 1340 acerbum
2405 1301 2620 1340 morsum
2641 1303 2701 1340 ex
2721 1300 2906 1339 veneno
2925 1288 3128 1338 illatum.

2212 1524 2320 1575 106
2365 1512 2506 1595 (οι).
2551 1515 2653 1576 DE
2697 1513 3151 1576 PAs‘rlNAcls
3192 1515 3551 1576 mamis.

2083 1670 2265 1722 Veneni
2290 1671 2452 1721 autem
2476 1669 2603 1732 pleni
2616 1674 2668 1721 et
2688 1669 2861 1720 mortis
2884 1670 3280 1734 praesentissimae

2081 1763 2208 1810 sunt
2228 1759 2580 1822 pastinacarum
2599 1758 2751 1809 aculei
2769 1756 3060 1808 marinarum
3085 1773 3100 1806 ε

2085 1848 2260 1911 quibus
2288 1847 2434 1899 etiam
2453 1847 2628 1898 florens
2649 1849 2692 1898 si
2713 1847 2959 1898 saucietur
2977 1848 3134 1908 arbor,

2083 1938 2283 2001 arescit,
2303 1951 2400 1988 nou
2423 1937 2630 2001 amplius
2652 1937 2818 1988 vivere
2839 1939 3022 1988 valens.

2080 2019 2162 2084 [Et
2187 2029 2450 2090 piscatores
2469 2027 2640 2076 dicunt
2657 2027 2974 2078 vehementer
2992 2030 3205 2076 metuere

2080 2115 2244 2176 gravia
2265 2115 2462 2178 quidem
2485 2115 2592 2165 liaec
2603 2116 2862 2166 animantis
2881 2116 3008 2166 illius
3027 2119 3140 2166 teia.

2080 2207 2200 2253 Nam
2221 2203 2262 2252 si
2281 2203 2391 2266 quis
2407 2203 2538 2252 hisce
2557 2202 2779 2266 pessimis
2798 2203 2978 2254 aculeis

2080 2296 2204 2341 ictus
2230 2291 2399 2353 suerit,
2433 2293 2514 2340 vix
2539 2292 2838 2341 medicorum
2861 2304 2941 2340 ara

2080 2381 2251 2431 liberet
2275 2381 2413 2430 iilum
2435 2394 2465 2430 a
2489 2381 2720 2444 precipiti
2748 2380 2979 2444 periculo.

2081 2459 2186 2541 [Sic
2207 2469 2375 2520 dicunt
2400 2485 2413 2518 ε
2439 2469 2584 2520 etiam
2603 2470 2644 2520 si
2667 2469 2861 2533 quando
2889 2469 2986 2520 tera
3008 2471 3074 2520 sit

2080 2558 2331 2609 vulnerata
2353 2558 2543 2622 largiter
2561 2559 2708 2608 annis
2727 2559 2824 2608 illis
2843 2573 3030 2608 ruraum
3043 2595 3059 2620 ,

2079 2651 2187 2710 post
2208 2647 2406 2698 brevem
2425 2662 2612 2698 moram
2634 2647 2810 2698 occidit
2829 2649 3233 2699 miserabilissima
3251 2642 3458 2723 morte]

2078 2738 2314 2786 Praeterea
2323 2737 2468 2786 etiam
2488 2737 2672 2788 dicunt
2685 2741 2982 2800 pastinacoe
2991 2738 3234 2788 aculeum
3249 2739 3474 2802 mitigate
3487 2740 3676 2792 dolore·

2077 2826 2527 2876 vehementissimos
2549 2827 2766 2876 dentium
2788 2826 3027 2888 celeriter,

2073 2920 2125 2964 et
2145 2920 2392 2965 conterere
2411 2916 2622 2966 maxime
2639 2930 2812 2967 exesos

2075 3006 2245 3055 dentes
2263 3018 2443 3068 eosque
2461 3006 2633 3069 ejicere
2655 3008 2760 3056 sine
2781 3006 2983 3071 dolore]

2764 3134 2992 3151 ..n—‘-

2247 3250 2353 3301 107
2400 3241 2539 3321 (92).
2583 3243 2685 3303 DE
2729 3242 3106 3304 VULPfflUs
3151 3244 3519 3311 MARINIS.

2079 3414 2284 3474 vulpem
2313 3413 2475 3460 autem
2503 3412 2700 3460 narrant
2721 3410 2954 3461 marinam
2971 3455 2984 3471 ‚

2081 3500 2224 3549 hamo
2246 3499 2296 3549 in
2320 3498 2582 3549 visceribus
2595 3502 2790 3561 recepto
2805 3535 2820 3560 ,

2082 3588 2298 3638 sollerter
2318 3602 2380 3638 ex
2403 3588 2661 3638 interaneis
2683 3602 2736 3638 sc
2755 3588 2993 3640 invertere

2084 3684 2134 3729 ut
2159 3685 2344 3727 vestem
2369 3676 2533 3727 sericae
2553 3679 2786 3738 texturae,

2081 3781 2178 3829 quo
2197 3781 2266 3817 nes
2289 3768 2558 3817 intestinis
2583 3766 2781 3817 infixum
2809 3766 3017 3817 excidat.

2151 4010 2260 4065 108
2307 4002 2448 4082 (93).
2495 4002 2596 4061 DE
2640 4000 3028 4064 mumans
3073 4002 3196 4080 [ET
3236 4005 3615 4089 LEPORE}

2081 4164 2242 4227 Gignit
2262 4176 2392 4213 mare
2411 4160 2610 4222 iulidas3

2081 4258 2157 4306 est
2173 4255 2335 4304 autem
2357 4252 2449 4302 hoc
2469 4251 2733 4315 pessimum
2753 4261 2907 4310 genua
2926 4247 3156 4311 piscium,

2079 4348 2130 4394 et
2155 4340 2378 4391 littoralia
2393 4352 2508 4388 saxa
2537 4337 2690 4399 magis
2709 4336 2928 4387 incolunt
2951 4351 2965 4385 ε

2079 4437 2129 4482 et
2155 4430 2326 4480 laedere
2345 4428 2506 4478 valent
2519 4427 2771 4476 venatores
2793 4426 3085 4487 maritimos,

2080 4520 2272 4584 quando
2294 4519 2343 4567 in
2369 4530 2452 4568 eos
2475 4516 2666 4566 irruunt
2685 4514 2956 4567 confertim.

2082 4615 2244 4669 Quum
2265 4612 2426 4657 autem
2450 4606 2631 4669 piscem
2648 4604 2858 4667 aliquem
2875 4608 3128 4665 gustarunt
3149 4604 3332 4669 modo,

2082 4698 2338 4748 inhabilem
2362 4708 2475 4745 eum
2502 4694 2564 4743 ad
2586 4691 2829 4743 edendum
2850 4692 3056 4743 reddunt
3076 4692 3239 4743 statim
3268 4710 3286 4743 :

2081 4801 2192 4837 nam
2213 4784 2384 4834 veneni
2401 4783 2520 4846 ipsis
2538 4783 2734 4845 plenum
2753 4787 2826 4832 est
2845 4795 2920 4831 oa.

2083 4880 2142 4925 Et
2165 4876 2206 4924 si
2228 4874 2337 4936 quis
2355 4872 2499 4923 talem
2517 4872 2698 4934 piscem
2721 4872 2914 4922 uoecius
2937 4870 3183 4929 comedat,

2079 4964 2369 5015 torminibus
2395 4964 2576 5013 ventris
2593 4962 2821 5011 laborans
2847 4962 3010 5011 cibum
3032 4960 3185 5024 capit,

2081 5052 2209 5118 quod
2231 5053 2376 5102 etiam
2399 5052 2454 5101 lit
2475 5052 2516 5101 ei
2539 5051 2749 5115 leporem
2767 5049 3006 5100 marinum
3024 5048 3152 5101 edat.

2080 5146 2202 5193 Nam
2222 5142 2284 5193 ad
2303 5146 2575 5193 terroetrem
2601 5141 2826 5205 leporem
2841 5138 3078 5193 contrario
3093 5137 3170 5187 eat
3193 5138 3379 5189 habitu
3395 5178 3414 5205 ,
