3767 5825
1053 212 1858 315 ΜΑΝΕΤΗΟΝῙΑΝΟΒΠΜ
1940 251 2089 313 Lm.
2138 252 2241 314 v1.
2291 252 2433 333 [111.
2456 248 2480 333 J
3306 264 3377 317 ω

153 386 404 462 σήματος·
425 387 470 443 εἰ
493 384 549 444 δέ
578 407 637 442 κε
660 392 796 443 τοῖσι
814 384 906 443 καὶ
938 382 1170 446 Ἠίλιο
1185 410 1208 452 ς
1249 386 1552 459 συνέπηται,

59 495 124 534 ³90
155 472 422 553 ἀσσοτέρω
447 476 696 553 μαλεροῖο
714 472 876 555 πυρὸς
893 470 1082 553 τέχνας
1104 474 1402 553 μογέουσιν,

151 562 354 644 χαλκὸν
381 562 770 641 μαλθάσσοντες
792 562 860 621 ἰδ’
883 560 1134 644 ἠερόεντα
1165 562 1444 639 μόλυὸδον,

153 650 354 729 ἄκμοσί
374 652 422 709 τ’
451 650 740 719 ἐξὲλκοντες
765 650 842 709 ἔτι
867 652 1069 720 ζείοντα
1093 650 1324 732 σίδηρον.

239 742 284 798 εἰ
301 739 344 797 δ’
367 739 473 820 ἄρα
497 738 586 798 καὶ
616 741 674 800 Φ
690 738 888 797 αίνων
915 747 1080 799 τοῖσιν
1105 739 1473 822 συμμάρτυρος
1499 738 1609 815 εἴη,

156 828 302 887 ἔνδον
360 825 695 909 ἐφεζομένους
715 828 917 885 παίδων
934 827 1196 909 ἡγήτορας
1214 826 1370 906 ἔρδει.

65 944 132 981 ans,
245 914 395 975 αὖτὸν
421 916 466 974 δ’
497 914 546 974 εἴ
569 938 630 974 κε
655 914 855 996 Κρόνον
881 918 926 977 Ζ
944 915 1047 983 εὺς
1077 914 1304 993 ἔμπαλιν
1327 915 1616 997 ἀθρήσειεν,

157 1005 228 1077 ἢν
249 1003 336 1065 καὶ
359 1002 455 1081 ἅμ’
477 1002 705 1085 Ἑρμείῃ
732 1028 791 1062 τε
816 1004 907 1063 καὶ
937 1002 1114 1070 ἄλλοις
1141 1006 1191 1065 Κ
1205 1002 1234 1061 ύ
1254 1028 1295 1061 π
1311 1027 1338 1082 ρ
1352 1027 1368 1060 ι
1388 1030 1412 1071 ς
1432 1007 1618 1082 ὁρῆται
1633 1047 1649 1078 ,

159 1093 218 1163 ἐξ
238 1093 398 1173 ἔργων
425 1092 578 1151 τοίων
597 1094 820 1151 πλοῦτον
850 1091 940 1151 καὶ
961 1096 1144 1164 κτῆσιν
1170 1091 1372 1172 ἄροντο.

241 1180 348 1240 εἶδ’
368 1180 604 1261 ἄρ’ὖπέρ
621 1178 834 1262 κέντρου
865 1180 1050 1255 Μήνη
1077 1180 1433 1241 Στίλὸοντι
1463 1178 1732 1253 συνάπτοι,

157 1270 226 1342 ἢν
249 1269 341 1347 μὲν
362 1267 456 1347 ἅμ’
482 1268 706 1350 Ἑρμείῃ
730 1269 821 1328 καὶ
841 1268 1161 1346 καλλίκομος
1197 1270 1242 1329 Κ
1257 1274 1328 1328 υθ
1346 1270 1412 1351 ἐρ
1427 1292 1450 1327 ε
1467 1293 1483 1326 ι
1500 1292 1534 1326 α

62 1380 132 1417 tot·
161 1360 440 1440 φαίνηται,
468 1358 559 1417 καὶ
583 1356 786 1429 Ζηνὸς
809 1360 896 1416 ὑπ’
927 1360 1220 1416 ἀκτίνεσσιν
1241 1361 1434 1439 ὁρῷτο,

160 1446 359 1526 ὄργανα
389 1445 760 1513 δαιδάλλοντας
789 1446 856 1503 ἰδ’
879 1445 1033 1504 αἰόλα
1059 1444 1438 1525 μηχανόωντας

163 1534 300 1593 ἄλλα
322 1558 380 1593 τε
407 1533 750 1611 θαυματόεντ’
779 1532 886 1615 ἔργ’
908 1536 1001 1593 οὐκ
1029 1534 1267 1593 ἐπιεικτὰ
1299 1538 1556 1615 βροτοῖσιν

161 1621 439 1703 τεύχοντας
459 1620 618 1703 ῥέζει,
644 1620 737 1680 καί
757 1644 876 1703 σφιν
901 1620 1049 1688 κλέος
1078 1622 1259 1680 ἐσθλὸν
1278 1622 1463 1691 ὀπηδεῖ

161 1709 377 1792 πρήξιος
403 1712 462 1769 ἐκ
490 1711 631 1783 τοίης
659 1710 804 1791 φιλίη
834 1709 878 1767 τ’
906 1714 1110 1788 ἅγανῶν
1139 1710 1428 1791 βασιλήων.

62 1816 136 1856 ⁴05
246 1798 386 1872 τοίην
407 1798 452 1857 δ’
468 1798 534 1869 ἢν
550 1798 784 1881 συναφὴν
805 1798 908 1871 Μή
925 1822 1000 1868 νη
1016 1824 1040 1865 ς
1063 1800 1120 1857 Φ
1136 1798 1330 1859 αίνων
1359 1824 1416 1858 τε
1444 1798 1532 1860 καὶ
1551 1794 1608 1857 Ἄ
1627 1822 1696 1877 pr.
1713 1822 1736 1864 ς

163 1888 428 1969 δέρκωντ’,
457 1888 482 1946 ἐ
497 1909 530 1945 σ
542 1892 571 1946 θ
586 1889 621 1946 λ
635 1910 664 1945 ο
679 1888 708 1945 δ
716 1886 746 1946 ό
754 1911 828 1945 τα
844 1910 860 1943 ι
888 1886 944 1945 δέ
960 1888 1008 1945 τ’
1031 1885 1350 1970 ἀπόστροφοι
1372 1888 1734 1958 ἰνδάλλωνται,

163 1976 416 2052 ποιμένας
440 1974 755 2056 ἀγρονόμους
781 1998 836 2034 τε
861 1979 1026 2055 βοτῶν
1054 1976 1246 2055 ἀγέλας
1274 1977 1519 2041 ἐλάοντας
1538 2021 1555 2051 ,

163 2066 342 2125 ἵππων
371 2064 418 2125 τ’
443 2064 731 2125 ὠκυπόδων
755 2064 1122 2143 σημάντορας,
1145 2063 1206 2137 ἠὲ
1232 2064 1518 2145 συφόρὸους
1535 2110 1550 2134 ,

163 2150 253 2220 οὓς
276 2152 322 2212 δ’
339 2150 443 2234 ἄρα
461 2150 757 2211 πενθαλέων
777 2150 994 2229 τύμὸων
1018 2155 1183 2223 θῆκαν
1206 2151 1532 2230 πυλαώρους.

59 2264 134 2304 uo
247 2242 448 2301 ὁππότε
481 2242 524 2299 δ’
556 2230 624 2299 αὖ
651 2240 849 2322 κέντρῳ
883 2238 1100 2320 μεσάτῳ
1135 2241 1394 2319 Θοῧρος
1432 2238 1525 2317 μὲν
1549 2238 1696 2311 ἐπείη
1717 2283 1733 2310 ,

165 2334 230 2393 Φ
245 2355 278 2388 α
296 2330 449 2389 ίνων
476 2332 520 2389 δ’
545 2331 804 2403 ἕσπηται,
831 2333 999 2407 τῆμος
1020 2329 1166 2405 μάλα
1192 2329 1523 2409 μοχθίζοντες

167 2418 343 2501 ἀνέρες
367 2416 680 2496 ἐξεγένοντο,
699 2417 892 2499 πικρὴν
914 2419 1182 2484 ὀτλεῧντες
1203 2417 1362 2487 ὀῖζύν.

167 2506 393 2579 δπποίην
421 2506 476 2565 δὲ
501 2506 626 2578 δύην
655 2506 831 2585 βιότου
858 2505 1042 2564 κείνων
1071 2505 1200 2585 λάχ’
1232 2504 1474 2578 ἕκαστος,

166 2598 200 2664 ζ
217 2591 304 2653 ώδ
319 2594 377 2652 ιά
401 2616 482 2653 τοι
505 2594 701 2675 κρίνει,
728 2601 836 2661 τοῖς
858 2591 1070 2675 ἀστέρες
1099 2592 1423 2671 ἐμὸεὸάασιν
1441 2616 1454 2629 ·

53 2696 138 2736 ειο
164 2684 221 2741 ἐν
243 2680 337 2759 μὲν
379 2704 530 2761 τετρ
546 2682 718 2739 απόδ
730 2706 756 2741 ε
771 2682 880 2741 σσ’
909 2685 1108 2761 ἐχυρῶν
1150 2681 1458 2761 δωμῆτορας
1493 2678 1647 2739 οἴκων

163 2769 459 2848 λαοτόμους
483 2772 532 2828 τ’
558 2768 790 2850 ἔρδουσιν
821 2770 950 2850 ὑπὲρ
975 2770 1151 2827 νώτων
1180 2772 1456 2851 φορέοντας

169 2858 338 2940 ἄχθεα
360 2858 450 2918 καὶ
470 2860 602 2922 λᾶας
632 2856 905 2940 βριαρούς,
928 2856 1054 2917 ποτὲ
1090 2858 1134 2916 δ’
1166 2857 1491 2919 ἐκτελέουσιν

168 2949 336 3028 ἔργων
363 2947 670 3020 τεκτοσύνης
694 2949 931 3026 στάθμης
953 2947 997 3007 τ’
1034 2949 1329 3028 ἐπιίστορας
1358 2949 1570 3028 ἄνδρας·

169 3039 224 3094 ἐν
250 3036 296 3094 δ’
319 3035 422 3116 ἄρα
440 3059 554 3118 χερ
571 3058 604 3094 σ
619 3059 652 3093 α
665 3035 683 3094 ί
696 3060 724 3094 ο
740 3059 757 3094 ι
775 3060 807 3094 σ
823 3059 842 3093 ι
869 3035 1084 3104 λιθοξόοι
1113 3035 1400 3115 ἐξεγένοντο

49 3135 132 3176 120
168 3123 267 3194 ἠδέ
295 3125 340 3182 τ’
373 3125 657 3202 ἀγάλματα
682 3122 821 3183 καλὰ
848 3122 1055 3204 τέχναις
1084 3123 1352 3203 τεύχοντες
1375 3127 1516 3203 ἑῇσιν

172 3211 401 3271 δαίδαλά
421 3216 469 3270 τ’
491 3211 808 3278 ἐκτελέοντες
834 3213 938 3271 ἀπὸ
964 3217 1181 3290 πριστοῦ
1205 3214 1505 3294 ἐλέφαντος·

172 3299 326 3370 ζώοις
354 3301 399 3359 δ’
431 3304 484 3358 ἐν
502 3323 585 3359 πα
598 3324 627 3357 ν
643 3300 718 3380 ύγ
733 3322 909 3381 ροισι
931 3299 1252 3380 λοετροχόοι,
1285 3299 1557 3380 ὀχετηγοί,

169 3389 398 3461 εἰνοδίην
423 3388 619 3470 κόπρον
637 3411 695 3448 τε
714 3389 805 3447 καὶ
831 3388 976 3449 ὄνθον
1002 3387 1138 3459 δηθὰ
1161 3389 1428 3468 φέροντες,

170 3481 444 3554 κοσμῆται
459 3477 644 3548 κήπων
673 3476 878 3545 ἄντλοις
901 3475 1042 3558 ὕδωρ
1069 3475 1334 3558 φορέοντες
1353 3501 1364 3513 ·

57 3579 144 3618 225
173 3569 220 3626 εἷ
245 3564 305 3624 δὲ
335 3565 660 3648 μεσουρανίῳ
681 3566 879 3648 κέντρῳ
900 3567 1024 3627 zeb
1038 3591 1062 3635 ς
1091 3563 1352 3647 μάρτυρος
1378 3567 1478 3638 εἴη.

170 3653 511 3736 τετραπόδων
534 3651 680 3726 ζώων
703 3655 886 3715 κείνων
904 3655 1023 3716 ὁδὸν
1051 3655 1383 3729 ἐξανυόντων,

171 3743 236 3815 ἠὲ
267 3746 314 3802 Κ
328 3742 359 3800 ύ
374 3767 416 3800 π
433 3766 462 3825 ρ
474 3766 526 3811 ις
542 3789 560 3821 ,
583 3743 771 3825 ἑτέροις
793 3743 920 3826 ἔργα
935 3741 1259 3826 πρήσσουσιν
1288 3741 1502 3825 ὕπερθεν

171 3830 328 3891 αὐτοὶ
353 3833 674 3913 ἐφεστηῶτες
697 3831 1292 3898 ἐϋκτέανοιπελέθουσιν.

255 3923 430 3978 ταῦτα
447 3918 492 3978 δ’
519 3917 604 4001 ἄρ’
625 3919 943 4002 ἅμφιέπουσι
965 3921 1057 3980 καὶ
1079 3919 1144 3993 ἢν
1163 3922 1372 3981 κλίνωσ’
1397 3921 1503 3980 ἀπὸ
1525 3921 1748 4002 κέντρων

49 4027 143 4067 ⁴30
171 4006 418 4088 ἀστέρες,
443 4007 561 4066 ἀλλ’
585 4008 639 4064 ἐν
661 4004 796 4087 ὅροις
819 4007 1008 4080 Μήνη
1033 4009 1328 4069 Φαίνοντ
1345 4034 1362 4067 ι
1386 4008 1658 4070 συνάπτοι.

257 4092 470 4155 Τιτὰν
497 4094 546 4153 δ’
576 4084 642 4154 αὗ
679 4095 963 4176 Πυρόεις
992 4119 1051 4154 τε
1095 4095 1392 4176 δεδορκότες
1433 4096 1752 4178 Ἀφρογέ-

171 4181 483 4263 ἱστουργοὺς
511 4181 781 4264 τεύχουσιν
809 4186 1098 4255 ἐϋννήτοισι
1121 4184 1346 4262 μίτοισιν
1546 4187 1598 4267 [ν
1616 4208 1749 4244 ειαν

173 4272 358 4355 φάρεά
389 4275 435 4330 θ’
467 4273 825 4354 ὖφανόωντας,
855 4271 888 4345 ἢ
915 4263 982 4330 αἶ
1008 4273 1263 4354 ῥυπόεντα
1287 4276 1552 4334 πλυνοῖσιν

175 4359 385 4440 εἵματα
415 4360 792 4437 καλλύνοντας,
815 4359 850 4434 ἢ
879 4361 1150 4442 ἰσχαλέαις
1169 4362 1436 4443 βελόνῃσιν

50 4473 149 4514 4³5
178 4450 486 4531 ῥωγαλίους
506 4448 736 4518 πέπλους
764 4449 1026 4524 ἀσκηθέας
1048 4449 1394 4516 ἐκτελέοντας.

264 4535 336 4609 ἣν
358 4536 416 4597 δὶ
437 4537 687 4618 Κρόνον
719 4537 1032 4599 Στίλὸων
1057 4540 1203 4620 ἐσίδῃ
1228 4537 1320 4597 σὺν
1339 4538 1501 4610 Ζηνὶ
1527 4537 1754 4618 βεὸῶτα,

181 4625 469 4685 ἀθανάτων
502 4625 748 4706 ζακόρους
769 4631 942 4699 σηκῶν
964 4629 1010 4685 θ’
1035 4627 1195 4706 ἁγίων
1224 4630 1400 4707 ἱερῆας

180 4712 408 4795 τεύχει,
428 4715 754 4791 μαντοσύνας
773 4714 956 4788 ζαθέης
979 4715 1249 4797 φαίνοντας
1275 4719 1365 4774 ἀπ’
1385 4717 1573 4796 ὀμφῆς.

273 4799 657 4884 σὺν“δ’Ἇρηι
689 4803 940 4883 Κύπρις
969 4807 1057 4863 καὶ
1091 4803 1186 4882 ἅμ’
1217 4803 1466 4886 Ἠελίῳ
1489 4811 1757 4885 παρεοῧσα

50 4914 156 4954 uo
187 4890 515 4972 αἶθροὸάτας
531 4891 740 4973 τεύχει,
767 4891 989 4972 σχοίνοις
1014 4893 1190 4973 τρίὸον
1222 4892 1542 4960 ἐξανύοντας.

185 4980 260 5052 ἢν
289 4979 346 5037 δὲ
381 4978 471 5036 καὶ
499 4977 826 5060 Ἓρμείης
854 4984 1018 5040 τοῖσιν
1046 4979 1416 5060 συμμάρτυρος
1445 4979 1553 5052 εἴη,

192 5069 372 5148 ἄχθεα
392 5069 637 5146 θαυματὰ
658 5069 809 5150 χερσὶ
830 5071 920 5127 καὶ
949 5067 1166 5146 ὤμοισιν
1183 5070 1460 5151 φορέοντας

1819 393 2054 452 monetae3
2070 392 2110 441 si
2128 405 2243 443 vero
2260 393 2350 442 hos
2367 393 2512 441 etiam
2544 392 2627 441 Sol
2646 393 2923 453 comitetur,

1822 480 2020 542 propius
2043 480 2239 529 violenti
2260 480 2379 542 ignis
2400 484 2527 529 artes
2542 486 2832 543 operantur,

1822 582 1891 617 tes
1907 568 2177 618 mollientes
2197 571 2247 617 et
2264 581 2439 617 canum
2460 568 2715 631 plumbum
2728 608 2741 631 ,

1824 655 2175 718 incudibusque
2200 655 2513 718 extendentes
2535 658 2696 706 adhuc
2724 658 2911 707 fervens
2934 658 3133 719 ferrum.

1886 744 1935 793 Si
1960 757 2075 793 vero
2100 745 2245 794 etiam
2264 748 2528 795 Saturnus
2546 745 2621 795 his
2645 746 2956 796 simul-testis
2972 748 3052 809 sit,

1827 832 1960 881 intus
1976 832 2276 883 considentes
2290 846 2551 896 puerorum
2567 833 2793 884 ductores
2818 837 2946 886 facit.

1890 923 2051 983 Ipsum
2069 924 2233 971 autem
2251 923 2571 971 siSaturnum
2590 926 2800 985 Jupiter
2824 938 2991 974 rursus
3010 926 3271 990 adspiciat,

1825 1008 1864 1057 si
1882 1008 2029 1058 etiam
2050 1023 2162 1058 cum
2192 1012 2429 1060 Mercurio
2450 1014 2501 1062 et
2518 1012 2691 1061 ceteris
2723 1015 2889 1062 Venus
2912 1019 3155 1076 cernatur,

1825 1108 1890 1145 ex
1907 1097 2132 1159 operibus
2158 1098 2333 1147 talibus
2359 1099 2551 1149 divitias
2569 1103 2618 1150 et
2643 1114 2759 1163 opes
2780 1101 3191 1167 sibi-comparant.

1889 1185 1939 1234 Si
1964 1198 2081 1235 vero
2094 1199 2238 1249 super
2252 1191 2482 1239 minirum
2504 1192 2653 1237 Luna
2671 1192 2936 1239 Mercurio
2962 1192 3313 1254 congrediatur,

1825 1272 1865 1321 si
1890 1272 2085 1334 quidem
2111 1286 2223 1322 cum
2238 1274 2478 1323 Mercurio
2505 1274 2652 1323 etiam
2670 1276 2968 1338 pulcricoma
2999 1281 3165 1329 Venus

1826 1364 2083 1423 appareat,
2102 1364 2151 1410 et
2163 1364 2309 1413 Iovis
2328 1362 2419 1412 sub
2440 1362 2585 1412 radiis
2603 1366 2829 1414 cernatur
2846 1366 3056 1429 (Luna),

1829 1464 2013 1512 organa
2030 1450 2293 1501 condentes
2315 1455 2364 1501 et
2385 1453 2513 1501 varia
2530 1454 2879 1517 machinantes,

1827 1538 2017 1601 aliaque
2042 1538 2323 1589 admiranda
2344 1554 2489 1603 opera
2507 1554 2605 1590 non
2624 1543 2961 1592 convenientia
2977 1544 3259 1595 mortalibus

1827 1626 2056 1677 facientes
2073 1628 2262 1688 reddit,
2282 1634 2331 1679 et
2353 1643 2435 1679 eos
2454 1630 2584 1679 sama
2600 1630 2729 1679 bona
2752 1632 3012 1681 comitatur
3082 1658 3087 1663 ⁴

1827 1715 2019 1767 actione
2034 1728 2100 1767 ex
2118 1716 2207 1768 tali
2228 1717 2539 1781 amicitiaque
2556 1718 2747 1769 mitium
2777 1733 2961 1783 regum.

1889 1806 2055 1857 Talem
2064 1820 2181 1856 vero
2191 1807 2229 1855 si
2242 1808 2633 1869 conjunctionem
2648 1812 2807 1859 Lunae
2817 1812 3078 1859 Saturnus
3089 1812 3237 1873 atque
3251 1812 3399 1859 Mara

1827 1893 2094 1956 adspiciant
2107 1932 2121 1956 ,
2143 1894 2375 1957 benefica-3
2396 1898 2559 1945 autem
2581 1897 2790 1959 (stellae)
2806 1910 2989 1947 aversoe
3010 1902 3297 1960 appareant,

1829 1984 2043 2043 pastores
2058 1983 2381 2045 agricolasque
2394 1986 2723 2034 armentorum
2744 1998 2909 2047 greges
2924 1986 3157 2035 ducentae

1829 2083 2168 2133 equorumque
2180 2072 2503 2134 celeripedum
2526 2072 2778 2133 ductores,
2802 2078 2888 2121 aut
2905 2074 3161 2136 subulcoS,

1828 2158 1949 2209 alios
1977 2172 2095 2208 vero
2115 2158 2449 2209 luctuosorum
2473 2160 2804 2222 sepulcrorum
2826 2161 3137 2211 reddiderunt
3161 2164 3400 2212 custodes.

1893 2248 2101 2306 Quando
2118 2250 2281 2298 autem
2296 2250 2465 2297 centro
2478 2247 2637 2297 medio
2654 2251 2780 2297 Mars
2796 2249 2991 2310 quidem
3012 2250 3277 2311 immincat,

1830 2340 2098 2387 Saturnus
2120 2338 2287 2387 antem
2308 2338 2559 2399 sequatur,
2575 2340 2695 2386 tunc
2711 2338 2972 2387 admodum
2994 2339 3263 2388 laborantes

1831 2424 1923 2473 viri
1945 2427 2289 2488 provenerunt,
2308 2438 2525 2475 amaram
2543 2426 2851 2476 exantlantae
2878 2440 3165 2475 aeruinuam.

1831 2514 2037 2570 Qualem
2053 2516 2217 2564 autem
2232 2515 2504 2565 molestiam
2522 2514 2638 2564 vitae
2656 2515 2851 2565 illorum
2884 2517 3117 2567 sortiatur
3144 2518 3402 2580 unusquis-

1829 2603 1983 2663 siqna
2000 2615 2115 2653 sane
2140 2602 2435 2664 diiudicant,
2466 2602 2645 2667 quibus
2665 2604 2819 2654 stella
2835 2605 3163 2667 ingrediantur
3188 2627 3201 2656 ι
3270 2606 3402 2671 [(ιυε,

1831 2688 1883 2737 in
1906 2688 2335 2753 quadrupedibus
2351 2690 2549 2753 quidem
2566 2691 2817 2741 firmamm
2836 2692 3151 2743 aedificalores
3168 2694 3405 2743 domuum

1831 2776 2158 2840 lapicidasque
2177 2778 2364 2827 faciunt
2386 2778 2441 2828 in
2459 2778 2604 2842 tergis
2629 2779 2837 2830 ferentes

1832 2879 1979 2916 onera
1997 2867 2047 2916 et
2071 2865 2251 2930 lapides
2267 2870 2456 2932 vastos,
2474 2868 2720 2920 interdum
2742 2872 2909 2920 autem
2932 2871 3149 2921 efficiunt

1833 2968 2035 3017 operum
2056 2955 2249 3005 fabricae
2266 2959 2317 3006 et
2346 2958 2552 3007 amussis
2570 2957 2749 3020 peritos
2764 2958 2925 3046 §virum

1833 3043 1886 3092 in
1912 3043 2240 3094 terrestribus
2258 3057 2375 3093 vero
2393 3044 2907 3109 lapidum-sculptores
2926 3054 3253 3110 provenerunt

1833 3133 1981 3194 atque
1996 3132 2251 3182 simulacra
2268 3134 2435 3195 pulcra
2461 3133 2646 3184 artibus
2663 3135 2891 3184 facientes
2908 3136 3005 3186 suis

1835 3219 2133 3283 artificiaque
2156 3221 2454 3283 perficientes
2469 3235 2498 3272 e
2522 3225 2657 3272 secto
2672 3221 2821 3274 ebore
2830 3240 2847 3285 3

1833 3307 1980 3371 signis
2006 3310 2186 3360 veroin
2210 3309 2442 3360 humidis
2465 3309 2769 3361 balneatores
2782 3347 2797 3371 ,
2820 3312 3057 3374 aquarios,

1836 3397 2025 3446 viarum
2047 3399 2233 3448 stercus
2256 3401 2404 3460 atque
2426 3397 2595 3448 fimum
2615 3400 2893 3462 frequenter
2918 3405 3189 3462 portantes,

1836 3489 2088 3535 ornatores
2110 3485 2361 3535 hortorum
2381 3487 2546 3536 antliis
2558 3496 2729 3544 aquam
2750 3489 2977 3538 vehentes
2988 3507 3002 3550 ;

1837 3575 1913 3623 sin
1934 3573 2214 3624 medii-caeli
2234 3578 2403 3625 centro
2421 3577 2637 3638 Jupiter
2654 3577 2789 3626 testis
2806 3578 2869 3625 sit
2880 3613 2895 3638 ,

1838 3662 2205 3724 quadrupedum
2222 3663 2467 3726 signorum
2488 3665 2617 3712 viam
2636 3665 2731 3714 illis
2748 3665 2959 3728 (stellis)
2992 3666 3347 3730 incedentibus,

1838 3753 1925 3800 aut
1954 3753 2133 3812 Venus,
2156 3751 2261 3800 aliis
2286 3765 2431 3812 opera
2444 3751 2728 3802 facientibus
2744 3766 2890 3814 supra
2956 3788 2963 3799 ,

1840 3839 1927 3901 ipsi
1950 3839 2158 3902 impositi
2176 3841 2438 3901 locupletes
2459 3839 2693 3890 evadunt.

1906 3929 2021 3977 Haec
2043 3940 2159 3976 vero
2180 3930 2357 3976 curant
2378 3928 2525 3977 etiam
2542 3928 2583 3978 si
2604 3928 2847 3978 declinent
2864 3944 2892 3978 a
2910 3933 3087 3980 centris

1839 4016 2018 4077 stellae,
2040 4015 2192 4066 sedin
2211 4014 2427 4065 terminis
2450 4019 2601 4066 Luna
2624 4019 2855 4067 Saturno
2875 4021 3223 4082 congrediatur.

1905 4104 2123 4152 solvero
2139 4105 2191 4154 et
2213 4105 2357 4153 Mars
2379 4106 2649 4166 spectantes
2676 4107 2915 4156 Venerem

1842 4191 2196 4242 telae-textores
2218 4192 2398 4241 faciunt
2418 4193 2690 4242 bene-netis
2706 4194 2800 4243 filis

1844 4282 2096 4342 vestesque
2114 4283 2361 4343 texentes,
2377 4284 2464 4331 aut
2479 4282 2699 4344 squalida
2723 4283 2929 4332 lavacris

1844 4368 2126 4419 indumenta
2148 4373 2424 4434 purgantes,
2444 4374 2532 4420 aut
2554 4371 2779 4421 tenuibus
2795 4373 2981 4423 acubus

1846 4457 2086 4520 disruptas
2102 4459 2252 4520 pallas
2270 4458 2480 4522 integras
2499 4459 2776 4510 efficientes.

1910 4547 1993 4596 Sin
2012 4549 2311 4596 saturnum
2326 4550 2627 4598 Mercurius
2649 4549 2849 4612 aspiciat
2863 4565 2975 4599 cum
2995 4556 3119 4602 Jove
3131 4555 3407 4622 ingressum,

1851 4633 2200 4683 immortalium
2217 4633 2424 4684 aedituos
2451 4636 2771 4700 fanorumque
2788 4643 3065 4688 sanctorum
3082 4641 3353 4692 sacerdotes

1851 4722 1981 4785 facit,
2001 4723 2224 4772 vaticinia
2244 4722 2408 4772 divina
2426 4723 2621 4775 edentes
2647 4741 2708 4776 ex
2724 4741 2856 4777 voce.

1912 4817 2035 4863 Cum
2058 4814 2229 4862 Marte
2240 4814 2404 4862 autem
2444 4811 2605 4864 Venus
2620 4814 2859 4878 simulque
2887 4819 2999 4867 Sole
3025 4831 3233 4880 prtesens

1849 4900 2288 4950 aere-ambulantes
2305 4900 2438 4960 facit,
2446 4901 2686 4954 inrunibus
2694 4905 2913 4954 semitam
2934 4909 3224 4970 peragentes.

1851 4988 1923 5037 sin
1942 4990 2087 5038 etiam
2112 4992 2403 5040 Mercurius
2432 4990 2489 5038 iis
2509 4991 2815 5042 simul-testis
2836 4993 2928 5053 sit,

1852 5063 1998 5127 one&
2022 5077 2261 5127 mirabilia
2274 5079 2497 5130 manibus
2517 5083 2566 5130 et
2591 5080 2802 5132 ὴωιιοήε
2816 5082 3019 5134 ferentes

3090 5191 3154 5227 us.
