3767 5825
381 346 418 396 ο
1458 332 1907 394 ΘΕΟΚΡΙΤΟΥ
1952 330 2368 391 mammon
2414 330 2479 390 B.

303 482 376 519 1⁰5
457 464 648 547 φράζεό
669 488 768 543 μευ
789 464 876 523 τὸν
899 462 1049 544 ἔροιθ’
1077 462 1189 523 ὅθεν
1212 460 1383 540 ἵκετο,
1407 462 1572 521 πότνα
1597 462 1823 523 Σελάνα.

377 562 523 614 πᾶσα
551 552 647 629 μὲν
668 551 896 633 ἐψύχθην
920 552 1089 631 χιόνος
1115 548 1293 624 πλέον,
1326 552 1386 609 ἐκ
1415 547 1468 609 δὲ
1499 549 1725 627 μετώπω

377 640 530 721 ἱδρώς
558 662 656 716 μευ
679 640 992 718 κοχύδεσκεν
1015 636 1123 697 ἴσον
1149 636 1395 696 νοτίαισιν
1419 636 1646 717 ἐέρσαις,

378 728 494 787 οὐδέ
516 753 568 787 τι
593 736 832 810 φωνᾶσαι
855 724 1110 804 δυνάμαν,
1137 728 1243 784 οὐδ’
1264 722 1414 785 ὅσσον
1445 728 1497 783 ἐν
1525 724 1671 808 ὕπνῳ

379 820 677 885 κνυζεῦνται
705 819 967 896 φωνεῦντα
994 812 1147 895 φίλαν
1167 812 1288 872 ποτὶ
1316 811 1518 893 ματέρα
1539 810 1723 873 τέκνα·

306 906 496 963 ιιοοῖλλ’
526 902 724 980 ἐπάγην
748 904 930 981 δαγῧδι
956 900 1115 960 καλὸν
1143 902 1280 981 χρόα
1303 901 1550 959 πάντοθεν
1581 898 1694 961 ἴσα.

469 989 661 1074 φράζεό
689 1014 786 1068 μευ
813 988 899 1048 τὸν
923 987 1069 1070 ἔρωθ’
1093 988 1206 1047 ὅθεν
1221 986 1388 1061 ἵκετο,
1409 988 1574 1047 πότνα
1608 988 1834 1049 Σελάνα.

381 1079 473 1138 καί
497 1081 550 1157 μ’
581 1076 755 1146 ἐςιδὼν
773 1074 1060 1158 ὧστοργος,
1090 1078 1174 1135 ἐπὶ
1193 1076 1372 1157 χθονὸς
1397 1076 1616 1155 όμματα
1643 1074 1808 1149 πήξας

381 1168 510 1237 ἕζετ’
537 1166 624 1227 ἐπὶ
643 1169 877 1247 κλιντῆρι
895 1166 986 1225 καὶ
1009 1164 1241 1243 ἱζόμενος
1263 1164 1395 1246 φάτο
1422 1168 1580 1242 μῦθον
1599 1190 1612 1203 ·

379 1248 415 1329 ἦ
445 1255 510 1337 ῥά
536 1279 602 1333 με
618 1300 634 1329 ,
663 1254 926 1333 Σιμαίθα,
947 1253 1096 1313 τόσον
1125 1252 1380 1333 ἔφθασας,
1405 1252 1555 1313 ὅσσον
1585 1252 1689 1330 ἐγώ
1715 1259 1810 1325 θην

306 1342 516 1425 ιιιπράν
537 1367 676 1403 ποκα
699 1342 784 1401 τὸν
809 1342 1058 1423 χαρίεντα
1085 1340 1287 1422 τρέχων
1309 1340 1504 1423 ἔφθαξα
1527 1343 1766 1414 Φιλῖνον,

381 1435 432 1501 ἐς
449 1432 508 1492 τὸ
529 1431 643 1491 τεὸν
665 1429 938 1491 καλέσασα
965 1430 1083 1489 τόδε
1105 1429 1284 1508 στέγος
1319 1430 1354 1502 ἤ
1381 1454 1446 1507 με
1468 1432 1729 1509 παρῆμεν.

457 1520 648 1603 φράζεό
668 1544 766 1599 μευ
795 1518 883 1579 τὸν
909 1518 1059 1599 ἔροιθ’
1086 1518 1199 1577 ὅθεν
1217 1517 1389 1592 ἵκετο,
1416 1518 1582 1578 πότνα
1608 1517 1833 1581 Σελάνα.

381 1606 530 1685 ἦνθον
552 1607 652 1689 γὰρ
679 1605 828 1684 κήγὼ
847 1606 935 1665 ναὶ
953 1606 1040 1665 τὸν
1069 1604 1262 1685 γλυκὺν
1296 1596 1448 1676 ἦνθον
1467 1603 1685 1687 Ἔρωτα
1699 1651 1717 1679 ,

381 1694 416 1765 ἢ
435 1696 604 1775 τρίτος
621 1694 684 1768 ἠὲ
709 1696 948 1776 τέταρτος
966 1694 1062 1752 ἐὼν
1093 1693 1236 1775 φίλος
1269 1692 1454 1755 αὖτίκα
1474 1694 1654 1762 νυκτός
1667 1740 1682 1765 ,

309 1785 529 1860 ιεομὲλα
549 1784 642 1861 μὲν
661 1786 714 1842 ἐν
737 1782 979 1843 κόλποισι
1002 1780 1284 1842 Διωνύσοιο
1311 1781 1611 1862 φυλάσσων,

381 1870 534 1951 κρατὶ
563 1872 609 1929 δ’
637 1869 771 1951 ἔχων
795 1867 1006 1943 λεύκαν,
1027 1868 1312 1950 Ἡρακλέος
1332 1869 1467 1951 ἱερὸν
1486 1869 1658 1950 ἔρνος,

380 1958 603 2018 πάντοθε
626 1958 968 2041 πορφυρέαισι
985 1955 1415 2037 περιζῶστραισιν
1435 1957 1662 2019 ἐλικτάν.

466 2046 658 2127 φράζεό
687 2070 785 2124 μευ
812 2046 898 2104 τὸν
919 2046 1068 2125 ἔρωθ’
1098 2043 1210 2105 ὅθεν
1237 2044 1379 2105 ἵκετο
1397 2091 1412 2119 ,
1435 2044 1598 2104 πότνα
1621 2044 1848 2105 Σελάνα.

385 2134 474 2193 καί
502 2134 556 2211 μ’
577 2136 622 2193 εἶ
646 2134 740 2213 μέν
763 2134 810 2193 κ’
831 2134 1086 2213 ἐδέχεσθε,
1101 2134 1214 2193 τάδ’
1242 2124 1302 2205 ἧς
1326 2132 1450 2213 φίλα
1465 2154 1477 2167 ·
1495 2133 1582 2192 καὶ
1603 2132 1704 2213 γὰρ
1721 2130 1935 2213 ἐλαφρός

307 2219 474 2283 nazal
495 2220 654 2289 καλὸς
680 2220 934 2280 πάντεσσι
959 2221 1072 2297 μετ’
1091 2218 1308 2291 ἠιθέοισι
1332 2221 1615 2298 καλεῢμαι.

381 2301 525 2369 εὗδον
545 2310 589 2368 δ’
614 2309 720 2367 είκε
743 2309 895 2385 μόνον
921 2308 982 2366 τὸ
1008 2308 1166 2367 καλὸν
1199 2308 1365 2385 στόμα
1387 2314 1505 2376 τεῦς
1533 2308 1779 2390 ἔφίλασα·

382 2399 427 2455 εἰ
451 2398 498 2455 δ’
525 2398 662 2476 ἄλλᾷ
691 2398 748 2473 μ’
779 2396 987 2468 ὠθεῖτε,
1017 2396 1107 2455 καὶ
1136 2396 1170 2452 ἆ
1187 2394 1315 2475 θύρα
1340 2394 1510 2475 εἴχετο
1539 2398 1753 2477 μοχλῷ,

266 2555 272 2561 .
385 2488 591 2551 παντῶς
619 2483 708 2542 καὶ
730 2484 964 2550 πελέκεις
983 2484 1074 2541 καὶ
1095 2481 1368 2559 λαμπάδες
1397 2474 1548 2554 ἧνθον
1580 2487 1660 2565 ἐφ’
1689 2482 1867 2561 ὑμέας.

308 2596 567 2742 aad&
569 2568 1076 2742 ξζῖριῗᾞιῖοἷφξῖοῗᾷ
1093 2570 1556 2741 {23243'531‘22333
1561 2574 1846 2742 ἷφῖἷῖῗῖἶῗ

381 2748 473 2808 καὶ
495 2748 628 2828 μετὰ
653 2748 749 2807 τὰν
775 2748 978 2829 Κύπριν
997 2746 1059 2807 τύ
1080 2772 1145 2825 με
1173 2747 1386 2829 δευτέρα
1415 2751 1474 2806 ἐκ
1491 2748 1650 2829 πυρὸς
1674 2746 1809 2807 εἵλευ
1825 2794 1838 2819 ,

380 2828 426 2898 ὦ
453 2837 636 2918 γύναι,
663 2836 982 2905 ἕςκαλέσασα
1011 2835 1122 2895 τεὸν
1146 2836 1268 2896 ποτὶ
1288 2841 1440 2895 τοῦτο
1469 2834 1722 2918 μέλαθρον

383 2924 550 2992 αὕτως
570 2923 906 3007 ἡμίφλεκτον·
935 2923 1108 3003 Ἔρως
1127 2925 1172 2981 δ’
1204 2925 1305 3005 ἄρα
1326 2926 1418 2985 καὶ
1443 2925 1722 3006 Λιπαραῖοι

382 3012 634 3081 πολλάκις
650 3011 942 3092 Ἁφαίστοιο
961 3011 1115 3081 σέλας
1141 3015 1520 3095 φλογερώτερον
1555 3014 1701 3072 αἴθει.

307 3121 384 3162 1³⁸
463 3099 656 3183 φράζεό
682 3125 780 3180 μευ
798 3101 884 3160 τὸν
906 3100 1054 3182 ἔροιθ’
1082 3100 1196 3160 ὅθεν
1217 3099 1385 3176 ἵκετο,
1408 3101 1572 3160 πότνα
1598 3101 1825 3162 Σελάνα.

387 3188 479 3248 σὺν
503 3189 557 3248 δὲ
577 3190 763 3255 κακαῖς
782 3189 992 3266 μανίαις
1019 3189 1109 3247 καὶ
1131 3188 1383 3269 παρθένον
1403 3190 1462 3248 ἐκ
1485 3189 1740 3266 θαλάμοιο

387 3277 477 3335 καὶ
499 3276 705 3357 νύμφαν
723 3275 939 3358 ἐφόὸησ’
967 3275 1042 3333 ἔτι
1067 3275 1252 3350 δέμνια
1271 3275 1438 3356 θερμὰ
1459 3277 1702 3335 λιποῑσαν

387 3365 581 3444 ἀνέρος.
606 3363 675 3431 ὣς
698 3365 726 3422 ὁ
745 3363 838 3442 μὲν
859 3355 999 3422 εἶπεν
1015 3381 1030 3400 ·
1051 3363 1154 3440 ἐγὼ
1174 3363 1230 3422 δέ
1251 3365 1300 3422 οἱ
1331 3364 1367 3421 ἃ
1388 3365 1704 3444 ταχυπειθής

385 3451 556 3532 χειρὸς
579 3451 890 3533 έφαψαμένα
906 3452 1156 3510 μαλακῶν
1183 3449 1340 3509 ἔκλιν’
1369 3453 1454 3509 ἐπὶ
1475 3453 1704 3532 λέκτρων
1723 3477 1734 3488 ·

312 3540 480 3602 nomi.
505 3538 641 3619 ταχὺ
663 3561 697 3618 7
745 3537 760 3562 “
779 3563 803 3605 ς
824 3538 911 3597 ἐπὶ
935 3537 1097 3618 χρωτὶ
1122 3538 1406 3598 πεπαίνετο
1421 3584 1437 3610 ,
1456 3539 1546 3597 καὶ
1575 3538 1642 3598 τὰ
1671 3539 1915 3620 πρόςωπα

389 3626 651 3707 θερμότερ’
700 3651 738 3698 ,ς
763 3625 798 3696 ἢ
822 3623 1042 3706 πρόσθε,
1073 3626 1164 3685 καὶ
1183 3627 1573 3707 ἔψιθυρίσδομες
1601 3626 1718 3688 ἁδύ.

387 3718 494 3795 χὼς
517 3714 605 3773 καί
630 3737 709 3773 τοι
729 3711 805 3791 μὴ
825 3712 1004 3794 μακρὰ
1028 3713 1153 3795 φίλα
1177 3714 1434 3794 θρυλέωμι
1469 3715 1678 3774 Σελάνα
1696 3761 1712 3792 ‚

391 3801 626 3880 ἐπράχθη
645 3801 714 3859 τὰ
742 3799 992 3878 μέγιστα,
1020 3801 1108 3858 καὶ
1139 3803 1189 3868 ἐς
1208 3801 1364 3860 πόθον
1398 3801 1620 3879 ἤνθομες
1641 3803 1816 3882 ἄμφω.

390 3889 541 3949 κοῦτε
567 3913 618 3948 τι
639 3894 789 3960 τῆνος
810 3889 924 3967 ἐμὶν
945 3888 1287 3971 ἐπεμέμψατο
1315 3889 1490 3971 μέσφα
1517 3913 1596 3948 τοι
1619 3891 1764 3969 ἐχθές
1781 3937 1794 3962 ,

313 3978 496 4038 ιεῡοῦτ’
526 3977 631 4057 ἐγὼ
653 3968 720 4037 αὖ
743 3977 898 4058 τήνῳ.
923 3979 1038 4036 ἀλλ’
1075 3969 1196 4049 {voi
1222 4001 1308 4055 μοι
1338 3977 1372 4036 ἅ
1397 4003 1454 4036 τε
1485 3977 1742 4046 Φιλίστας

392 4065 568 4146 μάτηρ
601 4075 694 4133 τᾶς
718 4066 858 4142 ἇμᾶς
887 4067 1186 4146 αὐλητρίδος
1214 4065 1248 4122 ἅ
1272 4089 1327 4123 τε
1359 4063 1607 4132 Μελιξοῦς

390 4151 642 4233 σάμερον,
669 4152 822 4212 ἇνίκα
845 4153 942 4231 πέρ
968 4151 1026 4210 τέ
1047 4157 1164 4211 ποτ’
1193 4152 1390 4232 ὠρανὸν
1420 4153 1638 4233 ἔτραχον
1663 4152 1816 4210 ἵπποι

391 4238 491 4300 Ἀῶ
513 4239 607 4298 τὰν
638 4240 930 4321 ῥοδόπαχυν
953 4242 1042 4298 ἀπ’
1067 4241 1339 4300 Ὠκεανοῖο
1367 4239 1626 4320 φέροισαι·

391 4317 540 4386 κεῖπέ
569 4351 658 4406 μοι
687 4327 822 4386 ἄλλα
853 4351 908 4386 τε
931 4327 1100 4386 πολλὰ
1127 4327 1217 4386 καὶ
1243 4329 1314 4392 ὥς
1349 4327 1450 4408 ἄρα
1478 4327 1666 4408 Δέλφις
1696 4331 1895 4406 ἐρᾶται.

314 4415 528 4484 ιςοκεῖτε
551 4438 627 4472 νιν
657 4407 780 4473 αὖτε
807 4415 1042 4493 γυναικὸς
1068 4413 1178 4494 ἔχει
1207 4415 1362 4482 πόθος
1395 4413 1498 4473 εἴτε
1526 4417 1614 4474 καὶ
1641 4417 1838 4493 ἀνδρός,

391 4505 484 4562 οὐκ
507 4503 658 4584 ἔφατ*
676 4500 884 4582 ἀτρεκὲς
910 4501 1078 4578 ἴδμεν,
1101 4499 1235 4584 ἀτὰρ
1256 4501 1405 4562 τόσον
1424 4527 1436 4540 ·
1458 4502 1566 4561 αἰὲν
1601 4501 1786 4582 ἔρωτος

391 4590 602 4669 ἀκράτω
633 4589 870 4669 ἐπεχεῖτο
895 4589 984 4648 καὶ
1003 4593 1052 4657 ἐς
1077 4589 1217 4658 τέλος
1239 4591 1404 4671 ᾤχετο
1425 4591 1644 4670 φεύγων,

390 4677 480 4735 καὶ
503 4677 636 4759 φάτο
662 4680 708 4736 οἵ
727 4677 1024 4759 στεφάνοισι
1042 4676 1107 4736 τὰ
1129 4677 1347 4754 δώματα
1371 4682 1501 4748 τῆνα
1525 4677 1822 4735 πυκάσδειν.

389 4766 556 4824 ταῦτά
583 4788 672 4842 μοι
709 4765 743 4823 ἅ
765 4763 902 4833 ξείνα
927 4764 1192 4842 μυθήσατο
1212 4789 1226 4804 ·
1257 4765 1367 4824 ἔστι
1387 4765 1436 4823 δ’
1462 4768 1683 4835 ἀλαθής·

315 4844 424 4924 ιωῆ
449 4851 550 4932 γάρ
579 4876 666 4930 μοι
691 4853 781 4910 καὶ
802 4851 912 4932 τρὶς
938 4852 1026 4911 καὶ
1051 4854 1286 4932 τετράκις
1306 4853 1486 4911 ἄλλοκ’
1512 4852 1686 4934 ἐφοίτν,
1702 4899 1716 4922 ,

389 4940 479 4998 καὶ
510 4944 636 5015 παρ’
659 4940 773 5014 ἐμὶν
803 4938 954 4997 ἐτίθει
975 4938 1069 4996 τὰν
1104 4938 1312 5018 Δωρίδα
1337 4939 1588 5005 πολλάκις
1615 4939 1781 4997 ὄλπαν
1799 4962 1812 4976 ·

389 5033 478 5086 νῦν
505 5026 562 5084 δέ
581 5049 636 5084 τε
658 5028 999 5093 δωδεκαταῖος
1030 5027 1117 5108 ἀφ’
1149 5018 1251 5085 ὧτέ
1269 5051 1343 5085 νιν
1363 5027 1600 5086 οὖδέποκ*
1625 5019 1775 5087 εἶδον.

393 5108 426 5186 ἦ
451 5118 496 5190 ῥ’
528 5116 620 5172 οὐκ
645 5113 774 5172 ἄλλο
797 5136 846 5170 τι
869 5113 1084 5194 τερπνὸν
1115 5112 1224 5194 ἔχει
1234 5161 1250 5186 ,
1279 5115 1427 5191 ἁμῶν
1454 5113 1506 5172 δὲ
1529 5114 1805 5184 λέλασται,

2075 470 2319 521 considera
2340 482 2503 519 meum
2518 481 2733 519 amor-un
2748 468 2877 518 unde
2894 470 3107 531 venerit,
3126 468 3395 519 veneranda
3410 470 3571 520 uma.

2012 562 2113 609 tota
2130 558 2294 608 refrixi
2312 558 2423 608 nive
2440 556 2589 620 magis
2600 592 2616 621 ,
2636 558 2686 607 et
2698 570 2763 607 ex
2778 557 2935 607 fronte

2011 646 2159 697 sudor
2174 646 2291 697 mihi
2314 644 2503 697 abunde
2528 644 2767 695 defluebat
2792 644 2939 695 instar
2959 644 3093 695 fluidi
3110 645 3259 705 roris,

2014 735 2370 799 necquicquam
2386 734 2546 797 eloqui
2564 736 2798 797 poteram,
2810 734 3118 795 nequantum
3130 732 3383 796 quidemin
3398 745 3575 783 nomm

2013 823 2291 873 balbutiunt
2305 822 2603 885 alloquentes
2622 834 2785 871 caram
2802 822 3009 870 matrem
3024 818 3186 882 puer-13

2014 910 2099 961 sed
2120 912 2225 961 toto
2242 922 2439 973 corpore
2454 909 2665 972 obrigui,
2692 911 2749 959 ut
2766 920 2897 972 pnpa
2920 920 3109 971 gypsea.

2078 998 2324 1050 considera
2336 1010 2499 1049 meum
2514 1010 2731 1047 amorem
2748 995 2878 1047 unde
2894 996 3099 1059 venedt,
3118 993 3391 1045 venerari&
3410 996 3567 1045 Luna.

2018 1100 2075 1137 ac
2092 1100 2171 1138 me
2188 1087 2391 1137 intuitus
2405 1086 2486 1137 ille
2502 1085 2677 1136 amoris
2692 1097 2865 1149 expoes
2879 1120 2895 1147 ,
2920 1083 3071 1134 oculis
3082 1084 3135 1133 in
3150 1084 3329 1134 terram
3342 1082 3517 1133 defixis

2017 1175 2191 1225 assedit
2206 1176 2257 1225 in
2274 1176 2400 1225 lecto
2416 1178 2468 1225 et
2488 1173 2659 1225 cedens
2684 1173 2790 1224 hoec
2804 1171 2954 1223 verba
2970 1170 3142 1223 dedit:

2020 1263 2181 1315 hercle
2192 1300 2211 1329 ‚
2234 1260 2463 1314 Slmoetha
2474 1298 2489 1324 ‚
2508 1263 2699 1313 tantum
2713 1273 2795 1312 me
2808 1258 3096 1325 prmvertisti
3105 1294 3121 1324 ‚
3138 1260 3375 1323 quantum
3391 1271 3483 1321 ego

2018 1364 2171 1415 nuper
2185 1350 2441 1414 aliquando
2450 1350 2713 1401 formosum
2722 1347 2960 1401 currendo
2970 1348 3194 1413 proeverti
3207 1347 3468 1409 Philinum,

2020 1452 2173 1502 quum
2191 1438 2241 1489 ln
2264 1442 2407 1489 tuum
2421 1440 2607 1489 tectum
2622 1450 2702 1489 me
2720 1437 2901 1487 vocasti
2913 1473 2930 1500 ,
2948 1438 3208 1501 antequam
3226 1436 3326 1499 ipae
3338 1436 3583 1485 venirem.

2080 1526 2328 1579 considera
2344 1539 2507 1577 meum
2522 1538 2739 1577 amorem
2754 1524 2884 1576 unde
2906 1524 3112 1588 venerit,
3130 1522 3405 1575 veneranda
3422 1525 3582 1573 Luna.

2022 1617 2255 1667 venissem
2270 1616 2401 1666 enlm
2432 1617 2483 1665 et
2508 1628 2596 1677 ego
2616 1628 2702 1678 per
2718 1612 2911 1664 dulcem
2926 1614 3165 1663 venissem
3190 1618 3447 1675 Amorem,

2020 1710 2103 1755 aut
2116 1705 2285 1755 tertius
2298 1706 2383 1754 aut
2394 1708 2599 1767 quartus
2616 1702 2797 1753 amicus
2814 1702 2959 1765 (cum
2978 1700 3174 1751 duobus
3196 1700 3428 1753 tribusve
3444 1707 3588 1753 ami·

2020 1794 2120 1856 cis)
2138 1792 2299 1843 statim
2318 1797 2459 1843 nocte
2486 1792 2735 1855 ingruente
2749 1790 2786 1855 ,]
2806 1790 2931 1841 mala
2950 1790 3125 1840 Bacchi
3148 1790 3200 1839 in
3230 1790 3339 1841 sinu
3356 1804 3588 1854 servans,

2022 1882 2168 1944 caput
2190 1882 2391 1931 ornams
2406 1880 2587 1945 populo
2603 1915 2619 1941 ,
2642 1879 2861 1930 Herculis
2880 1890 3017 1929 sacra
3032 1876 3195 1943 planta
3208 1914 3225 1943 ,
3296 1874 3299 1877 ’

2022 1968 2237 2032 undique
2261 1967 2511 2035 purpureis
2526 1968 2682 2018 toeniia
2702 1966 3063 2017 circumvoluta.

2084 2056 2331 2107 considera
2356 2068 2519 2105 meum
2537 2068 2751 2106 amorem
2766 2054 2895 2105 unde
2907 2053 3113 2118 venerit,
3132 2054 3404 2105 veneranda
3422 2056 3587 2106 Luna.

2024 2148 2073 2197 et
2090 2158 2169 2195 me
2182 2146 2221 2196 sl
2240 2144 2543 2208 excepisseta
2554 2180 2570 2208 ,
2590 2143 2641 2194 id
2664 2143 2831 2193 fuisset
2846 2145 3065 2206 mtum5
3082 2142 3263 2193 etenim
3279 2143 3416 2207 agilia

2024 2240 2072 2285 et
2089 2234 2251 2298 pulcer
2264 2246 2431 2283 omnes
2446 2233 2571 2283 inter
2584 2232 2785 2294 iuvenes
2796 2243 2963 2282 vocor.

2025 2326 2169 2386 atque
2176 2321 2509 2385 quievissemsi
2528 2319 2674 2369 modo
2688 2320 2909 2383 pulcrum
2918 2332 2973 2370 oe
2986 2324 3125 2369 tuum
3133 2319 3379 2369 osculatus
3393 2333 3560 2371 essem
3574 2338 3589 2383 ς

2026 2411 2101 2461 sin
2127 2410 2220 2459 alio
2244 2423 2322 2459 me
2340 2408 2639 2473 pepulissetis
2664 2409 2713 2457 et
2732 2406 2879 2469 ianua
2896 2406 3151 2457 obfirmata
3168 2406 3335 2457 inisset
3364 2408 3591 2471 pessulo,

2027 2497 2193 2561 utique
2210 2500 2261 2548 et
2276 2510 2466 2548 secures
2490 2499 2541 2547 et
2558 2496 2685 2546 faces
2704 2496 2943 2545 venissent
2960 2494 3021 2543 ad
3041 2508 3145 2545 vos.

2089 2584 2338 2636 considera
2352 2598 2515 2637 meum
2532 2596 2745 2633 amorem
2765 2582 2893 2632 unde
2906 2584 3118 2646 venerit,
3133 2584 3407 2635 veneranda
3428 2586 3589 2635 Luna.

2028 2686 2155 2725 nunc
2166 2674 2328 2723 autem
2340 2672 2527 2723 affirmo
2544 2711 2559 2736 ,
2580 2672 2755 2721 Veneri
2771 2671 2940 2735 primm
2956 2683 3037 2721 me
3049 2670 3251 2733 gratiam
3266 2670 3443 2721 debere
3459 2709 3476 2734 ,

2028 2762 2079 2811 et
2094 2762 2204 2825 post
2219 2762 2455 2811 Venerem
2468 2763 2523 2811 tu
2548 2773 2625 2811 me
2642 2758 2851 2810 secunda
2869 2772 2932 2809 ex
2954 2758 3148 2809 flamma
3164 2758 3379 2822 eripuisti
3390 2796 3407 2821 ,

2028 2860 2059 2897 ο
2081 2846 2269 2909 mulier,
2288 2858 2399 2910 quae
2415 2858 2497 2895 me
2513 2846 2803 2895 arcessivisti
2820 2846 2871 2897 in
2892 2846 3037 2897 hasce
3055 2847 3160 2896 tuas
3175 2846 3305 2897 aedce
3322 2884 3337 2910 ,

2028 2935 2098 2986 sic
2114 2937 2393 2986 seeundum
2419 2955 2432 2985 ε
2453 2940 2600 2985 Αιιιοι·
2616 2935 2743 2986 enim
2768 2935 2915 2986 etiam
2932 2936 3147 2998 Liparaeo

2030 3037 2155 3088 saepe
2176 3023 2389 3074 vulcano
2406 3023 2645 3073 flammam
2666 3022 2985 3074 ardentiorem
3002 3022 3237 3074 accendit.

2089 3111 2337 3164 vconsidera
2352 3124 2515 3163 merim
2532 3125 2747 3162 amorem
2763 3111 2895 3162 unde
2915 3111 3127 3173 venerit,
3146 3111 3419 3163 veneranda
3434 3115 3593 3164 [mna.

2032 3215 2144 3250 oum
2172 3199 2309 3252 malis
2326 3199 2457 3250 iuriis
2480 3205 2529 3250 et
2556 3200 2787 3263 virginem
2808 3213 2837 3250 e
2852 3199 3064 3250 thalamo

2032 3291 2083 3342 et
2106 3293 2306 3353 nuptam
2325 3291 2565 3353 exagitare
2589 3289 2711 3340 solet
2740 3291 2796 3338 ut
2814 3290 2978 3338 torum
3008 3287 3167 3338 adhuc
3184 3289 3425 3340 calentem
3452 3290 3595 3340 dere·

2031 3376 2236 3441 linquat]
2256 3377 2363 3427 viri.
2380 3377 2489 3427 haec
2504 3377 2585 3427 ille
2596 3375 2720 3426 dixit
2734 3393 2751 3438 ;
2770 3389 2857 3439 ego
2870 3378 3037 3426 autem
3050 3377 3189 3426 facilc
3204 3377 3404 3426 credula

2032 3477 2177 3514 manu
2196 3464 2299 3526 ejus
2310 3465 2541 3528 prehensa
2554 3465 2749 3515 mollem
2764 3463 2989 3514 reclinavi
3006 3463 3057 3515 in
3071 3464 3250 3515 lectum
3264 3481 3278 3524 ;

2032 3563 2147 3601 mox
2165 3565 2340 3615 corpus
2355 3565 2554 3616 corpore
2574 3551 2821 3603 calefiebat
2832 3588 2847 3613 ‚
2866 3554 2919 3602 et
2934 3564 3019 3602 ora

2032 3639 2279 3690 fervebant
2296 3640 2445 3704 magis
2467 3653 2616 3704 quam
2633 3642 2773 3690 antea
2784 3676 2799 3703 ,
2818 3641 2867 3689 et
2884 3640 3247 3690 susurrabamus
3264 3641 3496 3691 suaviter.

2032 3740 2091 3776 ac
2120 3740 2181 3777 ne
2204 3739 2317 3777 sane
2336 3727 2488 3777 muita
2514 3727 2601 3778 tibi
2631 3727 2831 3790 garriam
2843 3763 2858 3790 ,
2885 3739 2996 3778 cara
3020 3729 3157 3777 Luna
3171 3763 3187 3791 ,

2033 3816 2159 3867 facta
2184 3817 2255 3865 est
2273 3815 2487 3865 maxima
2501 3827 2579 3865 res
2592 3853 2606 3878 ,
2629 3817 2679 3866 et
2701 3822 2814 3865 voto
2833 3817 3035 3878 uterque
3048 3815 3185 3878 potiti
3210 3829 3393 3867 sumus.

2032 3916 2091 3952 ac
2105 3916 2263 3966 neque
2284 3903 2365 3953 ille
2390 3902 2509 3952 mihi
2526 3903 2783 3966 quicqum
2811 3903 3117 3966 exprobravit
3148 3917 3299 3966 usque
3316 3904 3379 3954 ad
3402 3905 3595 3956 hester-

2034 4004 2152 4042 num
2169 3991 2317 4055 diem]
2335 4003 2491 4055 neque
2514 4005 2601 4053 ego
2616 3991 2823 4041 vicissim
2837 3991 2925 4040 illi.
2944 3990 3029 4041 sed
3046 3991 3178 4040 venit
3195 3991 3257 4040 ad
3276 4005 3355 4042 me
3376 3993 3599 4044 Philistae

2032 4083 2187 4130 mater
2201 4083 2378 4130 nostrae
2394 4079 2603 4130 tibicinae
2620 4082 2671 4130 et
2687 4080 2891 4130 Melixus

2032 4167 2192 4229 hodie,
2212 4181 2363 4232 quum
2382 4167 2579 4232 quidem
2596 4167 2659 4216 ad
2678 4167 2853 4216 coelum
2870 4166 3223 4218 adscendebant
3244 4169 3355 4234 equi

2031 4259 2265 4305 Auroram
2282 4267 2467 4306 roceam
2494 4269 2556 4306 ex
2577 4257 2771 4306 oceano
2795 4255 3113 4306 subvehentes
3124 4273 3142 4318 3

2031 4357 2142 4408 quae
2158 4342 2283 4394 dixit
2306 4343 2425 4392 mihi
2446 4345 2497 4393 et
2515 4343 2609 4392 alia
2632 4343 2783 4392 multa
2802 4345 2851 4393 et
2876 4343 2986 4404 hoc,
3010 4343 3215 4407 Delphin
3232 4357 3411 4395 amare.

2032 4445 2149 4484 uum
2166 4435 2331 4483 autem
2346 4444 2459 4482 eum
2478 4431 2690 4482 mulieris
2707 4430 2991 4481 desiderium
3009 4433 3171 4482 teneat
3186 4445 3251 4482 an
3277 4433 3369 4483 viri
3386 4470 3401 4496 ,

2030 4518 2089 4568 id
2104 4518 2308 4581 negabat
2329 4529 2383 4568 se
2404 4521 2536 4567 oerto
2553 4518 2699 4578 scire3
2726 4517 2810 4566 aed
2834 4519 3025 4568 tantum
3044 4519 3174 4569 mihi
3200 4520 3346 4570 dixit
3366 4541 3379 4571 ε
3401 4535 3599 4586 semper

2034 4609 2091 4655 in
2110 4609 2193 4656 sui
2217 4605 2398 4655 amoris
2422 4603 2683 4668 honorem]
2710 4603 2771 4654 de
2806 4619 2940 4655 mero
2966 4606 3057 4656 sibi
3078 4606 3267 4657 infundi
3304 4608 3512 4669 iubebat
3546 4615 3599 4661 et

2034 4699 2277 4756 postremo
2292 4691 2591 4756 ausug1t‚]et
2604 4691 2725 4742 dixit
2737 4717 2759 4755 ,·
2770 4706 2824 4742 se
2838 4693 3032 4743 corollis
3046 4693 3175 4744 aedes
3194 4695 3299 4746 illas
3313 4697 3597 4748 redimitum

2028 4779 2139 4843 ire.]
2164 4781 2271 4829 haec
2288 4781 2403 4830 mihi
2416 4781 2571 4830 amica
2588 4781 2800 4831 narravit
2814 4798 2828 4842 ;
2854 4785 2927 4830 est
2943 4783 3106 4831 autem
3125 4794 3302 4844 verax3

2030 4871 2159 4918 certe
2175 4867 2303 4916 enim
2322 4867 2383 4917 ad
2404 4881 2484 4916 me
2506 4872 2555 4916 et
2576 4871 2649 4917 ter
2668 4870 2715 4918 et
2732 4871 2903 4932 quater
2926 4868 3045 4919 alias
3068 4871 3397 4933 commeabat,

2027 4957 2075 5006 et
2092 4956 2219 5019 apud
2238 4969 2318 5004 me
2329 4969 2455 5018 saepe
2467 4955 2732 5017 deponebat
2754 4957 2977 5008 Doricam
3002 4958 3265 5021 ampullam
3282 4975 3297 5019 ;

2023 5057 2155 5093 nunc
2173 5045 2333 5092 autem
2347 5042 2659 5092 duodecimus
2672 5045 2777 5093 dies
2796 5049 2875 5094 est
2891 5059 2992 5108 qu
3002 5059 3064 5094 uo
3074 5059 3185 5095 eum
3200 5059 3449 5109 nunquam
3466 5049 3595 5098 vidi.

2034 5143 2199 5180 nmine
2216 5129 2333 5179 alias
2361 5129 2591 5193 quasdam
2612 5131 2803 5180 delicias
2832 5132 3002 5194 habet,
3024 5137 3073 5182 ct
3090 5133 3239 5182 nostri
3258 5133 3443 5184 oblitus
3464 5140 3581 5186 est?
