3767 5825
882 524 1772 674 ARMINIO
1879 513 2816 656 KOECHLY

1655 839 1740 920 S.
1798 839 1890 918 P.
1952 837 2053 916 D.

1059 1135 1965 1245 FREDERIGUS
2048 1097 2667 1235 DUBNE'R.

325 1693 806 1758 Proficiscentem
831 1683 941 1767 (ne
959 1667 1200 1760 dubita)
1221 1677 1436 1755 cupido
1449 1676 1686 1734 incessit
1707 1673 1828 1733 Ma·
1919 1674 2003 1732 mi
2036 1677 2097 1731 et
2122 1673 2318 1748 ipsum
2352 1671 2585 1729 initium
2623 1665 2900 1726 caminis
2927 1663 3022 1724 his
3054 1663 3249 1724 verbis
3287 1681 3494 1726 conce-

231 1785 526 1846 nethonis
549 1781 664 1838 Tui
686 1777 928 1836 sarcinis
956 1768 1330 1837 includendi3
1361 1780 1564 1824 verum
1591 1764 1832 1822 saniori-
1922 1768 2089 1838 ptum
2114 1778 2129 1817 ε

235 1877 367 1936 bus
388 1870 720 1952 astrologus
748 1864 850 1924 ille
871 1859 1254 1938 scriptoribus
1280 1857 1467 1915 bonas
1486 1853 1660 1911 horas
1680 1850 1834 1910 mul-

236 1967 422 2024 tasin
441 1959 708 2021 Medicea
728 1954 1057 2013 detractum
1077 1952 1164 2006 ire
1181 1945 1449 2023 parabat.
1466 1941 1660 2014 Quare
1675 1940 1835 1999 domi

239 2053 466 2128 reliqui
497 2053 676 2126 quem
702 2046 768 2102 in
788 2038 1100 2118 splendido
1127 2041 1341 2096 ornatu
1366 2033 1497 2092 Tuo
1537 2047 1602 2089 se
1629 2031 1838 2088 merito

2049 1892 2168 1942 1318
2202 1891 2287 1953 ἆγε
2315 1906 2395 1953 μοι
2412 1889 2558 1953 κούρη
2586 1884 2855 1951 Πιμπληιὰς
2868 1885 3027 1936 lmus
3048 1887 3222 1936 Μοῦσα

2061 1963 2223 2022 Μήνην
2246 1960 2533 2025 ὴερὸφοιτον,
2560 1959 2690 2014 ὅπως
2713 1957 2955 2020 ἄνδρεσσιν
2981 1957 3163 2006 ἕκαστα

2053 2033 2272 2097 σημαίνει
2296 2031 2563 2082 σκολιωπὸν
2581 2028 2918 2092 ἐπιστείχουσα
2929 2028 3161 2080 κέλευθον.

235 2147 478 2220 ἱθθῐὸΐθ
499 2135 782 2202 ⁸⁰¹2b8m2
813 2130 1075 2190 oeffioem
1101 2132 1300 2185 tamen
1319 2126 1384 2181 5¹¹
1403 2123 1576 2180 terris
1596 2120 1839 2178 unicum
1933 2141 2179 2221 [Codex
2220 2157 2283 2201 v.
2338 2148 2371 2198 2
2400 2136 2707 2217 ἱερόφοιτον,
2745 2144 2779 2195 8
2806 2131 3079 2214 ἕπιστίχ.]
3130 2135 3253 2198 Hos
3300 2155 3505 2199 versus

241 2233 648 2308 inspecturus·
675 2221 820 2282 Vidi
852 2215 1125 2293 κειμήλιον
1158 2212 1352 2292 (plut.
1389 2219 1501 2280 28,
1535 2207 1668 2267 cod.
1709 2215 1784 2266 27
1821 2201 1837 2284 )

245 2320 491 2395 egregie
529 2317 828 2373 servatum
871 2312 932 2366 et
976 2303 1412 2380 elegantissima
1461 2294 1843 2372 calligraphia

248 2410 458 2466 nitens
473 2448 491 2476 ,
522 2409 592 2462 ut
611 2417 688 2459 ne
706 2411 896 2458 unam
918 2392 1162 2472 quidem
1184 2390 1428 2450 literam
1448 2391 1573 2444 toto
1590 2387 1654 2444 in
1671 2399 1844 2460 opere

251 2495 526 2556 dubiam·
548 2505 674 2550 esse
705 2501 880 2564 posse
918 2484 1271 2542 existimem.
1315 2478 1450 2553 Ipse
1489 2477 1542 2534 si
1585 2473 1841 2544 videres,

253 2586 562 2660 {egerrime
581 2577 844 2655 proiecto
859 2573 1045 2633 ferres
1067 2567 1370 2629 cumulum
1397 2564 1566 2623 illum
1580 2565 1845 2622 testimo-

253 2678 499 2734 niorum
536 2684 657 2745 quo
695 2669 880 2725 scatet
920 2659 1227 2720 annotatio
1253 2655 1413 2724 Tua,
1437 2660 1496 2713 et
1544 2651 1844 2711 discordes

253 2777 416 2836 saepe
455 2759 732 2833 strepitus
771 2754 870 2810 τῶν
916 2747 1131 2809 MGHJ
1146 2789 1164 2818 ,
1200 2743 1544 2820 simpliciter
1591 2743 1811 2817 quippe
1827 2782 1844 2809 ,

261 2849 427 2908 clare
456 2854 516 2907 et
545 2845 821 2904 distincte
839 2841 1118 2915 loquente
1143 2831 1513 2892 membrana.
1551 2829 1688 2888 Non
1713 2843 1850 2886 me-

263 2944 421 3002 mini
443 2957 516 2999 ex
548 2938 691 2997 Tuis
718 2935 909 3013 primi
933 2931 1070 2991 libri
1095 2932 1462 3005 argumenta.
1488 2923 1562 2983 In
1579 2923 1779 2983 codice
1800 2926 1852 2981 is

265 3031 422 3090 liber
441 3032 506 3088 in
522 3027 896 3103 septuaginta
917 3022 1113 3096 capita
1134 3018 1382 3086 divisus,
1403 3030 1655 3091 quorum
1676 3028 1852 3089 argu-

262 3124 504 3188 menta,
528 3116 826 3193 praemissa
854 3111 1004 3170 libro
1021 3150 1038 3179 ,
1071 3108 1194 3165 suis
1222 3106 1363 3163 locis
1393 3103 1648 3162 breviter
1677 3118 1854 3178 repe-

263 3214 481 3267 tuntur
495 3208 560 3265 in
577 3204 842 3279 margine
851 3246 866 3259 .
892 3194 1338 3259 Memorabilius
1350 3194 1552 3263 etiam,
1571 3193 1635 3249 in
1647 3190 1854 3249 eodem

263 3296 424 3353 libro
467 3300 586 3353 tres
637 3287 809 3371 ῥήσεις
865 3304 970 3364 per
1009 3282 1272 3360 singulos
1312 3295 1520 3339 versus
1555 3280 1856 3338 asteriscis

263 3400 399 3443 esse
438 3381 767 3449 distinctas;
807 3392 979 3453 porro
1025 3373 1176 3432 duas
1224 3366 1399 3450 ῥήσεις
1438 3371 1502 3427 in
1545 3366 1805 3428 secundo
1831 3410 1851 3440 ,

269 3487 457 3531 unam
488 3473 551 3529 in
600 3473 790 3528 sexto.
831 3464 1035 3538 Quinti
1081 3460 1248 3529 libri,
1287 3457 1492 3516 itidem
1531 3462 1602 3534 ut
1649 3457 1853 3531 primi,

265 3567 464 3620 totum
514 3559 824 3618 decursum
868 3553 1131 3629 prosaica
1156 3546 1503 3624 paraphrasi
1554 3546 1858 3621 persequi-

271 3656 380 3707 tur
432 3647 772 3706 scholiastes
817 3644 884 3701 in
921 3641 1184 3715 margine
1201 3681 1220 3707 ,
1257 3634 1590 3695 uncialibus
1635 3633 1855 3706 literis,

272 3740 382 3813 qui
412 3752 540 3796 mos
567 3742 656 3794 est
691 3732 959 3792 codicum
990 3728 1200 3787 decimi
1230 3732 1290 3784 et
1314 3724 1614 3783 undecimi
1637 3723 1855 3783 saeculi.

273 3826 440 3895 Haec,
465 3826 554 3883 uti
575 3821 764 3893 vides,
788 3820 1058 3895 proxime
1076 3820 1330 3890 tangunt
1356 3814 1708 3890 quaestiones
1722 3827 1759 3871 a
1776 3810 1861 3869 Te

276 3914 682 3973 sollertissime
721 3911 972 3985 agitatas
1011 3922 1028 3962 ι
1065 3909 1133 3963 ut
1175 3920 1384 3963 verear
1412 3918 1486 3961 ne
1523 3898 1767 3980 (contra
1791 3915 1862 3960 ac

277 4002 592 4079 proverbio
617 4003 877 4076 jactatur
906 3994 928 4073 )
968 3998 1247 4069 quattuor
1283 3994 1427 4051 rotis
1464 3988 1678 4049 MGHJ
1717 3990 1861 4046 insi-

278 4092 458 4151 stenti
497 4090 691 4149 currui
730 4090 859 4163 jam
899 4083 1202 4159 percupias
1258 4079 1396 4139 addi
1447 4080 1740 4153 quintam.
1782 4076 1865 4135 At

278 4179 438 4237 hanc
463 4177 797 4236 Thesaurus
832 4171 1067 4232 Graecus
1088 4166 1428 4245 propediem
1463 4164 1722 4225 retrahet
1741 4163 1862 4223 Pa—

283 4271 476 4327 risios.

370 4356 704 4415 Mxxmuu
760 4349 904 4410 mihi
948 4360 1254 4422 nunquam
1302 4342 1655 4420 persuadere
1701 4344 1866 4417 potui

285 4461 413 4503 esse
439 4440 974 4503 Alexandrinorum
997 4450 1178 4511 quam
1207 4433 1459 4491 dicimus
1482 4436 1652 4490 aetate
1674 4445 1869 4489 recen-

287 4536 532 4591 tiorem:
556 4546 676 4606 quo
693 4528 883 4602 magis
913 4526 1150 4601 gavisus
1169 4536 1304 4580 sum
1339 4535 1530 4579 rerum
1555 4518 1869 4578 documen-

287 4623 366 4679 tis
393 4618 723 4678 manifestis
750 4631 884 4691 quae
901 4612 1157 4690 profers,
1195 4614 1256 4668 et
1274 4608 1639 4677 Ruhnkenii,
1669 4608 1774 4683 qui
1808 4610 1870 4666 in

289 4710 382 4768 his
422 4709 609 4783 poetis
652 4704 961 4765 habitabat
975 4746 992 4774 ,
1035 4699 1263 4776 judicio
1310 4697 1473 4775 quod
1501 4695 1865 4773 ignorabam.

291 4798 538 4857 Huncin
561 4795 760 4854 codice
781 4792 1039 4867 relegere
1063 4790 1505 4857 constitueram,
1519 4800 1700 4861 quum
1716 4800 1872 4843 nova

291 4904 389 4945 res
429 4901 494 4944 se
515 4884 733 4944 obtulit
756 4887 816 4941 et
837 4885 1077 4959 propter
1111 4876 1361 4935 Harlesii
1394 4875 1689 4933 silentium
1712 4888 1875 4948 pror-

296 4992 396 5034 sus
422 4977 848 5048 inexspectata.
889 4969 944 5028 A
971 4966 1261 5026 Bandinio
1301 4966 1457 5023 enim
1505 4964 1570 5021 in
1607 4961 1874 5037 ejusdem

297 5065 484 5141 plutei
509 5072 582 5122 28
625 5060 894 5120 codicum
921 5071 1163 5117 recensu
1201 5052 1496 5113 indicatur
1519 5056 1689 5110 vetus
1722 5066 1876 5128 syn-

297 5160 502 5228 tagma
551 5152 900 5226 scriptorum
945 5146 1426 5220 astrologicorum
1472 5137 1491 5220 (
1523 5140 1658 5199 cod.
1707 5146 1781 5200 34
1819 5135 1872 5217 ),

300 5240 462 5319 quod
476 5240 678 5298 multis
692 5254 827 5297 cum
841 5236 974 5295 aliis
989 5236 1251 5295 continet
1276 5229 1656 5306 paraphrasin
1679 5228 1875 5289 Maxi-

1931 2229 2257 2289 Bandinius
2298 2229 2684 2302 exscripserat
2729 2229 3019 2300 tanquam
3059 2225 3291 2285 initium
3338 2244 3508 2303 para-

1931 2319 2209 2395 phraseos
2249 2335 2264 2376 ε
2320 2323 2389 2376 ut
2426 2316 2687 2392 plurium
2734 2313 2875 2372 hinc
2924 2315 3181 2390 partium
3234 2319 3508 2376 carminis

1935 2409 2297 2485 exspectatio
2314 2403 2459 2464 mihi
2478 2403 2648 2463 iacile
2667 2400 3138 2462 subnasceretur.
3165 2401 3284 2464 Sed
3304 2421 3513 2465 manu-

1936 2500 2188 2575 scriptus
2227 2495 2373 2556 liber
2412 2497 2475 2554 in
2526 2493 2647 2552 illis
2694 2507 2822 2552 sese
2864 2493 3155 2563 continet,
3186 2497 3511 2569 prosaicam

1939 2586 2324 2662 paraphrasin
2346 2583 2664 2660 subjiciens
2676 2581 3055 2641 vehementer
3062 2583 3324 2659 jejunam
3348 2601 3363 2642 t
3386 2601 3515 2660 quae

1938 2677 2051 2736 hoc
2070 2682 2270 2734 tamen
2297 2673 2681 2733 emolumenti
2702 2669 2910 2740 affert,
2933 2674 3003 2728 ut
3028 2669 3321 2730 discamus
3342 2673 3516 2748 quale

1941 2765 2117 2824 fuerit
2156 2764 2340 2823 totius
2380 2762 2657 2820 carminis
2703 2763 3121 2836 argumentum
3138 2801 3157 2831 ,
3205 2764 3267 2818 et
3323 2776 3515 2821 rerum

1942 2857 2323 2914 tractatarum
2346 2851 2479 2927 quis
2498 2848 2671 2920 ordo;
2697 2862 2837 2907 nam
2858 2849 2922 2908 in
2942 2848 3015 2906 iis
3035 2861 3166 2924 quir.
3180 2857 3512 2927 supersunt,

1943 2943 2357 3021 paraphrastes
2388 2940 2536 3001 nihil
2559 2940 2777 2999 omisIt.
3570 2932 3575 2937 ’

2022 3034 2287 3093 Primum
2310 3033 2513 3108 igitur,
2561 3030 2861 3089 carlssime
2903 3029 3122 3098 amice,
3170 3042 3367 3089 eorum
3390 3047 3523 3106 quae

1944 3122 2173 3199 perdita
2226 3125 2367 3181 sunt
2413 3119 2801 3197 paraphrasin
2852 3119 3141 3194 integram
3190 3121 3518 3195 perscrib03

1947 3211 2162 3271 deinde
2189 3211 2573 3287 superstitum
2596 3211 2931 3282 excerptam
2950 3249 2968 3277 ,
2999 3206 3216 3266 additis
3242 3224 3525 3269 memora·

1946 3299 2255 3377 bilioribus
2272 3314 2349 3359 ex
2366 3294 2793 3374 poetaecodice3
2811 3294 3024 3353 vell·-
3041 3300 3239 3370 autem
3254 3296 3523 3372 aliquan-

1949 3391 2142 3450 tillum
2168 3390 2342 3465 spatii
2370 3387 2755 3447 concessisses
2778 3382 2995 3444 codicis
3018 3383 3361 3446 lectionibus
3388 3393 3527 3446 ante

1949 3487 2011 3539 te
2028 3480 2333 3549 correctis;
2351 3492 2513 3536 nunc
2523 3472 2862 3535 omittendis
2885 3472 3182 3533 erantillae
3197 3490 3347 3551 quas
3370 3476 3529 3552 apud

1951 3566 2325 3627 Gerhardum
2345 3564 2565 3624 relatas
2578 3579 2709 3623 esse
2726 3562 3090 3641 suspicabar.
3116 3561 3315 3623 Codex
3346 3573 3417 3624 34
3440 3571 3529 3623 est

1952 3655 2148 3718 saeculi
2183 3654 2272 3716 XI
2297 3654 2393 3713 vel
2420 3653 2539 3713 XII
2579 3654 2859 3723 ineuntis,
2890 3666 3109 3727 magno
3133 3656 3193 3709 et
3218 3650 3529 3727 splendido

1952 3746 2285 3806 charactere
2302 3745 2591 3819 scriptus;
2630 3742 2737 3802 sed
2768 3742 3009 3800 nomina
3036 3742 3337 3817 signorum
3369 3758 3407 3801 a
3434 3758 3530 3800 me

1950 3838 2143 3913 posita
2190 3849 2321 3893 esse
2358 3835 2507 3893 scito
2553 3847 2661 3907 pro
2705 3829 2868 3905 siglis
2917 3829 3283 3906 astrologicis
3310 3831 3529 3907 quibus

1951 3924 2173 4002 ubique
2198 3924 2405 3991 utitur.

1956 4092 2317 4210 Μαξίμου
2346 4092 2518 4211 περὶ
2550 4101 2971 4209 καταρχῶν
2997 4094 3526 4211 μεταφρασθὲν

2017 4227 2213 4360 πεζῇ
2240 4222 2441 4339 λέξει
2471 4235 2563 4313 ἐκ,
2589 4236 2744 4313 τῶν
2774 4230 3115 4342 ἡρωϊκῶν
3150 4230 3463 4343 μέτρων.

2083 4427 2201 4480 ms
2219 4426 2307 4489 ἄγα
2324 4440 2405 4487 μοι
2423 4420 2571 4486 sefion
2588 4420 2862 4486 Πιμπληιᾶς
2878 4420 3037 4471 ἔννεπε
3058 4421 3233 4471 Μοῦσα

2083 4500 2251 4559 Mirm-v
2272 4496 2560 4563 ἠερόφατσν,
2577 4493 2707 4551 ὅπως
2724 4492 2967 4558 ἄνδρεσσιν
2982 4492 3163 4543 ἕκαστα

2084 4570 2303 4636 σημαίνει
2316 4565 2590 4620 σκολιωπὺν
2607 4564 2943 4629 ἐπιστείχουσα
2958 4563 3191 4614 κέλευθον.

1964 4691 2090 4756 Πῶς
2135 4691 2164 4747 ὁ
2200 4684 2404 4765 τεχθεὶς
2452 4680 2724 4763 ἅνθρωπος
2764 4675 3155 4760 αὖξιφιικοῦσης
3188 4678 3283 4748 τῆς
3312 4676 3535 4749 σελήνης

1964 4778 2260 4858 ἔμπρακτος
2296 4772 2447 4833 ἔσται
2466 4770 2561 4831 καὶ
2602 4764 2985 4849 κατορθωτικὸς
3010 4756 3085 4823 ὃν
3114 4764 3537 4844 μεταχειρίζεται

1964 4868 2206 4939 πάντωνς
2226 4862 2359 4925 Ἐὰν
2378 4863 2752 4942 παρατηρῆται
2770 4856 2825 4915 ἓν
2841 4856 2957 4921 ταῖς
2974 4852 3271 4934 καταρχαῖς
3288 4856 3392 4913 τῶν
3412 4856 3537 4912 iau-

1963 4962 2054 5017 τοῦ
2082 4956 2247 5037 ἔργων
2274 4952 2371 5025 τὴν
2394 4948 2622 5022 σελήνην
2650 4941 3028 5007 συνοδεύουσαν
3048 4941 3168 5015 ἤτοι
3194 4944 3274 5024 τῷ
3296 4942 3384 5003 Διὶ
3407 4941 3441 5015 ἢ
3470 4946 3536 5023 τῇ

1967 5043 2237 5127 Ἀφροδίτῃ
2264 5040 2302 5113 ἦ
2326 5043 2403 5120 τῷ
2430 5038 2638 5118 Ἑρμῇ·
2661 5034 2755 5094 ἐὰν
2786 5032 2842 5094 δὸ
2872 5031 3092 5114 ἀνοδιῦῃ
3132 5032 3287 5111 (leg.
3318 5034 3490 5091 συνοδ.
3520 5035 3536 5110 )

1968 5139 2003 5207 ἡ
2022 5130 2217 5205 σελήνη
2244 5134 2321 5212 τῷ
2353 5127 2539 5210 Κρόνῳ
2552 5124 2588 5197 ἢ
2602 5128 2679 5205 τῷ
2690 5122 2837 5206 Ἄρει
2850 5168 2869 5200 ,
2895 5121 2972 5202 μὴ
2994 5120 3345 5205 καταρχίσθω
3365 5119 3535 5201 ἔργου·

1971 5220 2200 5305 ἀπραξία
2226 5217 2330 5300 γὰρ
2358 5215 2451 5278 καὶ
2477 5213 2653 5297 βλάὃη
2683 5213 3044 5273 ἕπακολωθιῖ.

1781 5322 1803 5342 ’
1823 5350 2031 5395 mm
