3767 5825
1121 369 1435 432 OPPIANI
1472 371 1576 432 DE
1615 373 2073 439 PISCATIONE
2115 377 2266 442 Lm.
2305 380 2359 444 1.

211 504 307 580 ῥεῖα
326 499 367 558 δ’
386 501 781 580 ἐνιθρώσκουσιν
797 521 812 536 ·
840 503 1135 586 ἀρηρομένῃ
1166 505 1210 562 δ’
1240 507 1317 564 ἐνὶ
1343 505 1468 586 γαίῃ

209 588 285 644 καὶ
313 586 473 668 θέρεος
494 587 773 670 βαρύθουσι
795 591 949 658 πόδες
970 591 1059 650 καὶ
1094 591 1343 672 χείματος
1365 593 1475 674 ὥρῃ
1489 639 1505 666 ,

210 674 337 755 ἄχρις
356 676 667 756 ἔπισφυρίων
692 677 741 735 δ’
770 678 924 750 ὀλοὴν
949 682 1183 759 κρηπῖδα
1210 679 1465 761 φέρουσιν.

3167 378 3236 433 41

1662 545 1671 574 ¹
1696 543 1835 594 facile
1854 522 1966 591 vero
1989 540 2234 600 insiliunt;
2249 539 2382 588 arata
2395 539 2561 586 autem
2579 534 2629 583 in
2653 533 2782 581 terra

1664 654 1671 752 Ι
1696 635 1747 684 et
1762 632 1942 682 aestatis
1953 630 2262 694 graves-sunt
2274 626 2417 689 pedes
2434 627 2484 674 et
2497 621 2668 672 hiemis
2685 623 2900 681 tempore
2910 653 2926 678 ,

1696 721 1940 784 ad-usque
1953 720 2308 770 fibulas-ocrem
2323 716 2492 766 autem
2511 712 2755 764 exitialem
2769 721 2995 774 peronem
3012 706 3186 756 senint.

274 761 367 822 «Ην
390 763 546 842 ἐλοίῃς
564 764 755 844 δόρκον,
776 766 859 841 δὲ,
886 766 1167 848 φυλάσσεο,
1201 767 1276 845 μὴ
1301 767 1433 845 μετὰ
1458 755 1671 856 πολλὸν]
1758 813 1866 860 sam
1890 808 1929 857 Si
1949 807 2252 868 consequen-⁸
2263 805 2483 866 damam,
2505 814 2622 852 cave
2633 813 2696 850 ne
2711 797 3069 862 postmultum,

130 886 189 928 m
219 863 432 924 ἐκτᾶδιον
456 860 661 941 δολιχόν
687 885 748 919 τε
777 859 966 940 δρόμον
995 860 1086 920 καὶ
1108 859 1275 941 τέρμα
1302 859 1478 920 πόνοιο

217 951 375 1011 τυτθὸν
402 947 685 1020 ὑποσταίη,
714 947 951 1025 λαγόνων
970 951 1017 1006 τ’
1047 947 1152 1006 ἀπὸ
1183 946 1354 1025 μήδεα
1377 949 1510 1029 χεύῃ
1528 972 1540 983 ·

218 1041 372 1120 ὃόρκοι
387 1037 487 1119 γὰρ
514 1035 776 1117 περίαλλα
800 1035 1009 1122 δρόμοις
1034 1035 1111 1096 ἐνὶ
1144 1035 1475 1114 μεσσατίοισι

215 1127 410 1186 κυστίδα
432 1125 791 1203 κυμαίνωσιν,
816 1123 1174 1202 ἀναγκαίοισιν
1202 1128 1292 1183 ὑπ’
1320 1123 1538 1207 ὄμὸροις

220 1215 487 1296 βριθόμενοι
510 1212 764 1293 λαγόνας,
790 1212 912 1271 ποτὶ
936 1213 983 1270 δ’
1010 1211 1177 1292 ἰσχίον
1208 1211 1511 1282 ὀκλάζουσιν
1525 1236 1538 1248 ·

121 1325 181 1362 us
212 1303 269 1374 ἢν
295 1305 335 1362 δ’
360 1302 529 1382 ὀλίγον
551 1299 815 1361 πνεύσωσι
831 1299 1255 1382 πολυσφαράγων
1276 1299 1383 1360 ἀπὸ
1394 1301 1619 1378 λαιμῶν,

212 1389 383 1450 πολλὸν
414 1389 691 1472 ἀρειότεροι
716 1387 1085 1470 λαιψηρότεροί
1110 1411 1168 1446 τε
1192 1387 1435 1470 φέὅονται

212 1479 433 1558 γούνασιν
460 1477 751 1560 εὖφόρτοισι
775 1477 869 1537 καὶ
891 1475 1078 1554 ἔγκασι
1095 1479 1470 1558 κουφοτέροισι.
1498 1483 1618 1548 [σιν,

281 1565 457 1648 Κερδὼ
484 1567 531 1624 δ’
553 1565 671 1626 οὔτε
692 1563 926 1644 λόχοισιν
953 1564 1243 1643 ἁλώσιμος,
1269 1563 1385 1624 οὔτε
1414 1562 1619 1645 βρόχοι·

212 1655 315 1714 οὗτε
336 1654 514 1721 λίνοις·
544 1654 685 1726 δεινὴ
710 1652 810 1734 γὰρ
838 1651 1211 1736 ἐπιφροσύνῃσι
1232 1658 1445 1725 νοῆσαι,

115 1762 177 1802 σω
210 1741 391 1813 δεινὴὸ’
416 1734 543 1802 αῧτε
568 1743 753 1802 κάλωα
780 1740 1107 1818 ταμεῖν,ὖπὸ
1124 1741 1167 1799 δ’
1193 1739 1415 1820 ἅμματα
1443 1740 1618 1812 λῦσαι,

208 1831 289 1891 καὶ
307 1835 565 1892 πυκινοῖσι
592 1827 820 1890 δόλοισιν
843 1831 1119 1901 ὀλισθῆσαι
1150 1829 1407 1889 θανάτοιο.

208 1917 353 1980 'Am
370 1919 516 1988 κύνες
543 1944 633 1999 μιν
664 1918 843 2000 ἄειραν
869 1917 1103 1986 ἀολλέες·
1134 1919 1242 1976 οὐδ’
1272 1918 1355 1998 ἄρ’
1384 1917 1570 1976 ἐκεῖνοι

208 2005 287 2066 καὶ
310 2006 547 2088 κρατεροί
570 2029 671 2087 περ
691 2006 858 2072 ἐόντες
885 2004 1145 2084 ἀναιμωτὶ
1173 2002 1498 2081 δαμάσαντο.

656 2108 819 2159 Δείπει
832 2109 893 2158 τὰ
914 2108 1029 2167 ἑξῆς.
1548 2091 1557 2098 ’

368 2325 1319 2455 ΟΠΠΙΑΝΟΥ

676 2519 1007 2574 ΚΙΛῙΚΟΣ

430 2645 1265 2726 ΑΛΙΕΥΤΙΚΩΝ

502 2798 807 2860 ΒῙΒΛῙΟΝ
848 2799 1179 2860 lIPn‘mN.

270 2911 457 2975 Ἐθνεοί
479 2936 561 2973 τοι
581 2911 791 2973 πόντοιο
810 2910 1169 2996 πολυσπερέας
1190 2936 1249 2972 τε
1272 2911 1544 2995 φάλαγγας

200 3002 441 3062 παντοίων
464 3000 713 3074 νεπόδων,
741 3000 948 3061 πλωτὸν
974 3000 1121 3080 γένος
1142 2998 1513 3083 Ἀμφιτρίτης,

199 3088 391 3171 ἐξερέω,
412 3088 569 3171 γαίης
590 3088 785 3149 ὕπατον
811 3089 1027 3170 κράτος,
1053 3088 1338 3149 Ἀντωνῖνε·

196 3176 317 3236 ὅσσα
342 3202 399 3237 τε
422 3174 789 3256 κυματόεσσαν
810 3177 919 3259 ἔχει
938 3176 1110 3258 χύσιν,
1138 3168 1235 3257 ᾗχί
1260 3176 1304 3235 θ’
1328 3174 1525 3235 ἕκαστα

128 3286 151 3321 s
194 3266 473 3343 ἐννέμεται,
498 3264 697 3345 διερούς
716 3288 774 3325 τε
799 3264 998 3342 γάμους
1025 3264 1197 3345 διεράς
1220 3288 1277 3323 τε
1305 3263 1571 3343 γενέθλας,

193 3353 273 3411 καὶ
302 3353 409 3433 βίον
436 3351 709 3433 ἰχθυόεντα
736 3353 827 3411 καὶ
849 3351 1004 3432 ἔχθεα
1038 3352 1129 3410 καὶ
1157 3350 1461 3432 φιλότητας,

192 3440 274 3499 καὶ
306 3441 497 3521 βουλὰς
522 3439 675 3512 ἁλίης
699 3462 757 3499 τε
783 3438 1088 3521 πολύτροπα
1118 3439 1275 3510 δήνεα
1301 3436 1489 3518 τέχνης

192 3528 495 3609 κερδαλέης,
522 3527 621 3587 ὅσα
645 3530 807 3609 φῶτες
834 3526 916 3585 ἐπ’
939 3525 1111 3606 ἰχθύσι
1135 3524 1421 3604 μητίσαντο

192 3616 491 3697 ἀφράστως,
521 3610 734 3686 ἀΐδηλον
762 3612 1084 3672 ἑπιπλώουσι
1111 3612 1396 3685 θάλασσαν,

116 3723 155 3760 ιο
188 3706 419 3786 τολμηρῇ
448 3700 657 3783 κραδίῃ·
683 3699 822 3760 κατὰ
848 3701 894 3759 δ’
917 3700 1129 3781 ἔδρακον
1156 3702 1250 3758 οὐκ
1276 3698 1497 3758 ἐπίοπτα

191 3790 399 3869 βένθεα,
427 3790 522 3850 καὶ
546 3788 791 3869 τέχνῃσιν
818 3788 941 3857 ἁλὸς
964 3788 1050 3847 διὰ
1078 3786 1245 3870 μέτρα
1274 3785 1498 3845 δαίσαντο

188 3878 459 3957 δαιμόνιοι.
487 3874 728 3949 Χλούνην
763 3875 855 3955 μὲν
884 3874 1150 3959 ὀρίτροφον
1179 3873 1272 3947 ἠδὲ
1298 3872 1389 3933 καὶ
1414 3874 1601 3957 ἄρκτον

186 3965 417 4048 θηρητὴρ
438 3964 575 4047 δράσι
594 3988 653 4023 τε
672 3964 764 4024 καὶ
790 3962 1075 4023 ἀντιόωντα
1104 3960 1302 4021 δοκεύει
1372 3964 1379 3973 ”

185 4053 473 4135 ἀμφαδίην,
494 4049 675 4111 ἕκαθέν
696 4075 755 4110 τε
781 4052 959 4131 βαλεῖν
983 4048 1225 4131 σχεδόθεν
1244 4072 1301 4108 τε
1326 4047 1613 4127 δαμάσσαι·

109 4158 149 4197 =s
185 4140 339 4221 ἄμφω
366 4140 415 4199 δ’
443 4136 721 4221 ἀσφαλέως
742 4137 899 4217 γαίης
922 4135 1011 4196 ἔπι
1036 4136 1135 4219 θήρ
1160 4161 1218 4196 τε
1245 4136 1337 4197 καὶ
1366 4136 1497 4219 ἀνὴρ

183 4225 507 4307 μάρνανται,
531 4224 789 4294 σκύλακες
814 4222 871 4283 δὲ
894 4223 1209 4306 συνέμποροι
1240 4230 1525 4305 ἡγεμονῆες

181 4313 426 4374 κνώδαλα
450 4312 765 4392 σημαίνουσι
789 4310 882 4372 καὶ
902 4310 1156 4371 ἰθύνουσιν
1183 4311 1410 4381 ἄνακτας

179 4400 327 4473 εὐνὴν
358 4404 435 4469 εἰς
456 4390 616 4473 αὖτὴν
640 4397 733 4459 καὶ
753 4398 1003 4481 ἀρηγόνες
1023 4398 1174 4479 ἔγγὺς
1196 4398 1422 4459 ἕπονται.

177 4490 306 4547 Οὐδ’
338 4488 451 4569 ἄρα
473 4488 579 4556 τοῖς
602 4490 663 4547 οὗ
686 4488 850 4568 χεῖμα
872 4486 1024 4547 τόσον
1052 4486 1191 4561 δέος,
1215 4488 1273 4547 οὐ
1298 4486 1391 4565 μὲν
1420 4488 1601 4573 ὀπώρη

96 4593 143 4633 m
178 4574 386 4657 φλέγμα
416 4574 575 4657 φέρει·
603 4573 797 4634 πολλαὶ
817 4573 920 4656 γὰρ
946 4573 1254 4657 ἕπακτήρων
1280 4577 1533 4658 ἀλεωραὶ,

176 4662 379 4743 λόχμαι
404 4686 465 4722 τε
486 4662 691 4741 σκιεραὶ
716 4662 809 4722 καὶ
829 4661 1058 4744 δειράδες
1087 4663 1249 4745 ἄντρα
1280 4686 1337 4722 τε
1359 4664 1549 4746 πέτρης

176 4750 487 4833 αὖτορόφου·
514 4750 702 4810 πολλοὶ
726 4748 782 4809 δὲ
806 4749 1151 4830 τιταινόμενοι
1170 4754 1288 4809 κατ’
1316 4750 1525 4834 ὄρεσφιν

175 4839 427 4919 ἀργύρεοι
446 4837 703 4917 ποταμοὶ,
725 4837 877 4919 δίψης
903 4837 1051 4913 ἄκος,
1078 4837 1172 4910 ἠδὲ
1194 4840 1415 4917 λοετρῶν

174 4924 355 4985 ἀέναοι
381 4923 586 5003 ταμίαι·
614 4924 761 5007 παρὰ
784 4924 839 4985 δὲ
864 4924 1023 5006 χλόαι
1050 4926 1149 4985 εἰσὶ
1180 4926 1398 5009 ῥέεθροις

88 5032 133 5070 25
169 5013 323 5073 ποῖαί
348 5036 413 5072 τε
437 5012 738 5094 χθαμαλαὶ,
769 5012 984 5091 μαλακὴ
1018 5014 1184 5082 κλίσις
1222 5012 1381 5074 ὕπνον
1408 5014 1614 5075 ἑλέσθαι

169 5100 341 5160 εὗδισν
370 5102 436 5159 ἐκ
456 5100 739 5178 καμάτοιο,
760 5100 849 5161 καὶ
872 5099 1003 5183 ὥρια
1030 5102 1199 5184 δόρπα
1227 5102 1494 5163 πάσασθαι

167 5186 295 5263 ὅλης
324 5188 669 5269 ἀγρονόμοιο,
694 5188 832 5251 τότ’
860 5188 1034 5272 οὔρεσι
1060 5189 1233 5251 πολλὰ
1262 5190 1491 5273 φύονται.

1703 870 1970 933 prolixum,
1993 871 2280 934 longumque
2300 885 2493 921 cursum
2525 877 2574 922 et
2595 873 2850 922 terminum
2873 874 3049 923 laboris

1704 958 1918 1021 paullum
1947 959 2178 1009 subsistat
2199 962 2248 1009 et
2269 973 2329 1010 ex
2351 959 2526 1010 lumbis
2549 961 2738 1010 urinam
2767 962 3008 1025 effundat3

1704 1045 1859 1096 damae
1879 1047 2007 1096 enim
2028 1045 2341 1110 prae-reliquis
2351 1047 2492 1109 seris
2515 1047 2738 1098 cursibus
2754 1048 2804 1097 in
2827 1047 2998 1099 mediis

1704 1133 1862 1182 vesica
1882 1138 2074 1196 turgent
2095 1135 2372 1184 necessariis
2393 1133 2631 1185 imbribus

1704 1226 1912 1282 gravatae
1933 1221 2150 1286 lumbos,
2169 1221 2412 1286 sti-usque
2436 1235 2550 1273 vero
2572 1233 2741 1274 coxam
2764 1223 3214 1289 genua-inflectun13

1704 1309 1777 1358 sin
1798 1311 1960 1360 autem
1982 1310 2195 1385 paullum
2217 1311 2494 1374 respirarint
2516 1323 2688 1361 sonoro
2709 1324 2738 1361 e
2759 1314 2975 1375 gutture,

1703 1397 1839 1460 longe
1861 1397 2081 1450 meliores
2100 1398 2460 1463 velocioresque
2479 1399 2668 1461 rugiunt

1702 1486 1900 1548 genibus
1921 1485 2291 1550 expeditioribus
2311 1489 2362 1537 et
2381 1486 2619 1536 intestinis
2641 1487 2918 1538 levioribus.

1763 1577 1945 1640 Vulpes
1955 1576 2158 1640 denique
2171 1591 2258 1628 nec
2270 1576 2454 1628 insidiis
2465 1577 2742 1641 capi-potest
2752 1614 2766 1640 ,
2782 1589 2872 1628 nec
2885 1577 3084 1642 laqueis,

1702 1677 1856 1727 neque
1874 1664 2085 1727 retibus3
2103 1665 2263 1715 astuta
2285 1677 2494 1728 namque
2509 1667 2585 1715 est
2599 1663 2854 1716 calliditate
2876 1664 3253 1716 ati-animadver-

1700 1751 1813 1804 tend
1820 1739 1945 1816 um‘3]
1961 1753 2152 1802 versuta
2160 1766 2351 1816 quoque
2359 1751 2418 1802 ad
2434 1752 2570 1802 funes
2585 1751 2886 1802 dissecandos
2899 1787 2913 1813 ‚
2932 1755 2982 1802 et
2995 1767 3147 1803 nexus
3161 1751 3261 1802 dis-

1702 1829 1957 1880 solvendos
1969 1828 2005 1893 ,]
2026 1831 2076 1880 et
2098 1829 2248 1880 vafris
2267 1828 2392 1879 dolis
2413 1827 2800 1880 rid-evadendum
2821 1832 3047 1881 e-morte.

1704 1917 1799 1968 Sed
1816 1931 1956 1967 canes
1967 1929 2074 1967 eam
2097 1917 2339 1982 perimunt
2356 1916 2657 1981 frequentes3
2677 1929 2849 1967 verum
2867 1931 2930 1968 ue
2943 1917 3012 1967 illi
3027 1917 3220 1981 quidem
3235 1953 3252 1979 ,

1702 2005 2010 2068 quantumvis
2032 2005 2216 2056 robusti
2237 2005 2335 2056 sint
2347 2041 2363 2068 ,
2387 2003 2748 2068 sine-sanguine
2769 2019 2885 2056 eam
2907 2005 3150 2069 subigunt.

2117 2101 2122 2109 ’
2201 2117 2530 2164 Desiderautur
2550 2118 2744 2175 reliqua-

2148 2340 2822 2482 OPPIANI

2360 2541 2612 2598 CILICIS

2062 2665 2202 2748 DE
2257 2659 2900 2750 PISCATIONE

2187 2811 2414 2871 LmER
2453 2809 2763 2871 PRIMUS.

1761 2946 1942 2993 Gentes
1961 2941 2052 2992 tibi
2073 2941 2222 2991 maris
2241 2941 2635 3005 lateque-sparsus
2655 2938 2914 3003 phalanges

1700 3030 2062 3092 omnigenorum
2082 3028 2286 3093 piscium
2298 3062 2313 3089 ,
2335 3028 2530 3078 natatile
2551 3040 2702 3090 genus
2718 3024 3058 3090 Amphitrites,

1699 3117 1956 3167 edisseram
1969 3152 1984 3177 ,
2005 3130 2038 3166 o
2059 3120 2198 3167 terrae
2219 3128 2441 3179 suprema
2461 3114 2700 3178 potestas,
2723 3112 2986 3175 Antonine3

1700 3219 1908 3269 quoeque
1927 3204 2166 3255 undosum
2187 3203 2357 3253 tenent
2373 3202 2574 3253 fluctum
2585 3236 2601 3264 ,
2624 3202 2675 3253 et
2692 3200 2777 3251 ubi
2798 3200 2984 3263 singula

1699 3296 1980 3357 pascuntur,
2002 3291 2293 3354 humidaque
2303 3290 2544 3342 connubia
2563 3288 2882 3352 humidaeque
2901 3286 3253 3351 mentiones,

1700 3386 1749 3432 et
1775 3383 1924 3432 vitam
1944 3381 2194 3445 pisusrism
2215 3383 2267 3430 et
2285 3379 2396 3431 odia
2411 3383 2460 3429 et
2475 3377 2738 3440 amianas,

1699 3471 1751 3521 et
1770 3468 1966 3519 insidias
1982 3468 2275 3531 mnrinaeque
2296 3466 2544 3518 versatiles
2563 3466 2768 3525 astutias
2781 3464 2901 3515 artis

1700 3555 1929 3615 lucrosae,
1949 3566 2262 3617 quascunque
2279 3551 2370 3603 viri
2391 3552 2442 3602 in
2459 3552 2618 3617 pisces
2636 3551 2966 3613 aoegiunmt

1698 3642 2058 3706 inconspicuas,
2081 3641 2340 3691 obscurum
2367 3640 2638 3691 innatantes
2657 3652 2818 3702 mare,

1699 3728 1866 3778 audaci
1888 3728 2058 3791 eorde3
2083 3734 2432 3791 perspexerunt
2450 3732 2611 3778 autem
2633 3740 2729 3777 non
2749 3724 3029 3791 perspicuos

1697 3816 1934 3878 gurgites,
1953 3818 2002 3865 et
2022 3815 2206 3865 artibus
2226 3814 2374 3863 maris
2395 3825 2642 3863 mensuras
2663 3812 3038 3871 distribuerunt,

1699 3901 1866 3951 divini.
1893 3908 2073 3964 Aprum
2096 3900 2292 3965 quidem
2313 3900 2594 3949 montanum
2616 3902 2762 3959 atque
2783 3897 2927 3947 etiam
2955 3908 3120 3945 ursum

1699 3989 1897 4037 venator
1918 3986 2144 4049 videtque
2161 3990 2210 4035 et
2227 3984 2552 4035 occurrentem
2575 3982 2799 4033 observat

1700 4074 1857 4137 palam
1868 4106 1883 4133 ,
1905 4073 2034 4122 ut-et
2050 4070 2238 4121 eminus
2260 4068 2418 4118 illum
2439 4066 2576 4116 feriet
2595 4067 2646 4115 et
2665 4065 2883 4115 cominus
2903 4064 3093 4127 domet3

1698 4161 1839 4210 ambo
1861 4160 2025 4209 autem
2048 4164 2151 4207 tuto
2171 4157 2222 4207 in
2243 4160 2394 4218 terra,
2418 4154 2613 4217 seraque
2631 4155 2683 4203 et
2702 4153 2796 4216 vir,

1698 4250 1937 4314 pugnant,
1959 4258 2104 4296 canes
2122 4256 2238 4295 vero
2260 4242 2379 4293 socii
2399 4245 2452 4293 et
2471 4240 2695 4292 ductores

1656 4390 1663 4415 1
1699 4336 1879 4388 belluas
1902 4332 2162 4383 ostendunt
2185 4334 2236 4381 et
2258 4329 2469 4391 dirigunt
2489 4328 2708 4379 dominos
2733 4340 2850 4377 suos

1697 4422 1854 4473 cubile
1874 4421 1927 4470 in
1949 4422 2107 4485 ipsum
2129 4420 2180 4468 et
2199 4416 2505 4467 auxiliatores
2525 4428 2672 4480 prope
2693 4412 2978 4476 sequuntur.

1698 4514 1861 4572 Neque
1882 4520 1998 4557 sane
2019 4506 2095 4555 his
2115 4504 2194 4554 vel
2216 4503 2370 4553 biems
2393 4504 2578 4551 tantum
2601 4502 2810 4560 metum,
2835 4497 2910 4547 vel
2931 4496 3191 4545 autumnus

1657 4600 1664 4615 ¹
1697 4598 1871 4646 aestum
1893 4592 2060 4655 affert3
2081 4590 2233 4640 mults
2253 4588 2382 4638 enim
2398 4588 2678 4637 venatorum
2700 4586 2826 4634 sunt
2845 4581 3169 4645 receptacula,

1696 4680 1988 4741 latebrasque
2011 4676 2248 4726 umbrosae
2269 4678 2319 4723 et
2335 4674 2449 4736 iuga
2469 4676 2700 4734 antraque
2721 4668 2824 4719 saxi

1656 4804 1663 4838 9
1696 4768 1916 4819 nativum
1935 4768 2112 4815 tectum
2135 4760 2410 4823 formantis3
2429 4758 2568 4808 multi
2584 4770 2699 4807 vero
2720 4754 2902 4807 extenti
2921 4767 3007 4819 per
3030 4752 3219 4805 montes

1656 4846 1661 4871 ¹
1696 4854 1905 4918 argentei
1927 4852 2085 4912 fluvii,
2113 4850 2219 4901 sib's
2241 4846 2528 4910 remedium,
2551 4850 2698 4910 atque
2717 4845 3015 4895 lavacrorum
3169 4899 3175 4906 ,

1697 4956 1926 5008 perennes
1947 4939 2252 5005 praebitores;
2273 4938 2484 5000 gramina
2500 4948 2617 4985 vero
2640 4937 2756 4984 sunt
2781 4935 2974 4998 propter
2996 4930 3174 4983 numu

1696 5032 1951 5093 herbaeque
1975 5028 2207 5087 humiles,
2229 5026 2373 5078 molle
2394 5024 2550 5075 cubile
2573 5024 2869 5074 rid-somnum
2891 5019 3174 5086 cupiendum

1654 5172 1660 5196 ι
1696 5121 1908 5184 apricum
1932 5133 1962 5168 a
1981 5116 2316 5179 defatigatione
2336 5116 2388 5165 et
2406 5113 2716 5178 tempestivas
2737 5110 2902 5175 epulas
2923 5106 3181 5159 suumdas

1655 5204 1660 5214 '
1697 5208 1831 5258 silvae
1851 5205 2076 5269 agrestis,
2100 5204 2267 5269 quales
2288 5202 2607 5255 -montibus
2631 5200 2801 5252 multo
2821 5198 3122 5261 nascuntur-J
