3767 5825
1247 308 1324 368 IN
1370 306 1823 369 MANETHON.
1871 304 2171 366 LIBRUM
2214 306 2314 366 lv.

3194 330 3401 375 xm

195 451 560 535 κρατοπλαγεῖς
601 402 736 515 284.
780 445 1108 519 κτιανισμῶν
1147 451 1243 510 41.
1278 437 1598 499 κυδοσκόπον
1641 439 1737 499 35.
1781 441 1792 521 Ι
1832 437 1981 497 Εο111
2005 458 2146 497 vero
2169 450 2303 517 post
2326 451 2616 496 auctorem
2648 439 2828 496 trium
2848 438 3162 513 librorum,
3183 439 3257 501 de
3274 442 3403 521 qui-

195 537 471 622 Κυθερηιᾶς
502 538 635 613 359.
665 537 1028 612 κυνηγητῆρας
1056 532 1191 605 337.
1223 528 1572 606 κωμάστορας
1601 530 1738 604 493.
1831 524 1945 585 bus
1968 526 2141 585 modo
2173 526 2460 597 diximus,
2492 526 2713 585 vixisse
2733 570 2751 603 ‚
2774 546 2906 585 cum
2936 526 3254 589 verborum
3280 530 3399 589 for·

193 626 574 710 λαμπραυγέτις
613 624 725 683 1113.
767 619 1155 691 mammonin
1203 619 1339 678 213.
1383 616 1745 697 λιθογλυφίῃσι

199 725 322 781 130.
348 716 639 778 λιπόπαιδα
665 710 800 772 585.
820 708 1264 787 λογιστονόμοισιν
1295 708 1426 767 160.
1447 705 1746 782 λοξεύματα

195 822 318 887 479.
343 800 808 881 λυσσομανοῦντων
837 801 975 859 216.
999 795 1275 874 ’ματευτᾶς
1308 797 1445 855 268.
1482 793 1743 875 μεθυχάρ·

193 922 343 978 μονοις
372 888 848 972 300.,μελουργούς
878 886 1008 949 185.
1037 884 1370 965 μελπήτορας
1401 884 1534 941 183.
1569 905 1748 960 μεμα-

189 984 464 1067 χλευμένσν
507 982 644 1042 315.
672 976 1063 1058 μεροποσπόρον
1098 975 1230 1049 577.
1257 970 1575 1053 μεσοδερκέα
1609 972 1742 1031 583.

193 1073 560 1153 μεταὸλῆμασι
581 1070 717 1127 522.
747 1064 1134 1146 μετεωροσύνης
1157 1064 1291 1133 436.
1319 1060 1616 1140 μιμήτορας
1647 1062 1743 1134 75.

191 1161 461 1243 μιμοὸίους
475 1163 610 1219 280.
634 1154 950 1235 μογοστοκίῃ
969 1165 1106 1224 412.
1128 1150 1382 1231 μοιχευτά
1404 1152 1541 1211 350.
1563 1171 1744 1229 μοιχο·

189 1252 339 1323 σύνην
369 1252 506 1326 394.
533 1243 844 1324 μυθεύματα
869 1250 1000 1315 447.
1028 1236 1304 1321 μυριόδοξα
1335 1240 1465 1311 175.
1494 1260 1745 1318 μυσαρω-

184 1341 260 1400 πά
305 1340 440 1399 316.
470 1331 686 1414 μωλυτά
718 1331 856 1399 254.
898 1328 1226 1408 μωρολόγους
1256 1328 1388 1397 446.
1414 1324 1750 1407 μωρόφρονας

190 1432 321 1488 283.
347 1420 826 1486 ναὸλιστοκτυπέας
856 1418 989 1479 185.
1017 1415 1310 1494 ναυπηγέσι
1340 1416 1472 1473 323.
1498 1412 1748 1473 ναυσιὸά-

182 1542 274 1585 τας
293 1518 435 1593 397.
459 1512 771 1593 νεκροδερκῆ
796 1508 930 1567 555.
957 1502 1286 1586 νεκρονώμας
1315 1524 1448 1578 192.
1473 1501 1749 1578 νεκυισμός

187 1605 322 1663 213.
343 1597 644 1675 νεολαμπέα
669 1598 804 1656 510.
837 1591 1322 1674 νεομορφοτύπωτοι
1349 1591 1481 1650 305.
1509 1588 1748 1670 νερτερό-

183 1714 360 1773 μορφα
385 1690 523 1749 555.
539 1685 796 1765 νήκτορας
816 1687 948 1761 397.
963 1682 1248 1757 νοσόθυμον
1270 1682 1402 1746 540.
1419 1679 1749 1755 νουσομελιῖς

185 1782 320 1853 476.
349 1772 736 1839 νυκτοπλανέας
756 1776 888 1843 484.
919 1768 1284 1846 ὀθνιοτύμὸους
1328 1770 1463 1828 281.
1490 1769 1748 1847 οἰκτροκε-

181 1867 392 1933 λεύθους
407 1886 544 1924 222.
567 1861 1030 1942 οἷκτρομελάθρους
1048 1862 1142 1919 33.
1164 1854 1592 1923 οἰωνοσκοπικούς
1613 1878 1645 1913 2
1659 1878 1678 1913 1
1693 1878 1745 1915 2.

179 1955 444 2027 ὀλὸήεντα
473 1973 604 2011 100.
624 1948 1002 2029 ὀλὸομέλαθροι
1028 1950 1165 2017 504.
1191 1944 1595 2021 ὀλὸονομοῢντες
1617 1946 1748 2003 581.

180 2039 599 2121 ὁλκαδοχρίστας
639 2040 775 2106 342.
822 2036 1084 2115 ὀνθολόγοι
1121 2036 1258 2111 259.
1294 2031 1752 2114 ὀργανοπήκτορας

181 2137 322 2210 439.
367 2130 694 2210 ὀργιάδεσσιν
717 2128 816 2188 63.
839 2124 1028 2207 ὀργιόω
1050 2125 1166 2187 bis,
1197 2121 1568 2200 παιδοσύνῃσιν
1611 2120 1746 2194 378.

178 2216 540 2296 παμὸλαὸἑας
570 2216 684 2276 bis.
710 2214 1029 2292 παμπαθὲας
1065 2215 1200 2271 311.
1241 2209 1580 2292 παμψὲκτους
1616 2211 1749 2271 316.

173 2306 516 2389 παμψέκτωρ
539 2304 634 2364 58.
661 2301 1017 2383 πελεκήτορας
1047 2304 1182 2371 324.
1216 2298 1600 2380 περισσομελής
1620 2300 1752 2367 464.

173 2398 594 2474 πετευριστῆρας
635 2394 772 2465 278.
813 2388 1149 2469 πιστόφρονες
1198 2390 1334 2447 580.
1383 2386 1754 2463 πλαστοκόμαι

177 2486 321 2553 304.
348 2482 642 2562 ποθήτορας
678 2500 806 2539 120.
829 2478 1182 2557 πολυάστερος
1221 2479 1317 2537 26.
1354 2477 1754 2553 πολυπλαγκτο-

174 2572 344 2645 σύνης
367 2593 507 2631 222.
532 2566 965 2648 πολυπρήκτσρας
991 2566 1119 2625 160.
1137 2563 1498 2645 πολυχρήμων
1521 2563 1635 2625 1113.
1657 2586 1753 2623 πο-

173 2660 534 2740 νοπαίκτορας
558 2660 692 2731 276.
710 2652 1028 2733 πορνοσύνης
1049 2655 1080 2710 3
1094 2676 1115 2710 1
1129 2661 1183 2720 4.
1207 2651 1604 2733 προσμᾶρτυρος
1626 2654 1753 2725 176.

169 2748 588 2831 προφητάζοντα
618 2768 755 2820 217.
776 2744 1107 2825 προφήτορας
1128 2742 1242 2805 1113.
1271 2740 1590 2822 πρωτᾶρχας
1616 2742 1751 2819 399.

171 2837 595 2918 πυριμάρμαρος
627 2832 743 2895 bis,
787 2830 1188 2911 πυρσοὸολοῢσα
1235 2841 1370 2899 214.
1415 2829 1754 2911 ῥαιστοτύ-

167 2951 324 2994 ποις
365 2937 502 2996 124.
533 2921 852 3004 σελαηφόρος
883 2923 1018 2980 333.
1045 2917 1308 2995 σελασμός
1330 2920 1558 2995 saepius,
1597 2916 1756 2976 σελά-

169 3039 371 3092 σματα
401 3018 542 3072 601.
571 3011 922 3083 σιληνᾶζοντα
949 3009 1098 3086 (3101
1121 3011 1139 3084 )
1171 3011 1266 3081 81,
1291 3029 1427 3082 217.
1449 3007 1756 3079 σεληνιόων-

163 3126 238 3160 τα
266 3103 418 3172 546.
450 3100 769 3172 σηπεύοντας
788 3100 928 3173 269.
953 3095 1244 3176 σκεπτήρια
1273 3096 1406 3154 165.
1435 3094 1758 3174 σκληρώδεος

168 3193 322 3250 325.
353 3188 630 3249 σκολιωπά
675 3191 774 3263 78.
815 3185 1135 3256 σκολοπηίδα
1172 3188 1302 3261 198.
1333 3183 1583 3264 σορόεργα
1615 3204 1752 3260 191.

163 3278 554 3354 συναλώμενος
593 3296 731 3352 290.
764 3273 1140 3355 σφονδυλόεντα
1187 3273 1286 3333 51.
1319 3271 1760 3352 σωματοφορὸούς

163 3380 226 3424 et
247 3401 284 3411 -
313 3368 687 3446 φρουρητῆρας
729 3366 868 3422 232.
911 3361 1244 3442 ταμιεύτορες
1275 3361 1410 3420 5811.
1448 3363 1758 3440 ταριχευτῆ-

161 3478 270 3536 ρας
295 3457 450 3532 267.
481 3450 826 3531 τεκνοσπόρον
859 3451 969 3527 597
1005 3451 1214 3528 (etiam
1238 3449 1344 3525 Vl,
1368 3450 1482 3518 540
1501 3451 1543 3526 ).
1572 3471 1754 3530 τερμο-

159 3539 488 3624 δρομούσης
529 3541 669 3600 520.
711 3539 992 3618 τεύκτορας
1027 3546 1164 3606 422.
1197 3537 1450 3606 τοξελκεῖς
1481 3552 1538 3596 01
1571 3560 1760 3618 τροφο-

1835 615 2179 674 mandorum
2234 615 2383 673 ratio
2421 614 2621 692 prodit
2662 613 3087 674 recentioribus
3125 621 3401 697 tempori·

1833 702 1947 762 bus
1990 703 2265 782 propria,
2311 716 2435 762 tum
2473 716 2673 781 aperta
2713 701 3070 762 demonstrat
3116 705 3399 779 imitatiO,

1835 812 1953 869 qua
1979 792 2081 851 ille
2105 792 2225 850 fere
2258 793 2322 849 in
2362 789 2612 867 singulis
2644 811 2789 869 quas
2812 804 3112 851 enumerat
3153 795 3401 853 constel-

1835 878 2154 938 lationibus
2207 898 2525 956 earumque
2570 878 2846 939 efficaciis
2906 880 3066 939 illius
3110 896 3402 962 praecepta

1835 968 2123 1045 expressit
2177 967 2300 1026 sive
2350 966 2546 1046 potius
2596 968 3076 1047 circumscripsit.
3124 970 3405 1031 Consistit

1835 1057 1995 1113 enim
2028 1073 2097 1113 ea
2126 1054 2377 1113 imitatio
2406 1055 2613 1113 11011111
2650 1054 2852 1115 verbis
2891 1056 3407 1137 locutionibusque

1835 1143 2005 1202 illinc
2033 1144 2396 1223 depromptis
2417 1155 2476 1201 et
2497 1143 2845 1223 simpliciter
2874 1146 3165 1224 repetitis,
3205 1146 3309 1205 sed
3339 1148 3405 1207 in

1838 1230 2017 1290 rebus
2044 1245 2101 1291 et
2130 1232 2373 1291 materia
2411 1232 2551 1290 inde
2576 1235 2865 1312 excerptis
2884 1278 2901 1306 ,
2936 1254 3067 1312 quae
3094 1235 3158 1293 in
3186 1254 3406 1295 sermo-

1839 1338 1972 1377 nem
1992 1320 2277 1377 novitium
2295 1318 2475 1397 hujus
2497 1332 2556 1378 et
2576 1322 3002 1400 sesquipedalia
3016 1322 3199 1381 verba
3218 1338 3405 1383 trans·

1840 1407 2173 1467 mittuntur.
2220 1406 2422 1483 Itaque
2462 1406 2685 1486 ubique
2718 1407 2954 1486 jejunas
2996 1410 3409 1489 simplicesque

1838 1496 2180 1555 vetustioris
2212 1508 2399 1574 poetae
2423 1497 2739 1555 sententias
2764 1510 3103 1571 exornatas,
3122 1518 3197 1557 ne
3215 1499 3407 1558 dicam

1841 1596 2110 1643 oneratas
2124 1584 2395 1642 invenias
2417 1585 2521 1643 illa
2539 1585 2815 1644 dictionis
2836 1585 3191 1645 abundantia
3204 1632 3220 1659 ,
3237 1608 3407 1667 pror-

1841 1691 1941 1731 sus
1984 1672 2189 1731 eodem
2218 1671 2417 1743 modo,
2450 1685 2515 1730 ut
2548 1672 2821 1731 Nonnum
2850 1672 3073 1752 ubique
3101 1674 3411 1734 Homerica

1839 1761 2009 1838 quasi
2030 1761 2095 1819 in
2120 1780 2290 1819 suum
2313 1760 2657 1835 sanguinem
2687 1772 2745 1819 et
2764 1780 2979 1840 corpus
3006 1762 3411 1823 transfundere

1838 1849 2108 1907 videmus
2120 1894 2139 1923 ,
2163 1849 2390 1908 easdem
2430 1867 2525 1907 res
2548 1847 2752 1908 verbis
2774 1870 3021 1929 prorsus
3044 1851 3178 1909 aliis
3197 1865 3256 1909 et
3282 1870 3410 1911 am-

1838 1936 2091 2013 bagibus
2123 1936 2357 1996 dicendi
2382 1937 2662 1996 latissime
2681 1950 3069 1997 enarrantem.

1923 2024 2075 2083 Hinc
2089 2069 2108 2100 ‚
2134 2043 2315 2102 quum
2341 2026 2592 2083 maxima
2610 2023 2787 2101 hujus
2811 2026 3090 2084 carminis
3111 2046 3249 2106 pars
3270 2046 3413 2087 enu-

1842 2112 2135 2172 merandis
2151 2116 2215 2171 in
2238 2116 2447 2171 artibus
2458 2127 2518 2172 et
2534 2116 2773 2171 moribus
2788 2113 3093 2173 hominum
3118 2130 3409 2194 versetur,

1845 2197 1967 2259 fere
2003 2200 2153 2259 nihil
2183 2202 2554 2273 invenimus,
2599 2200 2761 2279 quod
2802 2221 2924 2260 non
2961 2202 3025 2260 111
3059 2203 3413 2282 antiquioris

1843 2302 2026 2369 poetae
2048 2288 2245 2361 libris,
2264 2289 2541 2368 inprimis
2553 2290 2618 2347 in
2640 2291 2871 2360 ultimo,
2898 2305 3413 2351 commemoratum

1843 2380 1953 2452 sit;
1974 2379 2057 2437 ita
2077 2390 2143 2436 ut
2164 2397 2547 2456 quaecumque
2566 2377 2638 2436 de
2660 2378 2783 2438 illis
2804 2377 2981 2439 rebus
3004 2380 3077 2438 ad
3094 2381 3414 2459 imperato-

1845 2480 2270 2545 rum·tempora
2297 2466 2518 2545 optime
2551 2465 2873 2526 referendis
2910 2487 3089 2546 supra
3124 2469 3414 2541 diximus,

1844 2555 2048 2614 eadem
2066 2556 2241 2614 etiam
2270 2552 2371 2613 hic
2398 2554 2471 2611 de
2506 2566 2716 2632 quarto
2740 2554 2897 2613 libro
2920 2555 3039 2614 dici
3072 2558 3321 2635 possint.
3348 2557 3419 2617 Et

1847 2644 2111 2719 singulos
2140 2643 2377 2721 quidem
2429 2643 2591 2701 locos
2630 2642 2841 2701 deinde
2879 2664 3081 2703 omnes
3105 2664 3421 2725 compone·

1849 2751 1995 2791 mus.
2022 2732 2154 2789 Duo
2170 2742 2361 2789 tamen
2380 2742 2517 2789 sunt
2528 2771 2547 2801 ,
2568 2729 2725 2787 unde
2742 2730 2900 2789 haud
2918 2751 3163 2810 prorsus
3192 2734 3417 2812 impro-

1846 2819 2125 2879 babiliter
2157 2820 2231 2878 de
2265 2831 2428 2878 aetate
2460 2817 2639 2895 hujus
2678 2818 3073 2897 conjecturam
3094 2840 3301 2900 capere
3338 2823 3421 2881 11-

1849 2923 1973 2968 ceat
2027 2931 2041 2966 ε
2097 2909 2357 2988 primum
2394 2907 2607 2967 infesta
2656 2904 3120 2968 Christianorum
3174 2911 3417 2986 mentio,

1847 2997 2065 3075 injecta
2100 2998 2209 3056 561
2238 3017 2365 3076 sqq.

1978 3147 2111 3198 tow
2132 3147 2351 3210 μισέλλην
2369 3147 2577 3210 γενέθλη,
2600 3147 2740 3212 τιμήν
2757 3164 2809 3197 τε
2830 3148 3003 3196 θεοῖσιν

1978 3218 2086 3280 οὐχὶ
2103 3218 2279 3281 νέμων,
2299 3217 2472 3280 ἄνομὸς
2488 3233 2541 3266 τε
2558 3217 2734 3280 φρασὶν,
2752 3217 2971 3275 πλήθοντι
2985 3217 3199 3281 λογισμῷ

1975 3287 2233 3352 ἀλλόφρων,
2256 3287 2529 3351 δΰσμικτος,
2550 3287 2855 3352 &papum-615,
2881 3286 3153 3352 ἀτράπεζος,

1976 3359 2248 3422 αὐτόνομος,
2270 3357 2554 3420 κακὸθυμος,
2572 3357 2915 3422 ἀθεσμοφάγος,
2939 3358 3201 3424 δολοεργός,

1976 3429 2166 3480 ὀθνείων
2186 3429 2393 3480 archum
2412 3430 2669 3494 ἐπιθύμιος,
2690 3431 2743 3480 ὃν
2756 3431 2836 3480 διὰ
2852 3431 3029 3488 παντὸς

1979 3499 2119 3564 δῆμοι
2141 3500 2400 3563 μισήσουσι
2425 3500 2485 3550 δι’
2506 3500 2767 3565 ἀφροσύνην
2785 3500 3051 3564 ἀλόγιστον.

159 3627 368 3696 ποιούς
424 3637 562 3696 244·
619 3625 970 3708 ὖὸρῑγίλωτας
1028 3625 1143 3686 bis·
1195 3624 1378 3706 ὑδρίας
1441 3627 1576 3686 251·
1632 3627 1758 3683 ὖλο-
1851 3635 1938 3692 De
1972 3633 2235 3694 hocloco
2253 3632 2380 3711 jam
2411 3633 2563 3692 bene
2591 3632 2896 3692 admonuit
2914 3632 3420 3713 Tyrwhitt.praef.

155 3720 428 3796 γράφους
455 3717 592 3786 342.
626 3717 1018 3795 ὑπερορμαίνων
1072 3717 1202 3772 131.
1255 3717 1565 3794 ὖπνοφανεῖς
1615 3716 1757 3784 364.

155 3806 496 3889 φαινώπιδα
523 3823 652 3878 177.
684 3801 990 3884 φαρμακτός
1024 3802 1138 3860 bis.
1172 3801 1499 3883 φεγγοὸολέω
1521 3804 1758 3880 saepiuS.

153 3891 541 3978 φθινοκώλους
576 3894 709 3951 500.
749 3889 1016 3968 φοιὸητοῖς
1063 3890 1195 3950 550.
1242 3889 1578 3971 φορτοστόλος
1627 3892 1758 3960 134.

153 3985 540 4066 φρουρητῆρα
579 3991 675 4054 47.
709 3981 1053 4062 φυγαρσενίης
1093 3981 1186 4045 64.
1231 3977 1578 4058 φυτοσπορίας
1622 3981 1758 4046 433.

146 4071 520 4156 γερνῆτορας
547 4092 568 4128 1
586 4079 674 4138 14.
700 4067 944 4149 χιλιάδας
971 4069 1068 4126 66.
1099 4066 1438 4146 χρεάρπαγας
1465 4069 1602 4125 330.
1629 4090 1761 4148 χρυ-

149 4143 552 4236 οἶοστέπτορας
565 4161 660 4235 39.
672 4157 980 4236 χωλόποδας
997 4177 1020 4214 1
1037 4177 1060 4212 1
1071 4158 1124 4214 8.
1142 4156 1610 4235 ψευδοκατηγορίαι
1627 4159 1761 4217 332.

1851 3723 1927 3782 ad
1952 3722 2111 3781 Lith.
2142 3743 2205 3801 p.
2236 3742 2334 3779 111
2364 3741 2449 3798 sq.
2490 3721 2639 3780 illud
2655 3765 2672 3793 ‚
2704 3723 2872 3799 quasi
2895 3725 3165 3778 Hellenas
3184 3725 3431 3781 odissent

1851 3827 1911 3868 et
1929 3815 2062 3870 deos
2087 3825 2521 3879 contemnerent,
2569 3810 2750 3868 nullis
2773 3811 2908 3868 aliis
2932 3809 3048 3867 nisi
3071 3808 3426 3871 Christianis

1855 3899 2277 3978 exprobratum
2305 3917 2451 3956 esse.
2480 3897 2774 3975 Scriptum
2798 3910 2987 3956 autem
3018 3896 3131 3956 hoc
3158 3917 3283 3957 esse
3316 3899 3425 3958 ali-

1853 4008 1973 4066 quo
2000 4002 2281 4067 tempore,
2310 4007 2427 4064 quo
2460 3987 2767 4044 hominum
2802 3987 2891 4044 ira
2917 3999 2975 4044 et
3001 3987 3201 4045 odium
3227 3986 3429 4047 adver·

1855 4095 1954 4134 sus
1972 4074 2339 4134 Christianos
2366 4074 2558 4151 palam
2593 4087 2890 4152 eruperat,
2930 4074 3071 4132 satis
3111 4070 3429 4149 probabile

1855 4174 1959 4222 est.
2004 4161 2133 4220 Jam
2162 4162 2213 4220 si
2236 4162 2617 4240 imperatores
2649 4159 2724 4218 ab
2750 4160 3083 4219 Alexandro
3110 4159 3325 4219 Severo
3354 4163 3427 4221 ad

145 4254 501 4334 ψευστ-ῆρας
535 4269 666 4323 119.
691 4243 911 4328 ψηφάων
943 4248 1078 4313 448.
1107 4245 1212 4302 His
1245 4244 1394 4302 addo
1419 4257 1634 4323 septem
1663 4246 1766 4305 ad-

147 4341 406 4400 verbia
432 4340 495 4395 in
515 4371 592 4382 --
615 4335 702 4394 δόν
721 4335 1045 4393 desinentia
1072 4355 1086 4390 ε
1112 4334 1363 4408 ἀγεληδόν
1393 4341 1530 4403 424.
1559 4334 1764 4406 ἁλυση-

143 4429 254 4488 δόν
295 4426 472 4497 486,
504 4421 800 4504 βασανηδόν
831 4443 962 4503 197,
995 4420 1260 4500 βομὸηδόν
1293 4429 1431 4496 449,
1457 4423 1765 4497 καματηδόν

145 4522 319 4587 622,
355 4511 635 4594 ῥομὸηδόν
661 4514 790 4581 108,
815 4508 1132 4589 στεφανηδόν
1161 4519 1300 4584 429,
1325 4509 1604 4587 στοιχηδόν
1623 4512 1760 4571 621.

243 4605 423 4664 flaec
445 4602 682 4679 quidem
708 4613 825 4657 tam
856 4599 1017 4674 larga
1049 4617 1211 4674 seges
1254 4599 1393 4655 satis
1420 4609 1508 4655 est
1535 4597 1607 4654 ad
1630 4619 1766 4676 pro-

139 4695 460 4756 bandam
487 4689 746 4767 ejusdem
772 4690 1029 4747 auctoris
1057 4707 1316 4761 manum,
1343 4687 1632 4764 siquidem
1653 4689 1770 4746 alia

139 4805 292 4846 non
323 4781 583 4839 obstant
598 4779 873 4854 graviora
896 4788 1251 4852 argumenta.
1279 4775 1360 4832 Ea
1377 4788 1562 4848 autem
1583 4796 1770 4854 neque

133 4869 457 4953 protulit
485 4866 672 4924 adhuc
699 4867 1008 4943 quisquam
1027 4885 1215 4941 neque
1243 4865 1506 4943 proferre
1533 4867 1765 4946 poterit.

136 4967 302 5025 lmo
326 4957 528 5018 etiam
547 4975 826 5014 versuum
845 4953 1282 5033 pangendorum
1301 4954 1470 5024 ratio,
1494 4954 1771 5014 accedens

133 5057 268 5116 ina
292 5051 457 5129 jam
478 5046 551 5102 ad
573 5045 767 5102 Nonni
792 5061 1057 5102 severam
1077 5043 1410 5120 puritatem,
1433 5061 1615 5100 unum
1635 5064 1770 5120 pro·

133 5147 250 5203 dit
287 5153 580 5211 eumque
605 5133 744 5191 satis
769 5133 1084 5208 elegantem
1115 5144 1174 5190 et
1195 5131 1483 5188 sollertem
1515 5146 1764 5210 poetam.

1856 4250 2301 4309 Constantinum
2330 4269 2516 4325 usque
2543 4263 2849 4326 regnantes
2872 4249 3316 4329 perlustramus,
3338 4252 3426 4308 uti

1857 4359 2039 4418 supra
2062 4339 2183 4416 jam
2212 4339 2425 4397 factum
2463 4349 2569 4409 est,
2596 4339 2867 4396 videmus
2908 4357 3009 4396 eos
3044 4351 3268 4395 tantum
3306 4357 3423 4396 non

1857 4447 2059 4487 omnes
2090 4426 2447 4485 Christianis
2492 4425 2766 4485 inimicos
2794 4446 2808 4482 ε
2842 4425 2918 4484 cf.
2957 4424 3180 4503 Sulpic.
3218 4423 3423 4486 Sever.

1862 4518 2011 4577 11131.
2046 4535 2193 4576 sacr.
2218 4514 2300 4592 11,
2332 4517 2404 4574 32
2437 4537 2450 4572 :
2493 4541 2518 4568 α
2548 4514 2723 4574 Sexta
2754 4513 2966 4573 deinde
2993 4513 3213 4572 Severo
3247 4513 3423 4592 impe·

1866 4631 1892 4658 α
1923 4618 2087 4662 rante
2102 4603 2565 4662 Christianorum
2591 4605 2825 4662 vexatio
2856 4603 2983 4660 fuit.
3006 4600 3137 4672 Quo
3165 4615 3427 4680 tempore

1867 4719 1893 4745 α
1928 4691 2247 4768 Leonidas,
2270 4691 2542 4767 origenis
2571 4703 2754 4770 pater,
2784 4709 3011 4748 sacrum
3044 4690 3109 4747 in
3140 4692 3428 4767 martyrio

1868 4809 1893 4834 «ι
1928 4779 2269 4857 sanguinem
2301 4781 2467 4838 fudit.
2502 4779 2832 4856 Inter-jectis
2871 4778 3082 4837 deinde
3112 4782 3282 4838 annis
3315 4800 3426 4838 vm

1865 4897 1893 4924 α
1926 4883 1983 4928 01
2008 4891 2158 4948 xxx,
2184 4889 2298 4949 pax
2317 4868 2663 4927 Christianis
2707 4869 2815 4927 fuit
2851 4890 2866 4927 ε
2903 4869 3017 4926 nisi
3047 4867 3204 4947 quod
3232 4868 3426 4927 medio

1868 4985 1893 5012 «ι
1930 4973 2191 5036 tempore
2218 4957 2573 5016 Maximinus
2599 4957 3011 5015 nonnullarum
3050 4956 3423 5014 ecclesiarum

1868 5073 1893 5098 α
1928 5047 2175 5105 clericos
2196 5047 2451 5104 vexavit.
2473 5043 2611 5102 Mox
2630 5044 2811 5102 Decio
2827 5045 3147 5121 imperante
3163 5041 3285 5120 jam
3303 5055 3421 5102 tum

1869 5161 1892 5184 a
1928 5135 2175 5213 septima
2202 5134 2603 5212 persecutione
2638 5133 2902 5190 saevitum
2948 5134 3009 5189 in
3033 5130 3417 5190 Christianos.
