<?xml version="1.0" encoding="UTF-8"?>
<!DOCTYPE html PUBLIC "-//W3C//DTD XHTML 1.0 Transitional//EN"
    "http://www.w3.org/TR/xhtml1/DTD/xhtml1-transitional.dtd">
<html xmlns="http://www.w3.org/1999/xhtml" xml:lang="en" lang="en">
 <head>
  <title>
</title>
<meta http-equiv="Content-Type" content="text/html;charset=utf-8" />
  <meta name='ocr-system' content='tesseract 3.04.00' />
  <meta name='ocr-capabilities' content='ocr_page ocr_carea ocr_par ocr_line ocrx_word'/>
</head>
<body>
  <div class='ocr_page' id='page_1' title='image "./poetbucolicietd00ameigoog_0485.png"; bbox 0 0 3767 5825; ppageno 0'>
   <div class='ocr_carea' id='block_1_1' title="bbox 1510 334 1940 397">
    <p class='ocr_par' dir='ltr' id='par_1_1' title="bbox 1510 334 1940 397">
     <span class='ocr_line' id='line_1_1' title="bbox 1510 334 1940 397; baseline 0.002 -3"><span class='ocrx_word' id='word_1_1' title='bbox 1510 334 1940 397; x_wconf 73' lang='lat' dir='ltr'><strong>PRAEFATtO.</strong></span> 
     </span>
    </p>
   </div>
   <div class='ocr_carea' id='block_1_2' title="bbox 74 453 1661 535">
    <p class='ocr_par' dir='ltr' id='par_1_2' title="bbox 74 453 1661 535">
     <span class='ocr_line' id='line_1_2' title="bbox 74 453 1661 535; baseline 0.004 -26"><span class='ocrx_word' id='word_1_2' title='bbox 74 454 447 515; x_wconf 82' lang='lat' dir='ltr'><strong>testimoniis</strong></span> <span class='ocrx_word' id='word_1_3' title='bbox 482 466 543 513; x_wconf 89' lang='lat' dir='ltr'><strong>et</strong></span> <span class='ocrx_word' id='word_1_4' title='bbox 576 453 1093 532; x_wconf 85' lang='lat' dir='ltr'><strong>conjunctionibus</strong></span> <span class='ocrx_word' id='word_1_5' title='bbox 1128 458 1491 535; x_wconf 85' lang='lat' dir='ltr'><strong>planetarum</strong></span> <span class='ocrx_word' id='word_1_6' title='bbox 1530 477 1661 535; x_wconf 85' lang='lat' dir='ltr'><strong>par-</strong></span> 
     </span>
    </p>
   </div>
   <div class='ocr_carea' id='block_1_3' title="bbox 62 552 1659 5215">
    <p class='ocr_par' dir='ltr' id='par_1_3' title="bbox 62 552 1659 3630">
     <span class='ocr_line' id='line_1_3' title="bbox 72 552 1658 632; baseline 0.004 -25"><span class='ocrx_word' id='word_1_7' title='bbox 72 566 197 608; x_wconf 85' lang='lat' dir='ltr'><strong>tem</strong></span> <span class='ocrx_word' id='word_1_8' title='bbox 232 552 663 629; x_wconf 80' lang='lat' dir='ltr'>exponendam,</span> <span class='ocrx_word' id='word_1_9' title='bbox 695 571 867 629; x_wconf 90' lang='lat' dir='ltr'><strong>quam</strong></span> <span class='ocrx_word' id='word_1_10' title='bbox 900 572 1081 632; x_wconf 88' lang='lat' dir='ltr'><strong>supra</strong></span> <span class='ocrx_word' id='word_1_11' title='bbox 1097 573 1159 614; x_wconf 77' lang='lat' dir='ltr'><strong>v.</strong></span> <span class='ocrx_word' id='word_1_12' title='bbox 1188 555 1223 611; x_wconf 88' lang='lat'>6</span> <span class='ocrx_word' id='word_1_13' title='bbox 1249 574 1337 631; x_wconf 89' lang='lat' dir='ltr'><strong>sq.</strong></span> <span class='ocrx_word' id='word_1_14' title='bbox 1364 555 1658 614; x_wconf 82' lang='lat' dir='ltr'><strong>indicave-</strong></span> 
     </span>
     <span class='ocr_line' id='line_1_4' title="bbox 72 640 1657 703; baseline 0.004 -8"><span class='ocrx_word' id='word_1_15' title='bbox 72 654 191 697; x_wconf 83' lang='lat' dir='ltr'><strong>rat.</strong></span> <span class='ocrx_word' id='word_1_16' title='bbox 209 640 429 699; x_wconf 85' lang='lat' dir='ltr'><strong>Sobrie</strong></span> <span class='ocrx_word' id='word_1_17' title='bbox 446 652 633 699; x_wconf 89' lang='lat' dir='ltr'><strong>autem</strong></span> <span class='ocrx_word' id='word_1_18' title='bbox 654 641 715 699; x_wconf 91' lang='lat' dir='ltr'><strong>in</strong></span> <span class='ocrx_word' id='word_1_19' title='bbox 728 644 1010 699; x_wconf 88' lang='lat' dir='ltr'><strong>immensa</strong></span> <span class='ocrx_word' id='word_1_20' title='bbox 1022 643 1317 701; x_wconf 80' lang='lat' dir='ltr'><strong>variarum</strong></span> <span class='ocrx_word' id='word_1_21' title='bbox 1340 644 1657 703; x_wconf 86' lang='lat' dir='ltr'><strong>formarum</strong></span> 
     </span>
     <span class='ocr_line' id='line_1_5' title="bbox 72 729 1655 811; baseline 0.004 -27"><span class='ocrx_word' id='word_1_22' title='bbox 72 729 570 806; x_wconf 77' lang='lat' dir='ltr'><strong>positionumque</strong></span> <span class='ocrx_word' id='word_1_23' title='bbox 592 729 965 787; x_wconf 90' lang='lat' dir='ltr'><strong>multitudine</strong></span> <span class='ocrx_word' id='word_1_24' title='bbox 992 731 1325 809; x_wconf 87' lang='lat' dir='ltr'><strong>potissimas</strong></span> <span class='ocrx_word' id='word_1_25' title='bbox 1348 734 1655 811; x_wconf 80' lang='lat' dir='ltr'>excerpsit,</span> 
     </span>
     <span class='ocr_line' id='line_1_6' title="bbox 68 816 1657 899; baseline 0.005 -28"><span class='ocrx_word' id='word_1_26' title='bbox 68 838 233 892; x_wconf 82' lang='lat' dir='ltr'><strong>quas</strong></span> <span class='ocrx_word' id='word_1_27' title='bbox 274 816 477 875; x_wconf 89' lang='lat' dir='ltr'><strong>eodem</strong></span> <span class='ocrx_word' id='word_1_28' title='bbox 520 818 727 876; x_wconf 88' lang='lat' dir='ltr'>ordine</span> <span class='ocrx_word' id='word_1_29' title='bbox 767 830 1124 895; x_wconf 89' lang='lat' dir='ltr'><strong>pertractare</strong></span> <span class='ocrx_word' id='word_1_30' title='bbox 1176 833 1439 897; x_wconf 89' lang='lat' dir='ltr'><strong>poterat,</strong></span> <span class='ocrx_word' id='word_1_31' title='bbox 1485 834 1657 899; x_wconf 90' lang='lat' dir='ltr'><strong>atque</strong></span> 
     </span>
     <span class='ocr_line' id='line_1_7' title="bbox 68 906 1657 987; baseline 0.004 -26"><span class='ocrx_word' id='word_1_32' title='bbox 68 926 261 981; x_wconf 82' lang='lat' dir='ltr'><strong>quern</strong></span> <span class='ocrx_word' id='word_1_33' title='bbox 280 906 585 983; x_wconf 87' lang='lat' dir='ltr'><strong>hucusque</strong></span> <span class='ocrx_word' id='word_1_34' title='bbox 604 921 955 965; x_wconf 83' lang='lat' dir='ltr'><strong>servaverat.</strong></span> <span class='ocrx_word' id='word_1_35' title='bbox 984 907 1204 966; x_wconf 83' lang='lat' dir='ltr'>Rursus</span> <span class='ocrx_word' id='word_1_36' title='bbox 1220 908 1402 983; x_wconf 89' lang='lat' dir='ltr'><strong>igitur</strong></span> <span class='ocrx_word' id='word_1_37' title='bbox 1420 910 1657 987; x_wconf 87' lang='lat' dir='ltr'><strong>abjectis</strong></span> 
     </span>
     <span class='ocr_line' id='line_1_8' title="bbox 66 993 1659 1072; baseline 0.004 -23"><span class='ocrx_word' id='word_1_38' title='bbox 66 993 171 1069; x_wconf 87' lang='lat' dir='ltr'><strong>plu</strong></span> <span class='ocrx_word' id='word_1_39' title='bbox 180 994 343 1051; x_wconf 84' lang='lat' dir='ltr'><strong>rium</strong></span> <span class='ocrx_word' id='word_1_40' title='bbox 356 993 717 1071; x_wconf 86' lang='lat' dir='ltr'><strong>planetarum</strong></span> <span class='ocrx_word' id='word_1_41' title='bbox 729 996 1257 1071; x_wconf 90' lang='lat' dir='ltr'><strong>compositionibus</strong></span> <span class='ocrx_word' id='word_1_42' title='bbox 1270 998 1452 1072; x_wconf 85' lang='lat' dir='ltr'><strong>magis</strong></span> <span class='ocrx_word' id='word_1_43' title='bbox 1464 1018 1659 1057; x_wconf 89' lang='lat' dir='ltr'><strong>cumu-</strong></span> 
     </span>
     <span class='ocr_line' id='line_1_9' title="bbox 66 1082 1654 1162; baseline 0.005 -25"><span class='ocrx_word' id='word_1_44' title='bbox 66 1082 209 1139; x_wconf 83' lang='lat' dir='ltr'>latis</span> <span class='ocrx_word' id='word_1_45' title='bbox 256 1095 317 1140; x_wconf 91' lang='lat' dir='ltr'><strong>et</strong></span> <span class='ocrx_word' id='word_1_46' title='bbox 344 1084 647 1155; x_wconf 83' lang='lat' dir='ltr'><strong>contortis,</strong></span> <span class='ocrx_word' id='word_1_47' title='bbox 677 1085 843 1161; x_wconf 87' lang='lat' dir='ltr'>quasi</span> <span class='ocrx_word' id='word_1_48' title='bbox 875 1084 1165 1162; x_wconf 90' lang='lat' dir='ltr'><strong>simplicia</strong></span> <span class='ocrx_word' id='word_1_49' title='bbox 1200 1098 1425 1143; x_wconf 88' lang='lat' dir='ltr'><strong>tantum</strong></span> <span class='ocrx_word' id='word_1_50' title='bbox 1464 1089 1654 1145; x_wconf 84' lang='lat' dir='ltr'><strong>multi-</strong></span> 
     </span>
     <span class='ocr_line' id='line_1_10' title="bbox 64 1170 1650 1251; baseline 0.006 -26"><span class='ocrx_word' id='word_1_51' title='bbox 64 1170 257 1245; x_wconf 82' lang='lat' dir='ltr'><strong>plicis</strong></span> <span class='ocrx_word' id='word_1_52' title='bbox 300 1170 579 1229; x_wconf 65' lang='lat' dir='ltr'><strong>doctrina&gt;</strong></span> <span class='ocrx_word' id='word_1_53' title='bbox 629 1172 997 1231; x_wconf 86' lang='lat' dir='ltr'><strong>fundamenta</strong></span> <span class='ocrx_word' id='word_1_54' title='bbox 1028 1174 1225 1251; x_wconf 84' lang='lat' dir='ltr'><strong>jacere</strong></span> <span class='ocrx_word' id='word_1_55' title='bbox 1266 1176 1406 1234; x_wconf 88' lang='lat' dir='ltr'><strong>satis</strong></span> <span class='ocrx_word' id='word_1_56' title='bbox 1450 1175 1650 1248; x_wconf 87' lang='lat' dir='ltr'><strong>habet,</strong></span> 
     </span>
     <span class='ocr_line' id='line_1_11' title="bbox 64 1260 1650 1340; baseline 0.004 -25"><span class='ocrx_word' id='word_1_57' title='bbox 64 1278 429 1317; x_wconf 82' lang='lat' dir='ltr'><strong>enumerans</strong></span> <span class='ocrx_word' id='word_1_58' title='bbox 456 1260 687 1335; x_wconf 86' lang='lat' dir='ltr'><strong>singula</strong></span> <span class='ocrx_word' id='word_1_59' title='bbox 728 1261 1091 1336; x_wconf 88' lang='lat' dir='ltr'><strong>planetarum</strong></span> <span class='ocrx_word' id='word_1_60' title='bbox 1120 1269 1329 1338; x_wconf 78' lang='lat' dir='ltr'><strong>paria,</strong></span> <span class='ocrx_word' id='word_1_61' title='bbox 1376 1264 1521 1340; x_wconf 91' lang='lat' dir='ltr'><strong>quid</strong></span> <span class='ocrx_word' id='word_1_62' title='bbox 1546 1264 1650 1322; x_wconf 88' lang='lat' dir='ltr'><strong>ho-</strong></span> 
     </span>
     <span class='ocr_line' id='line_1_12' title="bbox 66 1346 1655 1424; baseline 0.006 -23"><span class='ocrx_word' id='word_1_63' title='bbox 66 1346 343 1407; x_wconf 87' lang='lat' dir='ltr'><strong>minibus</strong></span> <span class='ocrx_word' id='word_1_64' title='bbox 367 1348 690 1424; x_wconf 71' lang='lat' dir='ltr'><strong>praedicant</strong></span> <span class='ocrx_word' id='word_1_65' title='bbox 728 1362 828 1408; x_wconf 90' lang='lat' dir='ltr'><strong>aut</strong></span> <span class='ocrx_word' id='word_1_66' title='bbox 859 1358 1136 1423; x_wconf 79' lang='lat' dir='ltr'><strong>conjuncte·</strong></span> <span class='ocrx_word' id='word_1_67' title='bbox 1178 1351 1407 1409; x_wconf 89' lang='lat' dir='ltr'><strong>interse</strong></span> <span class='ocrx_word' id='word_1_68' title='bbox 1447 1365 1546 1410; x_wconf 88' lang='lat' dir='ltr'><strong>aut</strong></span> <span class='ocrx_word' id='word_1_69' title='bbox 1580 1374 1655 1409; x_wconf 74' lang='lat' dir='ltr'><strong>ex</strong></span> 
     </span>
     <span class='ocr_line' id='line_1_13' title="bbox 64 1437 1652 1517; baseline 0.006 -28"><span class='ocrx_word' id='word_1_70' title='bbox 64 1438 309 1492; x_wconf 77' lang='lat' dir='ltr'><strong>adverso</strong></span> <span class='ocrx_word' id='word_1_71' title='bbox 349 1437 529 1513; x_wconf 91' lang='lat' dir='ltr'><strong>positi</strong></span> <span class='ocrx_word' id='word_1_72' title='bbox 544 1482 561 1509; x_wconf 94' lang='lat'><strong>,</strong></span> <span class='ocrx_word' id='word_1_73' title='bbox 609 1450 709 1495; x_wconf 90' lang='lat' dir='ltr'><strong>aut</strong></span> <span class='ocrx_word' id='word_1_74' title='bbox 744 1442 1009 1513; x_wconf 82' lang='lat' dir='ltr'><strong>quadrati</strong></span> <span class='ocrx_word' id='word_1_75' title='bbox 1017 1481 1036 1508; x_wconf 96' lang='lat'><strong>,</strong></span> <span class='ocrx_word' id='word_1_76' title='bbox 1080 1451 1178 1496; x_wconf 89' lang='lat' dir='ltr'><strong>aut</strong></span> <span class='ocrx_word' id='word_1_77' title='bbox 1213 1446 1443 1513; x_wconf 81' lang='lat' dir='ltr'><strong>tr1&#39;gom&#39;,</strong></span> <span class='ocrx_word' id='word_1_78' title='bbox 1496 1441 1652 1517; x_wconf 90' lang='lat' dir='ltr'><strong>quod</strong></span> 
     </span>
     <span class='ocr_line' id='line_1_14' title="bbox 66 1524 1651 1601; baseline 0.003 -21"><span class='ocrx_word' id='word_1_79' title='bbox 66 1536 437 1599; x_wconf 84' lang='lat' dir='ltr'><strong>postremum</strong></span> <span class='ocrx_word' id='word_1_80' title='bbox 468 1524 927 1583; x_wconf 85' lang='lat' dir='ltr'><strong>constellationis</strong></span> <span class='ocrx_word' id='word_1_81' title='bbox 957 1546 1140 1601; x_wconf 84' lang='lat' dir='ltr'><strong>genus</strong></span> <span class='ocrx_word' id='word_1_82' title='bbox 1184 1527 1651 1587; x_wconf 84' lang='lat' dir='ltr'><strong>efficacissimum</strong></span> 
     </span>
     <span class='ocr_line' id='line_1_15' title="bbox 62 1610 1651 1693; baseline 0.004 -26"><span class='ocrx_word' id='word_1_83' title='bbox 62 1630 189 1667; x_wconf 86' lang='lat' dir='ltr'><strong>esse</strong></span> <span class='ocrx_word' id='word_1_84' title='bbox 213 1610 413 1669; x_wconf 86' lang='lat' dir='ltr'><strong>obiter</strong></span> <span class='ocrx_word' id='word_1_85' title='bbox 436 1632 498 1668; x_wconf 83' lang='lat' dir='ltr'><strong>v.</strong></span> <span class='ocrx_word' id='word_1_86' title='bbox 526 1613 632 1669; x_wconf 90' lang='lat'><strong>361</strong></span> <span class='ocrx_word' id='word_1_87' title='bbox 652 1632 735 1689; x_wconf 88' lang='lat' dir='ltr'><strong>sq.</strong></span> <span class='ocrx_word' id='word_1_88' title='bbox 761 1628 1046 1671; x_wconf 88' lang='lat' dir='ltr'><strong>monetur.</strong></span> <span class='ocrx_word' id='word_1_89' title='bbox 1072 1614 1143 1671; x_wconf 86' lang='lat' dir='ltr'><strong>Et</strong></span> <span class='ocrx_word' id='word_1_90' title='bbox 1165 1616 1226 1674; x_wconf 90' lang='lat' dir='ltr'><strong>in</strong></span> <span class='ocrx_word' id='word_1_91' title='bbox 1249 1615 1498 1693; x_wconf 87' lang='lat' dir='ltr'><strong>planetis</strong></span> <span class='ocrx_word' id='word_1_92' title='bbox 1518 1617 1651 1693; x_wconf 90' lang='lat' dir='ltr'><strong>qui-</strong></span> 
     </span>
     <span class='ocr_line' id='line_1_16' title="bbox 66 1698 1647 1778; baseline 0.004 -24"><span class='ocrx_word' id='word_1_93' title='bbox 66 1698 197 1754; x_wconf 89' lang='lat' dir='ltr'><strong>dem</strong></span> <span class='ocrx_word' id='word_1_94' title='bbox 231 1701 648 1758; x_wconf 83' lang='lat' dir='ltr'><strong>enumerandis</strong></span> <span class='ocrx_word' id='word_1_95' title='bbox 668 1744 685 1772; x_wconf 90' lang='lat'>‚</span> <span class='ocrx_word' id='word_1_96' title='bbox 715 1702 799 1758; x_wconf 86' lang='lat' dir='ltr'><strong>uti</strong></span> <span class='ocrx_word' id='word_1_97' title='bbox 818 1701 939 1778; x_wconf 86' lang='lat' dir='ltr'><strong>jam</strong></span> <span class='ocrx_word' id='word_1_98' title='bbox 968 1702 1228 1761; x_wconf 79' lang='lat' dir='ltr'><strong>indicavi</strong></span> <span class='ocrx_word' id='word_1_99' title='bbox 1244 1747 1261 1776; x_wconf 88' lang='lat'><strong>,</strong></span> <span class='ocrx_word' id='word_1_100' title='bbox 1285 1722 1319 1761; x_wconf 88' lang='lat' dir='ltr'><strong>a</strong></span> <span class='ocrx_word' id='word_1_101' title='bbox 1344 1703 1516 1761; x_wconf 90' lang='lat' dir='ltr'><strong>solito</strong></span> <span class='ocrx_word' id='word_1_102' title='bbox 1540 1724 1647 1761; x_wconf 90' lang='lat' dir='ltr'><strong>or-</strong></span> 
     </span>
     <span class='ocr_line' id='line_1_17' title="bbox 64 1786 1652 1867; baseline 0.005 -27"><span class='ocrx_word' id='word_1_103' title='bbox 64 1786 207 1844; x_wconf 88' lang='lat' dir='ltr'><strong>dine</strong></span> <span class='ocrx_word' id='word_1_104' title='bbox 240 1807 364 1844; x_wconf 92' lang='lat' dir='ltr'><strong>non</strong></span> <span class='ocrx_word' id='word_1_105' title='bbox 392 1788 682 1860; x_wconf 89' lang='lat' dir='ltr'><strong>discessit,</strong></span> <span class='ocrx_word' id='word_1_106' title='bbox 714 1789 1013 1865; x_wconf 83' lang='lat' dir='ltr'><strong>explicans</strong></span> <span class='ocrx_word' id='word_1_107' title='bbox 1041 1796 1294 1867; x_wconf 89' lang='lat' dir='ltr'><strong>primum</strong></span> <span class='ocrx_word' id='word_1_108' title='bbox 1320 1792 1392 1849; x_wconf 70' lang='lat' dir='ltr'><strong>tle</strong></span> <span class='ocrx_word' id='word_1_109' title='bbox 1419 1794 1652 1849; x_wconf 72' lang='lat' dir='ltr'><strong>Satur-m·</strong></span> 
     </span>
     <span class='ocr_line' id='line_1_18' title="bbox 64 1876 1647 1951; baseline 0.005 -21"><span class='ocrx_word' id='word_1_110' title='bbox 64 1876 593 1951; x_wconf 79' lang='lat' dir='ltr'><strong>conjunctionibus</strong></span> <span class='ocrx_word' id='word_1_111' title='bbox 637 1896 765 1937; x_wconf 87' lang='lat' dir='ltr'><strong>curn</strong></span> <span class='ocrx_word' id='word_1_112' title='bbox 802 1882 936 1935; x_wconf 77' lang='lat' dir='ltr'><strong>Jove</strong></span> <span class='ocrx_word' id='word_1_113' title='bbox 979 1880 1234 1949; x_wconf 73' lang='lat' dir='ltr'><strong>a34·43,</strong></span> <span class='ocrx_word' id='word_1_114' title='bbox 1277 1899 1405 1938; x_wconf 88' lang='lat' dir='ltr'><strong>cum</strong></span> <span class='ocrx_word' id='word_1_115' title='bbox 1456 1884 1647 1938; x_wconf 70' lang='lat' dir='ltr'><strong>Marte</strong></span> 
     </span>
     <span class='ocr_line' id='line_1_19' title="bbox 64 1967 1643 2043; baseline 0.004 -23"><span class='ocrx_word' id='word_1_116' title='bbox 64 1998 139 2006; x_wconf 91' lang='lat'><strong>—</strong></span> <span class='ocrx_word' id='word_1_117' title='bbox 158 1967 453 2037; x_wconf 82' lang='lat' dir='ltr'><strong>276,cum</strong></span> <span class='ocrx_word' id='word_1_118' title='bbox 481 1968 930 2039; x_wconf 81' lang='lat' dir='ltr'><strong>Venere—286,</strong></span> <span class='ocrx_word' id='word_1_119' title='bbox 955 1988 1085 2026; x_wconf 89' lang='lat' dir='ltr'><strong>cum</strong></span> <span class='ocrx_word' id='word_1_120' title='bbox 1103 1972 1477 2026; x_wconf 64' lang='lat' dir='ltr'><strong>Met-curfo—</strong></span> <span class='ocrx_word' id='word_1_121' title='bbox 1499 1979 1643 2043; x_wconf 74' lang='lat'><strong>2943</strong></span> 
     </span>
     <span class='ocr_line' id='line_1_20' title="bbox 66 2054 1648 2129; baseline 0.003 -20"><span class='ocrx_word' id='word_1_122' title='bbox 66 2066 187 2109; x_wconf 79' lang='lat' dir='ltr'><strong>tum</strong></span> <span class='ocrx_word' id='word_1_123' title='bbox 226 2054 305 2111; x_wconf 88' lang='lat' dir='ltr'><strong>de</strong></span> <span class='ocrx_word' id='word_1_124' title='bbox 342 2058 495 2111; x_wconf 78' lang='lat' dir='ltr'><strong>Iovis</strong></span> <span class='ocrx_word' id='word_1_125' title='bbox 535 2076 663 2111; x_wconf 89' lang='lat' dir='ltr'><strong>cum</strong></span> <span class='ocrx_word' id='word_1_126' title='bbox 705 2059 897 2111; x_wconf 84' lang='lat' dir='ltr'><strong>Marte</strong></span> <span class='ocrx_word' id='word_1_127' title='bbox 936 2090 1010 2099; x_wconf 94' lang='lat'><strong>—</strong></span> <span class='ocrx_word' id='word_1_128' title='bbox 1045 2057 1193 2127; x_wconf 82' lang='lat'><strong>308,</strong></span> <span class='ocrx_word' id='word_1_129' title='bbox 1242 2076 1373 2115; x_wconf 87' lang='lat' dir='ltr'><strong>cum</strong></span> <span class='ocrx_word' id='word_1_130' title='bbox 1400 2124 1407 2129; x_wconf 31' lang='grc' dir='ltr'>Ι</span> <span class='ocrx_word' id='word_1_131' title='bbox 1435 2062 1648 2114; x_wconf 83' lang='lat' dir='ltr'><strong>Venere</strong></span> 
     </span>
     <span class='ocr_line' id='line_1_21' title="bbox 66 2142 1648 2214; baseline 0.003 -17"><span class='ocrx_word' id='word_1_132' title='bbox 66 2174 137 2183; x_wconf 89' lang='lat'><em>—</em></span> <span class='ocrx_word' id='word_1_133' title='bbox 170 2142 287 2209; x_wconf 89' lang='grc'><strong>314</strong></span> <span class='ocrx_word' id='word_1_134' title='bbox 307 2186 324 2214; x_wconf 91' lang='grc'><strong>,</strong></span> <span class='ocrx_word' id='word_1_135' title='bbox 358 2162 488 2199; x_wconf 89' lang='lat' dir='ltr'><strong>cum</strong></span> <span class='ocrx_word' id='word_1_136' title='bbox 515 2144 800 2199; x_wconf 79' lang='lat' dir='ltr'><strong>Mercurio</strong></span> <span class='ocrx_word' id='word_1_137' title='bbox 822 2176 897 2185; x_wconf 90' lang='lat'><strong>—-</strong></span> <span class='ocrx_word' id='word_1_138' title='bbox 924 2144 1074 2213; x_wconf 77' lang='lat'><strong>3283</strong></span> <span class='ocrx_word' id='word_1_139' title='bbox 1108 2143 1321 2202; x_wconf 88' lang='lat' dir='ltr'><strong>deinde</strong></span> <span class='ocrx_word' id='word_1_140' title='bbox 1347 2146 1419 2203; x_wconf 87' lang='lat' dir='ltr'><strong>de</strong></span> <span class='ocrx_word' id='word_1_141' title='bbox 1444 2150 1648 2205; x_wconf 77' lang='lat' dir='ltr'><strong>Martis</strong></span> 
     </span>
     <span class='ocr_line' id='line_1_22' title="bbox 66 2230 1644 2305; baseline 0.004 -22"><span class='ocrx_word' id='word_1_142' title='bbox 66 2249 197 2285; x_wconf 80' lang='lat' dir='ltr'><strong>cum</strong></span> <span class='ocrx_word' id='word_1_143' title='bbox 230 2233 450 2285; x_wconf 80' lang='lat' dir='ltr'><strong>Venere</strong></span> <span class='ocrx_word' id='word_1_144' title='bbox 478 2262 557 2272; x_wconf 75' lang='lat'><strong>——</strong></span> <span class='ocrx_word' id='word_1_145' title='bbox 596 2230 745 2301; x_wconf 84' lang='lat'><strong>338,</strong></span> <span class='ocrx_word' id='word_1_146' title='bbox 789 2250 919 2287; x_wconf 90' lang='lat' dir='ltr'><strong>cum</strong></span> <span class='ocrx_word' id='word_1_147' title='bbox 948 2234 1229 2287; x_wconf 81' lang='lat' dir='ltr'><strong>Mercurio</strong></span> <span class='ocrx_word' id='word_1_148' title='bbox 1248 2266 1321 2275; x_wconf 96' lang='lat'><strong>—</strong></span> <span class='ocrx_word' id='word_1_149' title='bbox 1353 2232 1500 2305; x_wconf 75' lang='lat'><strong>345;</strong></span> <span class='ocrx_word' id='word_1_150' title='bbox 1530 2232 1644 2290; x_wconf 90' lang='lat' dir='ltr'><strong>de-</strong></span> 
     </span>
     <span class='ocr_line' id='line_1_23' title="bbox 68 2317 1643 2392; baseline 0.004 -20"><span class='ocrx_word' id='word_1_151' title='bbox 68 2318 251 2392; x_wconf 87' lang='lat' dir='ltr'><strong>nique</strong></span> <span class='ocrx_word' id='word_1_152' title='bbox 283 2317 359 2375; x_wconf 82' lang='lat' dir='ltr'><strong>de</strong></span> <span class='ocrx_word' id='word_1_153' title='bbox 392 2321 627 2373; x_wconf 73' lang='lat' dir='ltr'><strong>Veneris</strong></span> <span class='ocrx_word' id='word_1_154' title='bbox 658 2338 787 2375; x_wconf 88' lang='lat' dir='ltr'><strong>cum</strong></span> <span class='ocrx_word' id='word_1_155' title='bbox 831 2322 1109 2375; x_wconf 81' lang='lat' dir='ltr'><strong>Mercurio</strong></span> <span class='ocrx_word' id='word_1_156' title='bbox 1144 2354 1218 2363; x_wconf 91' lang='lat'><strong>-—</strong></span> <span class='ocrx_word' id='word_1_157' title='bbox 1246 2320 1382 2377; x_wconf 84' lang='lat'><strong>358.</strong></span> <span class='ocrx_word' id='word_1_158' title='bbox 1428 2320 1543 2379; x_wconf 88' lang='lat' dir='ltr'><strong>Sed</strong></span> <span class='ocrx_word' id='word_1_159' title='bbox 1584 2326 1643 2379; x_wconf 88' lang='lat' dir='ltr'><strong>in</strong></span> 
     </span>
     <span class='ocr_line' id='line_1_24' title="bbox 68 2405 1644 2484; baseline 0.004 -25"><span class='ocrx_word' id='word_1_160' title='bbox 68 2405 445 2463; x_wconf 80' lang='lat' dir='ltr'><strong>recensendis</strong></span> <span class='ocrx_word' id='word_1_161' title='bbox 506 2405 627 2463; x_wconf 89' lang='lat' dir='ltr'><strong>illis</strong></span> <span class='ocrx_word' id='word_1_162' title='bbox 674 2418 947 2482; x_wconf 90' lang='lat' dir='ltr'><strong>quattuor</strong></span> <span class='ocrx_word' id='word_1_163' title='bbox 1010 2407 1477 2465; x_wconf 85' lang='lat' dir='ltr'><strong>testimoniorum</strong></span> <span class='ocrx_word' id='word_1_164' title='bbox 1535 2429 1644 2484; x_wconf 84' lang='lat' dir='ltr'><strong>ge—</strong></span> 
     </span>
     <span class='ocr_line' id='line_1_25' title="bbox 70 2492 1641 2573; baseline 0.004 -26"><span class='ocrx_word' id='word_1_165' title='bbox 70 2492 309 2551; x_wconf 81' lang='lat' dir='ltr'><strong>neribus</strong></span> <span class='ocrx_word' id='word_1_166' title='bbox 350 2493 465 2549; x_wconf 88' lang='lat' dir='ltr'><strong>sibi</strong></span> <span class='ocrx_word' id='word_1_167' title='bbox 509 2512 669 2569; x_wconf 88' lang='lat' dir='ltr'><strong>aeque</strong></span> <span class='ocrx_word' id='word_1_168' title='bbox 698 2512 818 2551; x_wconf 93' lang='lat' dir='ltr'><strong>non</strong></span> <span class='ocrx_word' id='word_1_169' title='bbox 852 2494 1108 2551; x_wconf 89' lang='lat' dir='ltr'><strong>constitit</strong></span> <span class='ocrx_word' id='word_1_170' title='bbox 1146 2506 1319 2571; x_wconf 82' lang='lat' dir='ltr'><strong>atque</strong></span> <span class='ocrx_word' id='word_1_171' title='bbox 1361 2514 1540 2573; x_wconf 88' lang='lat' dir='ltr'><strong>supra</strong></span> <span class='ocrx_word' id='word_1_172' title='bbox 1580 2498 1641 2553; x_wconf 91' lang='lat' dir='ltr'><strong>in</strong></span> 
     </span>
     <span class='ocr_line' id='line_1_26' title="bbox 70 2580 1640 2659; baseline 0.005 -25"><span class='ocrx_word' id='word_1_173' title='bbox 70 2580 469 2638; x_wconf 79' lang='lat' dir='ltr'><strong>memorandis</strong></span> <span class='ocrx_word' id='word_1_174' title='bbox 504 2593 780 2657; x_wconf 88' lang='lat' dir='ltr'><strong>quattuor</strong></span> <span class='ocrx_word' id='word_1_175' title='bbox 818 2582 1055 2653; x_wconf 80' lang='lat' dir='ltr'><strong>centris3</strong></span> <span class='ocrx_word' id='word_1_176' title='bbox 1096 2594 1205 2653; x_wconf 90' lang='lat' dir='ltr'><strong>ter,</strong></span> <span class='ocrx_word' id='word_1_177' title='bbox 1245 2602 1305 2640; x_wconf 83' lang='lat' dir='ltr'><strong>v.</strong></span> <span class='ocrx_word' id='word_1_178' title='bbox 1346 2584 1457 2650; x_wconf 91' lang='grc'><strong>314</strong></span> <span class='ocrx_word' id='word_1_179' title='bbox 1488 2584 1640 2659; x_wconf 89' lang='lat' dir='ltr'><strong>apud</strong></span> 
     </span>
     <span class='ocr_line' id='line_1_27' title="bbox 66 2666 1644 2747; baseline 0.004 -26"><span class='ocrx_word' id='word_1_180' title='bbox 66 2666 269 2725; x_wconf 68' lang='lat' dir='ltr'><strong>,lovem</strong></span> <span class='ocrx_word' id='word_1_181' title='bbox 321 2682 379 2724; x_wconf 91' lang='lat' dir='ltr'><strong>et</strong></span> <span class='ocrx_word' id='word_1_182' title='bbox 427 2668 741 2744; x_wconf 83' lang='lat' dir='ltr'><strong>Venerem,</strong></span> <span class='ocrx_word' id='word_1_183' title='bbox 787 2689 845 2729; x_wconf 83' lang='lat' dir='ltr'><strong>v.</strong></span> <span class='ocrx_word' id='word_1_184' title='bbox 901 2670 1014 2725; x_wconf 84' lang='lat'><strong>316</strong></span> <span class='ocrx_word' id='word_1_185' title='bbox 1075 2669 1228 2747; x_wconf 89' lang='lat' dir='ltr'><strong>apud</strong></span> <span class='ocrx_word' id='word_1_186' title='bbox 1280 2670 1527 2729; x_wconf 87' lang='lat' dir='ltr'><strong>eundem</strong></span> <span class='ocrx_word' id='word_1_187' title='bbox 1586 2685 1644 2730; x_wconf 91' lang='lat' dir='ltr'><strong>et</strong></span> 
     </span>
     <span class='ocr_line' id='line_1_28' title="bbox 68 2754 1635 2835; baseline 0.004 -24"><span class='ocrx_word' id='word_1_188' title='bbox 68 2754 454 2825; x_wconf 73' lang='lat' dir='ltr'><strong>Mercurium,</strong></span> <span class='ocrx_word' id='word_1_189' title='bbox 499 2778 557 2813; x_wconf 70' lang='lat' dir='ltr'><strong>v.</strong></span> <span class='ocrx_word' id='word_1_190' title='bbox 612 2758 723 2826; x_wconf 92' lang='grc'><strong>334</strong></span> <span class='ocrx_word' id='word_1_191' title='bbox 762 2759 918 2835; x_wconf 90' lang='lat' dir='ltr'><strong>apud</strong></span> <span class='ocrx_word' id='word_1_192' title='bbox 958 2758 1195 2817; x_wconf 85' lang='lat' dir='ltr'><strong>Martem</strong></span> <span class='ocrx_word' id='word_1_193' title='bbox 1232 2771 1289 2817; x_wconf 89' lang='lat' dir='ltr'><strong>et</strong></span> <span class='ocrx_word' id='word_1_194' title='bbox 1326 2764 1635 2832; x_wconf 86' lang='lat' dir='ltr'><strong>Venerem,</strong></span> 
     </span>
     <span class='ocr_line' id='line_1_29' title="bbox 68 2843 1637 2928; baseline 0.004 -29"><span class='ocrx_word' id='word_1_195' title='bbox 68 2845 365 2901; x_wconf 85' lang='lat' dir='ltr'><strong>communi</strong></span> <span class='ocrx_word' id='word_1_196' title='bbox 412 2843 700 2902; x_wconf 84' lang='lat' dir='ltr'><strong>vocabulo</strong></span> <span class='ocrx_word' id='word_1_197' title='bbox 746 2844 932 2911; x_wconf 83' lang='grc' dir='ltr'>ἄλλαις</span> <span class='ocrx_word' id='word_1_198' title='bbox 977 2845 1377 2928; x_wconf 77' lang='grc' dir='ltr'>ἐπιμαρτυρίαις</span> <span class='ocrx_word' id='word_1_199' title='bbox 1408 2862 1466 2905; x_wconf 88' lang='lat' dir='ltr'><strong>et</strong></span> <span class='ocrx_word' id='word_1_200' title='bbox 1503 2850 1637 2906; x_wconf 81' lang='grc' dir='ltr'>ποίν-</span> 
     </span>
     <span class='ocr_line' id='line_1_30' title="bbox 74 2931 1637 3016; baseline 0.004 -27"><span class='ocrx_word' id='word_1_201' title='bbox 74 2957 219 2990; x_wconf 78' lang='grc' dir='ltr'>τεσσι</span> <span class='ocrx_word' id='word_1_202' title='bbox 253 2931 498 3010; x_wconf 77' lang='grc' dir='ltr'>σχήμασι</span> <span class='ocrx_word' id='word_1_203' title='bbox 526 2955 644 2991; x_wconf 88' lang='grc'>11011</span> <span class='ocrx_word' id='word_1_204' title='bbox 674 2937 973 2994; x_wconf 87' lang='lat' dir='ltr'><strong>nominata</strong></span> <span class='ocrx_word' id='word_1_205' title='bbox 1005 2936 1223 2994; x_wconf 80' lang='lat' dir='ltr'><strong>foedera</strong></span> <span class='ocrx_word' id='word_1_206' title='bbox 1258 2938 1637 3016; x_wconf 89' lang='lat' dir='ltr'><strong>comprehen-</strong></span> 
     </span>
     <span class='ocr_line' id='line_1_31' title="bbox 74 3021 1639 3103; baseline 0.005 -26"><span class='ocrx_word' id='word_1_207' title='bbox 74 3021 205 3078; x_wconf 88' lang='lat' dir='ltr'><strong>dere</strong></span> <span class='ocrx_word' id='word_1_208' title='bbox 234 3023 377 3078; x_wconf 89' lang='lat' dir='ltr'><strong>satis</strong></span> <span class='ocrx_word' id='word_1_209' title='bbox 402 3021 639 3093; x_wconf 89' lang='lat' dir='ltr'><strong>habuit,</strong></span> <span class='ocrx_word' id='word_1_210' title='bbox 668 3043 774 3080; x_wconf 91' lang='lat' dir='ltr'><strong>nec</strong></span> <span class='ocrx_word' id='word_1_211' title='bbox 802 3023 1047 3082; x_wconf 89' lang='lat' dir='ltr'><strong>dubium</strong></span> <span class='ocrx_word' id='word_1_212' title='bbox 1070 3023 1189 3100; x_wconf 89' lang='lat' dir='ltr'><strong>jam</strong></span> <span class='ocrx_word' id='word_1_213' title='bbox 1214 3039 1294 3083; x_wconf 89' lang='lat' dir='ltr'><strong>est</strong></span> <span class='ocrx_word' id='word_1_214' title='bbox 1324 3027 1467 3102; x_wconf 89' lang='lat' dir='ltr'><strong>quin</strong></span> <span class='ocrx_word' id='word_1_215' title='bbox 1491 3026 1639 3103; x_wconf 86' lang='lat' dir='ltr'><strong>ejus-</strong></span> 
     </span>
     <span class='ocr_line' id='line_1_32' title="bbox 70 3111 1637 3174; baseline 0.006 -10"><span class='ocrx_word' id='word_1_216' title='bbox 70 3111 220 3168; x_wconf 85' lang='lat' dir='ltr'><strong>modi</strong></span> <span class='ocrx_word' id='word_1_217' title='bbox 252 3130 456 3167; x_wconf 84' lang='lat' dir='ltr'><strong>versus</strong></span> <span class='ocrx_word' id='word_1_218' title='bbox 476 3112 648 3168; x_wconf 89' lang='lat' dir='ltr'><strong>etiam</strong></span> <span class='ocrx_word' id='word_1_219' title='bbox 668 3113 731 3168; x_wconf 90' lang='lat' dir='ltr'><strong>in</strong></span> <span class='ocrx_word' id='word_1_220' title='bbox 760 3111 1033 3170; x_wconf 77' lang='lat' dir='ltr'><strong>Mercurii</strong></span> <span class='ocrx_word' id='word_1_221' title='bbox 1055 3125 1112 3170; x_wconf 89' lang='lat' dir='ltr'><strong>et</strong></span> <span class='ocrx_word' id='word_1_222' title='bbox 1128 3115 1365 3172; x_wconf 88' lang='lat' dir='ltr'><strong>Veneris</strong></span> <span class='ocrx_word' id='word_1_223' title='bbox 1396 3116 1637 3174; x_wconf 89' lang='lat' dir='ltr'><strong>societa-</strong></span> 
     </span>
     <span class='ocr_line' id='line_1_33' title="bbox 73 3195 1637 3277; baseline 0.005 -24"><span class='ocrx_word' id='word_1_224' title='bbox 73 3195 221 3254; x_wconf 87' lang='lat' dir='ltr'><strong>tibus</strong></span> <span class='ocrx_word' id='word_1_225' title='bbox 248 3196 639 3254; x_wconf 71' lang='lat' dir='ltr'><strong>describendis</strong></span> <span class='ocrx_word' id='word_1_226' title='bbox 672 3197 989 3270; x_wconf 88' lang='lat' dir='ltr'><strong>exciderit,</strong></span> <span class='ocrx_word' id='word_1_227' title='bbox 1019 3218 1094 3257; x_wconf 84' lang='lat' dir='ltr'><strong>ex</strong></span> <span class='ocrx_word' id='word_1_228' title='bbox 1120 3200 1337 3277; x_wconf 90' lang='lat' dir='ltr'><strong>quibus</strong></span> <span class='ocrx_word' id='word_1_229' title='bbox 1366 3221 1522 3260; x_wconf 91' lang='lat' dir='ltr'><strong>nunc</strong></span> <span class='ocrx_word' id='word_1_230' title='bbox 1550 3223 1637 3260; x_wconf 92' lang='lat' dir='ltr'><strong>so-</strong></span> 
     </span>
     <span class='ocr_line' id='line_1_34' title="bbox 76 3284 1632 3363; baseline 0.006 -24"><span class='ocrx_word' id='word_1_231' title='bbox 76 3285 185 3340; x_wconf 90' lang='lat' dir='ltr'><strong>lum</strong></span> <span class='ocrx_word' id='word_1_232' title='bbox 225 3305 286 3343; x_wconf 78' lang='lat' dir='ltr'><strong>v,</strong></span> <span class='ocrx_word' id='word_1_233' title='bbox 320 3287 433 3356; x_wconf 87' lang='grc'><strong>347</strong></span> <span class='ocrx_word' id='word_1_234' title='bbox 478 3284 599 3356; x_wconf 83' lang='grc' dir='ltr'>ξυνὴ</span> <span class='ocrx_word' id='word_1_235' title='bbox 637 3285 751 3352; x_wconf 79' lang='grc' dir='ltr'>ὁδός</span> <span class='ocrx_word' id='word_1_236' title='bbox 790 3301 1162 3347; x_wconf 89' lang='lat' dir='ltr'><strong>memoratur.</strong></span> <span class='ocrx_word' id='word_1_237' title='bbox 1194 3287 1337 3348; x_wconf 86' lang='lat' dir='ltr'><strong>Eum</strong></span> <span class='ocrx_word' id='word_1_238' title='bbox 1368 3309 1632 3363; x_wconf 86' lang='lat' dir='ltr'><strong>versum,</strong></span> 
     </span>
     <span class='ocr_line' id='line_1_35' title="bbox 74 3373 1635 3457; baseline 0.004 -28"><span class='ocrx_word' id='word_1_239' title='bbox 74 3374 169 3448; x_wconf 88' lang='lat' dir='ltr'><strong>qui</strong></span> <span class='ocrx_word' id='word_1_240' title='bbox 196 3373 409 3432; x_wconf 87' lang='lat' dir='ltr'><strong>iisdem</strong></span> <span class='ocrx_word' id='word_1_241' title='bbox 431 3373 631 3432; x_wconf 83' lang='lat' dir='ltr'><strong>verbis</strong></span> <span class='ocrx_word' id='word_1_242' title='bbox 651 3388 824 3452; x_wconf 87' lang='lat' dir='ltr'><strong>atque</strong></span> <span class='ocrx_word' id='word_1_243' title='bbox 843 3397 904 3434; x_wconf 86' lang='lat' dir='ltr'><strong>v.</strong></span> <span class='ocrx_word' id='word_1_244' title='bbox 932 3378 1041 3446; x_wconf 90' lang='grc'><strong>334</strong></span> <span class='ocrx_word' id='word_1_245' title='bbox 1066 3390 1379 3455; x_wconf 90' lang='lat' dir='ltr'><strong>conceptus</strong></span> <span class='ocrx_word' id='word_1_246' title='bbox 1400 3398 1519 3436; x_wconf 85' lang='lat' dir='ltr'><strong>esse</strong></span> <span class='ocrx_word' id='word_1_247' title='bbox 1538 3400 1635 3457; x_wconf 92' lang='lat' dir='ltr'><strong>po-</strong></span> 
     </span>
     <span class='ocr_line' id='line_1_36' title="bbox 74 3457 1630 3542; baseline 0.006 -28"><span class='ocrx_word' id='word_1_248' title='bbox 74 3474 239 3528; x_wconf 80' lang='lat' dir='ltr'><strong>terat,</strong></span> <span class='ocrx_word' id='word_1_249' title='bbox 290 3473 425 3538; x_wconf 91' lang='lat' dir='ltr'><strong>post</strong></span> <span class='ocrx_word' id='word_1_250' title='bbox 458 3483 516 3518; x_wconf 75' lang='lat' dir='ltr'><strong>v.</strong></span> <span class='ocrx_word' id='word_1_251' title='bbox 563 3463 667 3518; x_wconf 89' lang='grc'><strong>351</strong></span> <span class='ocrx_word' id='word_1_252' title='bbox 713 3463 996 3522; x_wconf 86' lang='lat' dir='ltr'><strong>excidisse</strong></span> <span class='ocrx_word' id='word_1_253' title='bbox 1035 3464 1175 3536; x_wconf 92' lang='lat' dir='ltr'><strong>loci,</strong></span> <span class='ocrx_word' id='word_1_254' title='bbox 1220 3484 1393 3542; x_wconf 90' lang='lat' dir='ltr'><strong>quem</strong></span> <span class='ocrx_word' id='word_1_255' title='bbox 1424 3457 1489 3523; x_wconf 64' lang='lat' dir='ltr'><strong>&#39;v.</strong></span> <span class='ocrx_word' id='word_1_256' title='bbox 1522 3469 1630 3535; x_wconf 84' lang='grc'><strong>334</strong></span> 
     </span>
     <span class='ocr_line' id='line_1_37' title="bbox 74 3549 1630 3630; baseline 0.007 -28"><span class='ocrx_word' id='word_1_257' title='bbox 74 3549 188 3624; x_wconf 79' lang='lat' dir='ltr'><strong>ipse</strong></span> <span class='ocrx_word' id='word_1_258' title='bbox 207 3562 477 3627; x_wconf 86' lang='lat' dir='ltr'><strong>occupat,</strong></span> <span class='ocrx_word' id='word_1_259' title='bbox 496 3552 854 3628; x_wconf 89' lang='lat' dir='ltr'><strong>comparatio</strong></span> <span class='ocrx_word' id='word_1_260' title='bbox 870 3572 1035 3630; x_wconf 84' lang='lat' dir='ltr'><strong>paene</strong></span> <span class='ocrx_word' id='word_1_261' title='bbox 1052 3554 1377 3610; x_wconf 89' lang='lat' dir='ltr'><strong>necessario</strong></span> <span class='ocrx_word' id='word_1_262' title='bbox 1393 3557 1630 3614; x_wconf 83' lang='lat' dir='ltr'><strong>evincit.</strong></span> 
     </span>
    </p>

    <p class='ocr_par' dir='ltr' id='par_1_4' title="bbox 74 3639 1633 5215">
     <span class='ocr_line' id='line_1_38' title="bbox 144 3639 1631 3714; baseline 0.005 -19"><span class='ocrx_word' id='word_1_263' title='bbox 144 3639 253 3696; x_wconf 75' lang='lat' dir='ltr'><strong>scd</strong></span> <span class='ocrx_word' id='word_1_264' title='bbox 290 3657 365 3695; x_wconf 88' lang='lat' dir='ltr'><strong>ne</strong></span> <span class='ocrx_word' id='word_1_265' title='bbox 409 3639 649 3696; x_wconf 88' lang='lat' dir='ltr'><strong>omnino</strong></span> <span class='ocrx_word' id='word_1_266' title='bbox 686 3641 923 3714; x_wconf 81' lang='lat' dir='ltr'><strong>ignarus</strong></span> <span class='ocrx_word' id='word_1_267' title='bbox 953 3641 1251 3699; x_wconf 86' lang='lat' dir='ltr'><strong>videretur</strong></span> <span class='ocrx_word' id='word_1_268' title='bbox 1294 3642 1631 3702; x_wconf 85' lang='lat' dir='ltr'><strong>innumera-</strong></span> 
     </span>
     <span class='ocr_line' id='line_1_39' title="bbox 74 3727 1633 3810; baseline 0.008 -31"><span class='ocrx_word' id='word_1_269' title='bbox 74 3745 191 3782; x_wconf 85' lang='lat' dir='ltr'><strong>rum</strong></span> <span class='ocrx_word' id='word_1_270' title='bbox 224 3728 458 3784; x_wconf 85' lang='lat' dir='ltr'><strong>illarum</strong></span> <span class='ocrx_word' id='word_1_271' title='bbox 488 3727 880 3804; x_wconf 86' lang='lat' dir='ltr'><strong>positionum,</strong></span> <span class='ocrx_word' id='word_1_272' title='bbox 914 3728 1131 3805; x_wconf 91' lang='lat' dir='ltr'><strong>quibus</strong></span> <span class='ocrx_word' id='word_1_273' title='bbox 1160 3729 1405 3806; x_wconf 85' lang='lat' dir='ltr'><strong>planetae</strong></span> <span class='ocrx_word' id='word_1_274' title='bbox 1434 3732 1633 3810; x_wconf 89' lang='lat' dir='ltr'><strong>plures</strong></span> 
     </span>
     <span class='ocr_line' id='line_1_40' title="bbox 75 3813 1631 3896; baseline 0.007 -28"><span class='ocrx_word' id='word_1_275' title='bbox 75 3813 229 3873; x_wconf 79' lang='lat' dir='ltr'><strong>alteri</strong></span> <span class='ocrx_word' id='word_1_276' title='bbox 258 3815 457 3872; x_wconf 89' lang='lat' dir='ltr'><strong>alteris</strong></span> <span class='ocrx_word' id='word_1_277' title='bbox 490 3815 797 3873; x_wconf 88' lang='lat' dir='ltr'><strong>imminere</strong></span> <span class='ocrx_word' id='word_1_278' title='bbox 814 3830 1093 3894; x_wconf 88' lang='lat' dir='ltr'><strong>possunt,</strong></span> <span class='ocrx_word' id='word_1_279' title='bbox 1120 3837 1333 3894; x_wconf 86' lang='lat' dir='ltr'><strong>paucas</strong></span> <span class='ocrx_word' id='word_1_280' title='bbox 1357 3820 1631 3896; x_wconf 84' lang='lat' dir='ltr'><strong>quasdam</strong></span> 
     </span>
     <span class='ocr_line' id='line_1_41' title="bbox 76 3903 1631 3984; baseline 0.008 -30"><span class='ocrx_word' id='word_1_281' title='bbox 76 3907 317 3961; x_wconf 83' lang='lat' dir='ltr'><strong>maxime</strong></span> <span class='ocrx_word' id='word_1_282' title='bbox 344 3903 603 3977; x_wconf 85' lang='lat' dir='ltr'><strong>insignes</strong></span> <span class='ocrx_word' id='word_1_283' title='bbox 631 3904 797 3979; x_wconf 88' lang='lat' dir='ltr'><strong>quasi</strong></span> <span class='ocrx_word' id='word_1_284' title='bbox 823 3906 1164 3981; x_wconf 87' lang='lat' dir='ltr'><strong>speciminis</strong></span> <span class='ocrx_word' id='word_1_285' title='bbox 1186 3906 1317 3963; x_wconf 92' lang='lat' dir='ltr'><strong>loco</strong></span> <span class='ocrx_word' id='word_1_286' title='bbox 1341 3911 1631 3984; x_wconf 82' lang='lat' dir='ltr'><strong>excerpsit</strong></span> 
     </span>
     <span class='ocr_line' id='line_1_42' title="bbox 76 3989 1628 4069; baseline 0.005 -24"><span class='ocrx_word' id='word_1_287' title='bbox 76 4001 121 4044; x_wconf 73' lang='lat' dir='ltr'><strong>rt</strong></span> <span class='ocrx_word' id='word_1_288' title='bbox 147 3989 517 4069; x_wconf 87' lang='lat' dir='ltr'><strong>simplicibus</strong></span> <span class='ocrx_word' id='word_1_289' title='bbox 562 3991 684 4049; x_wconf 88' lang='lat' dir='ltr'><strong>suis</strong></span> <span class='ocrx_word' id='word_1_290' title='bbox 724 3992 951 4069; x_wconf 88' lang='lat' dir='ltr'><strong>parium</strong></span> <span class='ocrx_word' id='word_1_291' title='bbox 995 3992 1403 4067; x_wconf 84' lang='lat' dir='ltr'><strong>congressibus</strong></span> <span class='ocrx_word' id='word_1_292' title='bbox 1444 3995 1628 4054; x_wconf 90' lang='lat' dir='ltr'><strong>inter-</strong></span> 
     </span>
     <span class='ocr_line' id='line_1_43' title="bbox 76 4077 1625 4155; baseline 0.006 -23"><span class='ocrx_word' id='word_1_293' title='bbox 76 4080 273 4146; x_wconf 83' lang='lat' dir='ltr'><strong>posuit.</strong></span> <span class='ocrx_word' id='word_1_294' title='bbox 301 4077 413 4144; x_wconf 87' lang='lat' dir='ltr'><strong>lta,</strong></span> <span class='ocrx_word' id='word_1_295' title='bbox 448 4078 553 4136; x_wconf 88' lang='lat' dir='ltr'><strong>ubi</strong></span> <span class='ocrx_word' id='word_1_296' title='bbox 579 4097 771 4136; x_wconf 87' lang='lat' dir='ltr'><strong>sermo</strong></span> <span class='ocrx_word' id='word_1_297' title='bbox 796 4092 878 4136; x_wconf 89' lang='lat' dir='ltr'><strong>est</strong></span> <span class='ocrx_word' id='word_1_298' title='bbox 917 4080 989 4138; x_wconf 89' lang='lat' dir='ltr'><strong>de</strong></span> <span class='ocrx_word' id='word_1_299' title='bbox 1016 4081 1325 4139; x_wconf 89' lang='lat' dir='ltr'><strong>noxiorum</strong></span> <span class='ocrx_word' id='word_1_300' title='bbox 1360 4083 1625 4155; x_wconf 89' lang='lat' dir='ltr'><strong>illorum,</strong></span> 
     </span>
     <span class='ocr_line' id='line_1_44' title="bbox 75 4163 1624 4245; baseline 0.008 -29"><span class='ocrx_word' id='word_1_301' title='bbox 75 4163 295 4223; x_wconf 67' lang='lat' dir='ltr'><strong>Saturni</strong></span> <span class='ocrx_word' id='word_1_302' title='bbox 326 4179 382 4222; x_wconf 91' lang='lat' dir='ltr'><strong>et</strong></span> <span class='ocrx_word' id='word_1_303' title='bbox 410 4166 641 4236; x_wconf 78' lang='lat' dir='ltr'><strong>MartiS,</strong></span> <span class='ocrx_word' id='word_1_304' title='bbox 676 4166 924 4238; x_wconf 80' lang='lat' dir='ltr'><strong>foedere,</strong></span> <span class='ocrx_word' id='word_1_305' title='bbox 952 4181 1009 4225; x_wconf 91' lang='lat' dir='ltr'><strong>et</strong></span> <span class='ocrx_word' id='word_1_306' title='bbox 1031 4171 1181 4226; x_wconf 75' lang='lat' dir='ltr'><strong>Solis</strong></span> <span class='ocrx_word' id='word_1_307' title='bbox 1208 4170 1589 4229; x_wconf 88' lang='lat' dir='ltr'><strong>accessionem</strong></span> <span class='ocrx_word' id='word_1_308' title='bbox 1610 4219 1624 4245; x_wconf 93' lang='lat'><strong>,</strong></span> 
     </span>
     <span class='ocr_line' id='line_1_45' title="bbox 76 4251 1628 4333; baseline 0.006 -25"><span class='ocrx_word' id='word_1_309' title='bbox 76 4251 115 4305; x_wconf 76' lang='lat' dir='ltr'><strong>si</strong></span> <span class='ocrx_word' id='word_1_310' title='bbox 156 4252 390 4328; x_wconf 87' lang='lat' dir='ltr'><strong>quidem</strong></span> <span class='ocrx_word' id='word_1_311' title='bbox 422 4267 575 4310; x_wconf 87' lang='lat' dir='ltr'><strong>recte</strong></span> <span class='ocrx_word' id='word_1_312' title='bbox 598 4273 654 4311; x_wconf 84' lang='lat' dir='ltr'><strong>v.</strong></span> <span class='ocrx_word' id='word_1_313' title='bbox 690 4256 803 4320; x_wconf 73' lang='lat'><strong>248</strong></span> <span class='ocrx_word' id='word_1_314' title='bbox 830 4257 1267 4333; x_wconf 78' lang='lat' dir='ltr'><strong>constituimuS‚</strong></span> <span class='ocrx_word' id='word_1_315' title='bbox 1292 4270 1356 4315; x_wconf 90' lang='lat' dir='ltr'><strong>ut</strong></span> <span class='ocrx_word' id='word_1_316' title='bbox 1379 4261 1628 4319; x_wconf 86' lang='lat' dir='ltr'><strong>maxime</strong></span> 
     </span>
     <span class='ocr_line' id='line_1_46' title="bbox 80 4339 1623 4420; baseline 0.008 -28"><span class='ocrx_word' id='word_1_317' title='bbox 80 4339 291 4398; x_wconf 81' lang='lat' dir='ltr'><strong>fatalem</strong></span> <span class='ocrx_word' id='word_1_318' title='bbox 322 4355 769 4413; x_wconf 87' lang='lat' dir='ltr'><strong>commemorat,</strong></span> <span class='ocrx_word' id='word_1_319' title='bbox 814 4363 943 4420; x_wconf 84' lang='lat' dir='ltr'><strong>quae</strong></span> <span class='ocrx_word' id='word_1_320' title='bbox 970 4345 1058 4400; x_wconf 81' lang='lat' dir='ltr'><strong>vel</strong></span> <span class='ocrx_word' id='word_1_321' title='bbox 1092 4348 1357 4403; x_wconf 84' lang='lat' dir='ltr'><strong>miseram</strong></span> <span class='ocrx_word' id='word_1_322' title='bbox 1384 4361 1623 4406; x_wconf 85' lang='lat' dir='ltr'><strong>mortem</strong></span> 
     </span>
     <span class='ocr_line' id='line_1_47' title="bbox 78 4428 1624 4508; baseline 0.008 -28"><span class='ocrx_word' id='word_1_323' title='bbox 78 4428 376 4487; x_wconf 83' lang='lat' dir='ltr'><strong>immittere</strong></span> <span class='ocrx_word' id='word_1_324' title='bbox 411 4430 627 4505; x_wconf 87' lang='lat' dir='ltr'><strong>soleat,</strong></span> <span class='ocrx_word' id='word_1_325' title='bbox 674 4431 787 4487; x_wconf 90' lang='lat' dir='ltr'><strong>nisi</strong></span> <span class='ocrx_word' id='word_1_326' title='bbox 835 4431 923 4506; x_wconf 84' lang='lat' dir='ltr'><strong>(v.</strong></span> <span class='ocrx_word' id='word_1_327' title='bbox 960 4431 1103 4508; x_wconf 78' lang='lat'><strong>253)</strong></span> <span class='ocrx_word' id='word_1_328' title='bbox 1136 4451 1210 4490; x_wconf 87' lang='lat' dir='ltr'><strong>ex</strong></span> <span class='ocrx_word' id='word_1_329' title='bbox 1236 4435 1493 4508; x_wconf 70' lang='lat' dir='ltr'><strong>beneficis</strong></span> <span class='ocrx_word' id='word_1_330' title='bbox 1522 4437 1624 4493; x_wconf 88' lang='lat' dir='ltr'><strong>ali·</strong></span> 
     </span>
     <span class='ocr_line' id='line_1_48' title="bbox 75 4517 1623 4594; baseline 0.008 -26"><span class='ocrx_word' id='word_1_331' title='bbox 75 4534 179 4588; x_wconf 84' lang='lat' dir='ltr'><strong>qua</strong></span> <span class='ocrx_word' id='word_1_332' title='bbox 204 4517 371 4574; x_wconf 88' lang='lat' dir='ltr'><strong>stella</strong></span> <span class='ocrx_word' id='word_1_333' title='bbox 403 4518 705 4594; x_wconf 88' lang='lat' dir='ltr'><strong>inspiciat;</strong></span> <span class='ocrx_word' id='word_1_334' title='bbox 746 4531 801 4576; x_wconf 92' lang='lat' dir='ltr'><strong>et</strong></span> <span class='ocrx_word' id='word_1_335' title='bbox 830 4523 1005 4576; x_wconf 75' lang='lat' dir='ltr'><strong>Lunoe</strong></span> <span class='ocrx_word' id='word_1_336' title='bbox 1042 4520 1153 4578; x_wconf 92' lang='lat' dir='ltr'><strong>sub</strong></span> <span class='ocrx_word' id='word_1_337' title='bbox 1178 4519 1354 4579; x_wconf 87' lang='lat' dir='ltr'><strong>radiis</strong></span> <span class='ocrx_word' id='word_1_338' title='bbox 1396 4521 1623 4581; x_wconf 86' lang='lat' dir='ltr'><strong>easdem</strong></span> 
     </span>
     <span class='ocr_line' id='line_1_49' title="bbox 76 4603 1623 4684; baseline 0.01 -30"><span class='ocrx_word' id='word_1_339' title='bbox 76 4603 415 4662; x_wconf 66' lang='lat' dir='ltr'><strong>calamitates</strong></span> <span class='ocrx_word' id='word_1_340' title='bbox 440 4607 783 4679; x_wconf 89' lang='lat' dir='ltr'><strong>imminere,</strong></span> <span class='ocrx_word' id='word_1_341' title='bbox 816 4627 947 4684; x_wconf 85' lang='lat' dir='ltr'><strong>quae</strong></span> <span class='ocrx_word' id='word_1_342' title='bbox 990 4608 1124 4666; x_wconf 91' lang='lat' dir='ltr'><strong>aliis</strong></span> <span class='ocrx_word' id='word_1_343' title='bbox 1166 4611 1319 4666; x_wconf 71' lang='lat' dir='ltr'><strong>bonis</strong></span> <span class='ocrx_word' id='word_1_344' title='bbox 1354 4609 1536 4668; x_wconf 89' lang='lat' dir='ltr'><strong>stellis</strong></span> <span class='ocrx_word' id='word_1_345' title='bbox 1563 4611 1623 4669; x_wconf 87' lang='lat' dir='ltr'><strong>in</strong></span> 
     </span>
     <span class='ocr_line' id='line_1_50' title="bbox 78 4687 1623 4775; baseline 0.007 -32"><span class='ocrx_word' id='word_1_346' title='bbox 78 4687 193 4748; x_wconf 89' lang='lat' dir='ltr'><strong>&#39;ites</strong></span> <span class='ocrx_word' id='word_1_347' title='bbox 224 4698 564 4752; x_wconf 87' lang='lat' dir='ltr'><strong>commutari</strong></span> <span class='ocrx_word' id='word_1_348' title='bbox 594 4709 807 4772; x_wconf 87' lang='lat' dir='ltr'><strong>queant</strong></span> <span class='ocrx_word' id='word_1_349' title='bbox 837 4699 913 4772; x_wconf 85' lang='lat' dir='ltr'><strong>(v.</strong></span> <span class='ocrx_word' id='word_1_350' title='bbox 944 4698 1114 4768; x_wconf 80' lang='lat'><strong>266··;</strong></span> <span class='ocrx_word' id='word_1_351' title='bbox 1146 4712 1203 4755; x_wconf 92' lang='lat' dir='ltr'><strong>et</strong></span> <span class='ocrx_word' id='word_1_352' title='bbox 1238 4711 1537 4775; x_wconf 88' lang='lat' dir='ltr'><strong>postquam</strong></span> <span class='ocrx_word' id='word_1_353' title='bbox 1569 4721 1623 4755; x_wconf 82' lang='lat' dir='ltr'><strong>v.</strong></span> 
     </span>
     <span class='ocr_line' id='line_1_51' title="bbox 80 4783 1625 4865; baseline 0.006 -29"><span class='ocrx_word' id='word_1_354' title='bbox 80 4797 181 4847; x_wconf 71' lang='lat'><strong>270</strong></span> <span class='ocrx_word' id='word_1_355' title='bbox 206 4783 503 4840; x_wconf 88' lang='lat' dir='ltr'><strong>meliorem</strong></span> <span class='ocrx_word' id='word_1_356' title='bbox 544 4791 881 4858; x_wconf 76' lang='lat' dir='ltr'><strong>trigonorum</strong></span> <span class='ocrx_word' id='word_1_357' title='bbox 908 4800 1200 4865; x_wconf 90' lang='lat' dir='ltr'><strong>aspectum</strong></span> <span class='ocrx_word' id='word_1_358' title='bbox 1227 4787 1507 4860; x_wconf 84' lang='lat' dir='ltr'><strong>laudavit,</strong></span> <span class='ocrx_word' id='word_1_359' title='bbox 1528 4786 1625 4846; x_wconf 85' lang='lat' dir='ltr'><strong>hic</strong></span> 
     </span>
     <span class='ocr_line' id='line_1_52' title="bbox 78 4869 1621 4950; baseline 0.01 -30"><span class='ocrx_word' id='word_1_360' title='bbox 78 4885 298 4945; x_wconf 87' lang='lat' dir='ltr'><strong>quoque</strong></span> <span class='ocrx_word' id='word_1_361' title='bbox 320 4869 604 4928; x_wconf 82' lang='lat' dir='ltr'><strong>bonarum</strong></span> <span class='ocrx_word' id='word_1_362' title='bbox 620 4873 1015 4950; x_wconf 88' lang='lat' dir='ltr'><strong>malarumque</strong></span> <span class='ocrx_word' id='word_1_363' title='bbox 1034 4874 1519 4947; x_wconf 86' lang='lat' dir='ltr'><strong>stellarum,Solis</strong></span> <span class='ocrx_word' id='word_1_364' title='bbox 1542 4891 1621 4934; x_wconf 90' lang='lat' dir='ltr'><strong>at-</strong></span> 
     </span>
     <span class='ocr_line' id='line_1_53' title="bbox 81 4958 1621 5027; baseline 0.012 -21"><span class='ocrx_word' id='word_1_365' title='bbox 81 4973 181 5027; x_wconf 76' lang='lat' dir='ltr'><strong>quc</strong></span> <span class='ocrx_word' id='word_1_366' title='bbox 206 4958 381 5016; x_wconf 77' lang='lat' dir='ltr'><strong>Lunae</strong></span> <span class='ocrx_word' id='word_1_367' title='bbox 408 4961 721 5018; x_wconf 75' lang='lat' dir='ltr'><strong>efficaciam</strong></span> <span class='ocrx_word' id='word_1_368' title='bbox 752 4962 1209 5020; x_wconf 86' lang='lat' dir='ltr'><strong>animadvertere</strong></span> <span class='ocrx_word' id='word_1_369' title='bbox 1226 4964 1379 5020; x_wconf 85' lang='lat' dir='ltr'><strong>baud</strong></span> <span class='ocrx_word' id='word_1_370' title='bbox 1408 4963 1621 5024; x_wconf 84' lang='lat' dir='ltr'><strong>oblivi-</strong></span> 
     </span>
     <span class='ocr_line' id='line_1_54' title="bbox 82 5042 1626 5131; baseline 0.008 -33"><span class='ocrx_word' id='word_1_371' title='bbox 82 5042 265 5104; x_wconf 66' lang='lat' dir='ltr'><strong>scitur.</strong></span> <span class='ocrx_word' id='word_1_372' title='bbox 300 5046 409 5122; x_wconf 83' lang='lat' dir='ltr'><strong>lta,</strong></span> <span class='ocrx_word' id='word_1_373' title='bbox 438 5046 537 5104; x_wconf 88' lang='lat' dir='ltr'><strong>ubi</strong></span> <span class='ocrx_word' id='word_1_374' title='bbox 569 5049 687 5122; x_wconf 85' lang='lat' dir='ltr'><strong>agit</strong></span> <span class='ocrx_word' id='word_1_375' title='bbox 710 5049 781 5105; x_wconf 91' lang='lat' dir='ltr'><strong>de</strong></span> <span class='ocrx_word' id='word_1_376' title='bbox 809 5053 1056 5108; x_wconf 87' lang='lat' dir='ltr'><strong>Saturno</strong></span> <span class='ocrx_word' id='word_1_377' title='bbox 1078 5050 1285 5107; x_wconf 79' lang='lat' dir='ltr'><strong>Veneri</strong></span> <span class='ocrx_word' id='word_1_378' title='bbox 1313 5054 1626 5131; x_wconf 88' lang='lat' dir='ltr'><strong>appropin-</strong></span> 
     </span>
     <span class='ocr_line' id='line_1_55' title="bbox 85 5134 1626 5215; baseline 0.009 -30"><span class='ocrx_word' id='word_1_379' title='bbox 85 5145 308 5206; x_wconf 82' lang='lat' dir='ltr'><strong>quante,</strong></span> <span class='ocrx_word' id='word_1_380' title='bbox 335 5134 631 5193; x_wconf 88' lang='lat' dir='ltr'><strong>eunuchos</strong></span> <span class='ocrx_word' id='word_1_381' title='bbox 678 5139 973 5215; x_wconf 85' lang='lat' dir='ltr'><strong>procreari</strong></span> <span class='ocrx_word' id='word_1_382' title='bbox 998 5137 1199 5197; x_wconf 86' lang='lat' dir='ltr'><strong>Martis</strong></span> <span class='ocrx_word' id='word_1_383' title='bbox 1245 5138 1494 5198; x_wconf 83' lang='lat' dir='ltr'><strong>Lunaeve</strong></span> <span class='ocrx_word' id='word_1_384' title='bbox 1543 5142 1626 5199; x_wconf 91' lang='lat' dir='ltr'><strong>in-</strong></span> 
     </span>
    </p>
   </div>
   <div class='ocr_carea' id='block_1_4' title="bbox 3252 362 3322 406">
    <p class='ocr_par' dir='ltr' id='par_1_5' title="bbox 3252 362 3322 406">
     <span class='ocr_line' id='line_1_56' title="bbox 3252 362 3322 406; baseline 0.014 -1"><span class='ocrx_word' id='word_1_385' title='bbox 3252 362 3322 406; x_wconf 80' lang='lat'><strong>11</strong></span> 
     </span>
    </p>
   </div>
   <div class='ocr_carea' id='block_1_5' title="bbox 1713 457 3317 5224">
    <p class='ocr_par' dir='ltr' id='par_1_6' title="bbox 1752 457 3315 719">
     <span class='ocr_line' id='line_1_57' title="bbox 1754 457 3315 545; baseline 0.009 -30"><span class='ocrx_word' id='word_1_386' title='bbox 1754 469 2023 516; x_wconf 81' lang='lat' dir='ltr'><strong>terventu</strong></span> <span class='ocrx_word' id='word_1_387' title='bbox 2048 457 2262 518; x_wconf 85' lang='lat' dir='ltr'><strong>addere</strong></span> <span class='ocrx_word' id='word_1_388' title='bbox 2283 477 2478 539; x_wconf 71' lang='lat' dir='ltr'><strong>opero</strong></span> <span class='ocrx_word' id='word_1_389' title='bbox 2502 462 2756 540; x_wconf 85' lang='lat' dir='ltr'><strong>pretium</strong></span> <span class='ocrx_word' id='word_1_390' title='bbox 2786 462 2958 523; x_wconf 88' lang='lat' dir='ltr'><strong>duxit</strong></span> <span class='ocrx_word' id='word_1_391' title='bbox 2993 484 3050 523; x_wconf 79' lang='lat' dir='ltr'><strong>v.</strong></span> <span class='ocrx_word' id='word_1_392' title='bbox 3085 466 3198 523; x_wconf 76' lang='lat'><strong>285</strong></span> <span class='ocrx_word' id='word_1_393' title='bbox 3223 486 3315 545; x_wconf 89' lang='lat' dir='ltr'><strong>sq.</strong></span> 
     </span>
     <span class='ocr_line' id='line_1_58' title="bbox 1754 546 3314 633; baseline 0.009 -30"><span class='ocrx_word' id='word_1_394' title='bbox 1754 546 1825 603; x_wconf 86' lang='lat' dir='ltr'><strong>Et</strong></span> <span class='ocrx_word' id='word_1_395' title='bbox 1868 547 2086 606; x_wconf 83' lang='lat' dir='ltr'><strong>similia</strong></span> <span class='ocrx_word' id='word_1_396' title='bbox 2127 548 2397 627; x_wconf 86' lang='lat' dir='ltr'><strong>exempla</strong></span> <span class='ocrx_word' id='word_1_397' title='bbox 2437 569 2499 610; x_wconf 80' lang='lat' dir='ltr'><strong>v.</strong></span> <span class='ocrx_word' id='word_1_398' title='bbox 2565 551 2678 608; x_wconf 90' lang='grc'><strong>300</strong></span> <span class='ocrx_word' id='word_1_399' title='bbox 2726 569 2816 628; x_wconf 85' lang='lat' dir='ltr'><strong>sq.</strong></span> <span class='ocrx_word' id='word_1_400' title='bbox 2840 595 2856 622; x_wconf 93' lang='lat'>‚</span> <span class='ocrx_word' id='word_1_401' title='bbox 2897 572 2959 609; x_wconf 83' lang='lat' dir='ltr'><strong>v.</strong></span> <span class='ocrx_word' id='word_1_402' title='bbox 3018 554 3131 627; x_wconf 78' lang='lat'><strong>327</strong></span> <span class='ocrx_word' id='word_1_403' title='bbox 3183 576 3272 633; x_wconf 88' lang='lat' dir='ltr'><strong>sq.</strong></span> <span class='ocrx_word' id='word_1_404' title='bbox 3297 602 3314 629; x_wconf 94' lang='lat'><strong>,</strong></span> 
     </span>
     <span class='ocr_line' id='line_1_59' title="bbox 1752 636 3312 719; baseline 0.008 -28"><span class='ocrx_word' id='word_1_405' title='bbox 1752 655 1809 695; x_wconf 82' lang='lat' dir='ltr'><strong>v.</strong></span> <span class='ocrx_word' id='word_1_406' title='bbox 1840 636 1953 692; x_wconf 89' lang='grc'><strong>335</strong></span> <span class='ocrx_word' id='word_1_407' title='bbox 1984 657 2142 715; x_wconf 65' lang='lat' dir='ltr'><strong>sqq„</strong></span> <span class='ocrx_word' id='word_1_408' title='bbox 2172 656 2232 693; x_wconf 81' lang='lat' dir='ltr'><strong>v.</strong></span> <span class='ocrx_word' id='word_1_409' title='bbox 2265 636 2377 694; x_wconf 88' lang='grc'><strong>353</strong></span> <span class='ocrx_word' id='word_1_410' title='bbox 2403 656 2555 715; x_wconf 67' lang='lat' dir='ltr'><strong>sqq„</strong></span> <span class='ocrx_word' id='word_1_411' title='bbox 2587 636 2701 695; x_wconf 88' lang='grc'><strong>355</strong></span> <span class='ocrx_word' id='word_1_412' title='bbox 2726 657 2858 716; x_wconf 89' lang='lat' dir='ltr'><strong>sqq.</strong></span> <span class='ocrx_word' id='word_1_413' title='bbox 2889 639 3312 719; x_wconf 82' lang='lat' dir='ltr'><strong>deprehendas.</strong></span> 
     </span>
    </p>

    <p class='ocr_par' dir='ltr' id='par_1_7' title="bbox 1726 723 3317 2463">
     <span class='ocr_line' id='line_1_60' title="bbox 1828 723 3316 810; baseline 0.007 -28"><span class='ocrx_word' id='word_1_414' title='bbox 1828 723 1865 782; x_wconf 86' lang='lat' dir='ltr'>J</span> <span class='ocrx_word' id='word_1_415' title='bbox 1870 739 1962 782; x_wconf 77' lang='lat' dir='ltr'><strong>a&#39;m</strong></span> <span class='ocrx_word' id='word_1_416' title='bbox 1989 744 2064 783; x_wconf 84' lang='lat' dir='ltr'><strong>ex</strong></span> <span class='ocrx_word' id='word_1_417' title='bbox 2081 744 2244 783; x_wconf 88' lang='lat' dir='ltr'><strong>more</strong></span> <span class='ocrx_word' id='word_1_418' title='bbox 2267 726 2604 803; x_wconf 85' lang='lat' dir='ltr'><strong>singulatim</strong></span> <span class='ocrx_word' id='word_1_419' title='bbox 2627 739 2684 783; x_wconf 91' lang='lat' dir='ltr'><strong>et</strong></span> <span class='ocrx_word' id='word_1_420' title='bbox 2700 741 2998 805; x_wconf 88' lang='lat' dir='ltr'><strong>postremo</strong></span> <span class='ocrx_word' id='word_1_421' title='bbox 3018 750 3316 810; x_wconf 89' lang='lat' dir='ltr'><strong>exponens</strong></span> 
     </span>
     <span class='ocr_line' id='line_1_61' title="bbox 1749 810 3317 899; baseline 0.009 -31"><span class='ocrx_word' id='word_1_422' title='bbox 1749 810 1821 868; x_wconf 90' lang='lat' dir='ltr'><strong>de</strong></span> <span class='ocrx_word' id='word_1_423' title='bbox 1832 814 1964 869; x_wconf 87' lang='lat' dir='ltr'><strong>Sole</strong></span> <span class='ocrx_word' id='word_1_424' title='bbox 1981 826 2038 871; x_wconf 90' lang='lat' dir='ltr'><strong>et</strong></span> <span class='ocrx_word' id='word_1_425' title='bbox 2054 816 2230 882; x_wconf 84' lang='lat' dir='ltr'><strong>Luna,</strong></span> <span class='ocrx_word' id='word_1_426' title='bbox 2262 812 2400 871; x_wconf 91' lang='lat' dir='ltr'><strong>inde</strong></span> <span class='ocrx_word' id='word_1_427' title='bbox 2414 834 2449 871; x_wconf 90' lang='lat' dir='ltr'><strong>a</strong></span> <span class='ocrx_word' id='word_1_428' title='bbox 2467 834 2528 872; x_wconf 83' lang='lat' dir='ltr'><strong>v.</strong></span> <span class='ocrx_word' id='word_1_429' title='bbox 2550 814 2667 889; x_wconf 89' lang='grc'><strong>359</strong></span> <span class='ocrx_word' id='word_1_430' title='bbox 2687 814 2880 874; x_wconf 86' lang='lat' dir='ltr'><strong>obiter</strong></span> <span class='ocrx_word' id='word_1_431' title='bbox 2900 818 3136 894; x_wconf 91' lang='lat' dir='ltr'><strong>quidem</strong></span> <span class='ocrx_word' id='word_1_432' title='bbox 3159 838 3317 899; x_wconf 86' lang='lat' dir='ltr'><strong>quat-</strong></span> 
     </span>
     <span class='ocr_line' id='line_1_62' title="bbox 1748 894 3311 981; baseline 0.009 -24"><span class='ocrx_word' id='word_1_433' title='bbox 1748 894 1881 957; x_wconf 75' lang='lat' dir='ltr'><strong>tuor</strong></span> <span class='ocrx_word' id='word_1_434' title='bbox 1904 899 2036 959; x_wconf 89' lang='lat' dir='ltr'><strong>illas</strong></span> <span class='ocrx_word' id='word_1_435' title='bbox 2061 900 2298 959; x_wconf 85' lang='lat' dir='ltr'><strong>foederis</strong></span> <span class='ocrx_word' id='word_1_436' title='bbox 2321 902 2536 961; x_wconf 88' lang='lat' dir='ltr'><strong>formas</strong></span> <span class='ocrx_word' id='word_1_437' title='bbox 2555 915 2737 975; x_wconf 87' lang='lat' dir='ltr'><strong>notat,</strong></span> <span class='ocrx_word' id='word_1_438' title='bbox 2769 936 2838 949; x_wconf 91' lang='lat'><strong>—-</strong></span> <span class='ocrx_word' id='word_1_439' title='bbox 2857 925 3104 981; x_wconf 87' lang='lat' dir='ltr'><strong>quarum</strong></span> <span class='ocrx_word' id='word_1_440' title='bbox 3127 922 3311 971; x_wconf 83' lang='lat' dir='ltr'><strong>tamen</strong></span> 
     </span>
     <span class='ocr_line' id='line_1_63' title="bbox 1748 987 3316 1067; baseline 0.01 -24"><span class='ocrx_word' id='word_1_441' title='bbox 1748 987 1924 1047; x_wconf 88' lang='lat' dir='ltr'><strong>unius</strong></span> <span class='ocrx_word' id='word_1_442' title='bbox 1961 1001 2018 1046; x_wconf 91' lang='lat' dir='ltr'><strong>et</strong></span> <span class='ocrx_word' id='word_1_443' title='bbox 2043 989 2281 1065; x_wconf 89' lang='lat' dir='ltr'><strong>quidem</strong></span> <span class='ocrx_word' id='word_1_444' title='bbox 2320 988 2813 1067; x_wconf 66' lang='lat' dir='ltr'><strong>conjunctissimae</strong></span> <span class='ocrx_word' id='word_1_445' title='bbox 2849 995 3200 1056; x_wconf 87' lang='lat' dir='ltr'><strong>mentionem</strong></span> <span class='ocrx_word' id='word_1_446' title='bbox 3232 1001 3316 1059; x_wconf 91' lang='lat' dir='ltr'><strong>la-</strong></span> 
     </span>
     <span class='ocr_line' id='line_1_64' title="bbox 1747 1075 3313 1154; baseline 0.01 -22"><span class='ocrx_word' id='word_1_447' title='bbox 1747 1094 1897 1133; x_wconf 88' lang='lat' dir='ltr'><strong>cuna</strong></span> <span class='ocrx_word' id='word_1_448' title='bbox 1924 1075 2292 1154; x_wconf 83' lang='lat' dir='ltr'><strong>absumptam</strong></span> <span class='ocrx_word' id='word_1_449' title='bbox 2321 1096 2448 1137; x_wconf 87' lang='lat' dir='ltr'><strong>esse</strong></span> <span class='ocrx_word' id='word_1_450' title='bbox 2474 1080 2762 1137; x_wconf 87' lang='lat' dir='ltr'><strong>sententia</strong></span> <span class='ocrx_word' id='word_1_451' title='bbox 2784 1079 2929 1139; x_wconf 86' lang='lat' dir='ltr'><strong>alias</strong></span> <span class='ocrx_word' id='word_1_452' title='bbox 2947 1083 3119 1141; x_wconf 89' lang='lat' dir='ltr'><strong>etiam</strong></span> <span class='ocrx_word' id='word_1_453' title='bbox 3145 1085 3313 1148; x_wconf 88' lang='lat' dir='ltr'><strong>hians</strong></span> 
     </span>
     <span class='ocr_line' id='line_1_65' title="bbox 1746 1164 3315 1246; baseline 0.008 -25"><span class='ocrx_word' id='word_1_454' title='bbox 1746 1164 1984 1238; x_wconf 90' lang='lat' dir='ltr'><strong>clamat,</strong></span> <span class='ocrx_word' id='word_1_455' title='bbox 2006 1198 2086 1209; x_wconf 93' lang='lat'><strong>—-</strong></span> <span class='ocrx_word' id='word_1_456' title='bbox 2106 1168 2432 1225; x_wconf 88' lang='lat' dir='ltr'><strong>accuratius</strong></span> <span class='ocrx_word' id='word_1_457' title='bbox 2452 1166 2644 1225; x_wconf 88' lang='lat' dir='ltr'><strong>locum</strong></span> <span class='ocrx_word' id='word_1_458' title='bbox 2669 1168 3039 1246; x_wconf 87' lang='lat' dir='ltr'><strong>expositurus</strong></span> <span class='ocrx_word' id='word_1_459' title='bbox 3062 1173 3315 1234; x_wconf 89' lang='lat' dir='ltr'><strong>celeber-</strong></span> 
     </span>
     <span class='ocr_line' id='line_1_66' title="bbox 1744 1253 3316 1331; baseline 0.009 -22"><span class='ocrx_word' id='word_1_460' title='bbox 1744 1253 1958 1311; x_wconf 88' lang='lat' dir='ltr'><strong>rimum</strong></span> <span class='ocrx_word' id='word_1_461' title='bbox 1991 1254 2065 1312; x_wconf 85' lang='lat' dir='ltr'><strong>de</strong></span> <span class='ocrx_word' id='word_1_462' title='bbox 2088 1254 2308 1331; x_wconf 84' lang='lat' dir='ltr'><strong>insigni</strong></span> <span class='ocrx_word' id='word_1_463' title='bbox 2335 1262 2622 1331; x_wconf 76' lang='lat' dir='ltr'><strong>signorum</strong></span> <span class='ocrx_word' id='word_1_464' title='bbox 2651 1256 2778 1316; x_wconf 83' lang='lat' dir='ltr'><strong>sive</strong></span> <span class='ocrx_word' id='word_1_465' title='bbox 2801 1262 3165 1319; x_wconf 79' lang='lat' dir='ltr'><strong>masculorum</strong></span> <span class='ocrx_word' id='word_1_466' title='bbox 3185 1262 3316 1323; x_wconf 72' lang='lat' dir='ltr'><strong>sive</strong></span> 
     </span>
     <span class='ocr_line' id='line_1_67' title="bbox 1726 1340 3313 1427; baseline 0.008 -29"><span class='ocrx_word' id='word_1_467' title='bbox 1726 1340 2140 1415; x_wconf 82' lang='lat' dir='ltr'><strong>femineorum,</strong></span> <span class='ocrx_word' id='word_1_468' title='bbox 2178 1345 2242 1402; x_wconf 89' lang='lat' dir='ltr'><strong>in</strong></span> <span class='ocrx_word' id='word_1_469' title='bbox 2277 1342 2496 1420; x_wconf 90' lang='lat' dir='ltr'><strong>quibus</strong></span> <span class='ocrx_word' id='word_1_470' title='bbox 2540 1343 2657 1404; x_wconf 87' lang='lat' dir='ltr'><strong>duo</strong></span> <span class='ocrx_word' id='word_1_471' title='bbox 2698 1345 2923 1404; x_wconf 89' lang='lat' dir='ltr'><strong>lumina</strong></span> <span class='ocrx_word' id='word_1_472' title='bbox 2951 1350 3313 1427; x_wconf 84' lang='lat' dir='ltr'><strong>conspician-</strong></span> 
     </span>
     <span class='ocr_line' id='line_1_68' title="bbox 1743 1432 3316 1509; baseline 0.01 -24"><span class='ocrx_word' id='word_1_473' title='bbox 1743 1442 1859 1503; x_wconf 87' lang='lat' dir='ltr'><strong>tur,</strong></span> <span class='ocrx_word' id='word_1_474' title='bbox 1891 1432 2149 1509; x_wconf 88' lang='lat' dir='ltr'><strong>poteutia</strong></span> <span class='ocrx_word' id='word_1_475' title='bbox 2177 1450 2193 1490; x_wconf 74' lang='grc' dir='ltr'><strong><em>ε</em></strong></span> <span class='ocrx_word' id='word_1_476' title='bbox 2227 1433 2497 1491; x_wconf 87' lang='grc'>365-368</span> <span class='ocrx_word' id='word_1_477' title='bbox 2525 1434 2573 1491; x_wconf 85' lang='lat' dir='ltr'><strong>si</strong></span> <span class='ocrx_word' id='word_1_478' title='bbox 2608 1432 2708 1492; x_wconf 90' lang='lat' dir='ltr'><strong>Sol</strong></span> <span class='ocrx_word' id='word_1_479' title='bbox 2733 1434 2796 1493; x_wconf 91' lang='lat' dir='ltr'><strong>in</strong></span> <span class='ocrx_word' id='word_1_480' title='bbox 2823 1437 3124 1509; x_wconf 88' lang='lat' dir='ltr'><strong>masculis,</strong></span> <span class='ocrx_word' id='word_1_481' title='bbox 3153 1439 3316 1501; x_wconf 88' lang='lat' dir='ltr'><strong>Luna</strong></span> 
     </span>
     <span class='ocr_line' id='line_1_69' title="bbox 1744 1518 3312 1608; baseline 0.008 -33"><span class='ocrx_word' id='word_1_482' title='bbox 1744 1518 1803 1576; x_wconf 90' lang='lat' dir='ltr'><strong>in</strong></span> <span class='ocrx_word' id='word_1_483' title='bbox 1823 1520 2119 1593; x_wconf 88' lang='lat' dir='ltr'><strong>femineis,</strong></span> <span class='ocrx_word' id='word_1_484' title='bbox 2143 1555 2224 1567; x_wconf 90' lang='lat'><em>-</em></span> <span class='ocrx_word' id='word_1_485' title='bbox 2249 1523 2358 1594; x_wconf 85' lang='lat'><strong>371</strong></span> <span class='ocrx_word' id='word_1_486' title='bbox 2389 1522 2438 1580; x_wconf 90' lang='lat' dir='ltr'><strong>si</strong></span> <span class='ocrx_word' id='word_1_487' title='bbox 2462 1520 2636 1581; x_wconf 90' lang='lat' dir='ltr'><strong>ambo</strong></span> <span class='ocrx_word' id='word_1_488' title='bbox 2657 1523 2720 1581; x_wconf 92' lang='lat' dir='ltr'><strong>in</strong></span> <span class='ocrx_word' id='word_1_489' title='bbox 2746 1523 3046 1597; x_wconf 86' lang='lat' dir='ltr'><strong>masculis;</strong></span> <span class='ocrx_word' id='word_1_490' title='bbox 3069 1560 3151 1572; x_wconf 91' lang='lat'><strong>—-</strong></span> <span class='ocrx_word' id='word_1_491' title='bbox 3172 1530 3312 1608; x_wconf 84' lang='lat'><strong>375,</strong></span> 
     </span>
     <span class='ocr_line' id='line_1_70' title="bbox 1742 1606 3312 1691; baseline 0.008 -28"><span class='ocrx_word' id='word_1_492' title='bbox 1742 1606 1789 1664; x_wconf 89' lang='lat' dir='ltr'><strong>si</strong></span> <span class='ocrx_word' id='word_1_493' title='bbox 1821 1609 1984 1667; x_wconf 88' lang='lat' dir='ltr'><strong>Luna</strong></span> <span class='ocrx_word' id='word_1_494' title='bbox 2011 1609 2074 1667; x_wconf 92' lang='lat' dir='ltr'><strong>in</strong></span> <span class='ocrx_word' id='word_1_495' title='bbox 2099 1610 2374 1668; x_wconf 88' lang='lat' dir='ltr'><strong>masculis</strong></span> <span class='ocrx_word' id='word_1_496' title='bbox 2394 1652 2411 1681; x_wconf 93' lang='lat'><strong>,</strong></span> <span class='ocrx_word' id='word_1_497' title='bbox 2436 1608 2536 1667; x_wconf 92' lang='lat' dir='ltr'><strong>Sol</strong></span> <span class='ocrx_word' id='word_1_498' title='bbox 2562 1610 2624 1667; x_wconf 92' lang='lat' dir='ltr'><strong>in</strong></span> <span class='ocrx_word' id='word_1_499' title='bbox 2644 1610 2944 1683; x_wconf 83' lang='lat' dir='ltr'><strong>femineis3</strong></span> <span class='ocrx_word' id='word_1_500' title='bbox 2973 1646 3052 1657; x_wconf 93' lang='lat'><strong>--</strong></span> <span class='ocrx_word' id='word_1_501' title='bbox 3085 1615 3199 1691; x_wconf 86' lang='lat'><strong>379</strong></span> <span class='ocrx_word' id='word_1_502' title='bbox 3220 1661 3235 1687; x_wconf 94' lang='lat'><strong>,</strong></span> <span class='ocrx_word' id='word_1_503' title='bbox 3261 1620 3312 1677; x_wconf 88' lang='lat' dir='ltr'><strong>si</strong></span> 
     </span>
     <span class='ocr_line' id='line_1_71' title="bbox 1741 1692 3314 1769; baseline 0.008 -18"><span class='ocrx_word' id='word_1_504' title='bbox 1741 1692 1915 1752; x_wconf 88' lang='lat' dir='ltr'><strong>ambo</strong></span> <span class='ocrx_word' id='word_1_505' title='bbox 1941 1695 2074 1753; x_wconf 79' lang='lat' dir='ltr'><strong>viro</strong></span> <span class='ocrx_word' id='word_1_506' title='bbox 2104 1709 2405 1769; x_wconf 86' lang='lat' dir='ltr'><strong>nascente,</strong></span> <span class='ocrx_word' id='word_1_507' title='bbox 2435 1709 2494 1755; x_wconf 91' lang='lat' dir='ltr'><strong>et</strong></span> <span class='ocrx_word' id='word_1_508' title='bbox 2523 1730 2604 1742; x_wconf 92' lang='lat'>—</span> <span class='ocrx_word' id='word_1_509' title='bbox 2645 1698 2758 1755; x_wconf 76' lang='lat'><strong>382</strong></span> <span class='ocrx_word' id='word_1_510' title='bbox 2805 1698 3020 1757; x_wconf 87' lang='lat' dir='ltr'><strong>femina</strong></span> <span class='ocrx_word' id='word_1_511' title='bbox 3047 1718 3314 1763; x_wconf 86' lang='lat' dir='ltr'><strong>nascente</strong></span> 
     </span>
     <span class='ocr_line' id='line_1_72' title="bbox 1737 1782 3310 1858; baseline 0.009 -21"><span class='ocrx_word' id='word_1_512' title='bbox 1737 1784 1799 1839; x_wconf 89' lang='lat' dir='ltr'><strong>in</strong></span> <span class='ocrx_word' id='word_1_513' title='bbox 1834 1782 2096 1842; x_wconf 86' lang='lat' dir='ltr'><strong>femineis</strong></span> <span class='ocrx_word' id='word_1_514' title='bbox 2113 1806 2131 1858; x_wconf 89' lang='lat'>;</span> <span class='ocrx_word' id='word_1_515' title='bbox 2161 1818 2244 1829; x_wconf 88' lang='lat'><strong>--</strong></span> <span class='ocrx_word' id='word_1_516' title='bbox 2274 1785 2412 1855; x_wconf 88' lang='grc'>385,</span> <span class='ocrx_word' id='word_1_517' title='bbox 2431 1786 2482 1844; x_wconf 92' lang='lat' dir='ltr'><strong>si</strong></span> <span class='ocrx_word' id='word_1_518' title='bbox 2510 1784 2684 1844; x_wconf 87' lang='lat' dir='ltr'><strong>ambo</strong></span> <span class='ocrx_word' id='word_1_519' title='bbox 2713 1785 2928 1843; x_wconf 89' lang='lat' dir='ltr'><strong>femina</strong></span> <span class='ocrx_word' id='word_1_520' title='bbox 2955 1804 3223 1850; x_wconf 87' lang='lat' dir='ltr'><strong>nascente</strong></span> <span class='ocrx_word' id='word_1_521' title='bbox 3251 1793 3310 1851; x_wconf 90' lang='lat' dir='ltr'><strong>in</strong></span> 
     </span>
     <span class='ocr_line' id='line_1_73' title="bbox 1741 1868 3310 1950; baseline 0.01 -24"><span class='ocrx_word' id='word_1_522' title='bbox 1741 1868 2039 1945; x_wconf 89' lang='lat' dir='ltr'><strong>femineis,</strong></span> <span class='ocrx_word' id='word_1_523' title='bbox 2073 1885 2130 1931; x_wconf 90' lang='lat' dir='ltr'><strong>et</strong></span> <span class='ocrx_word' id='word_1_524' title='bbox 2168 1871 2405 1950; x_wconf 88' lang='lat' dir='ltr'><strong>quidem</strong></span> <span class='ocrx_word' id='word_1_525' title='bbox 2445 1906 2519 1917; x_wconf 90' lang='lat'><strong>——</strong></span> <span class='ocrx_word' id='word_1_526' title='bbox 2556 1875 2665 1949; x_wconf 83' lang='lat'><strong>391</strong></span> <span class='ocrx_word' id='word_1_527' title='bbox 2713 1873 2897 1933; x_wconf 83' lang='lat' dir='ltr'><strong>Marte</strong></span> <span class='ocrx_word' id='word_1_528' title='bbox 2925 1886 2985 1936; x_wconf 82' lang='lat' dir='ltr'><strong>et</strong></span> <span class='ocrx_word' id='word_1_529' title='bbox 3006 1876 3229 1939; x_wconf 86' lang='lat' dir='ltr'><strong>Venere</strong></span> <span class='ocrx_word' id='word_1_530' title='bbox 3255 1896 3310 1941; x_wconf 90' lang='lat' dir='ltr'><strong>et</strong></span> 
     </span>
     <span class='ocr_line' id='line_1_74' title="bbox 1737 1959 3312 2039; baseline 0.007 -23"><span class='ocrx_word' id='word_1_531' title='bbox 1737 1959 1907 2033; x_wconf 86' lang='lat' dir='ltr'><strong>signo</strong></span> <span class='ocrx_word' id='word_1_532' title='bbox 1933 1961 2188 2019; x_wconf 87' lang='lat' dir='ltr'><strong>masculo</strong></span> <span class='ocrx_word' id='word_1_533' title='bbox 2212 1960 2655 2034; x_wconf 85' lang='lat' dir='ltr'><strong>accedentibus3</strong></span> <span class='ocrx_word' id='word_1_534' title='bbox 2678 1995 2763 2007; x_wconf 91' lang='lat'><strong>—-</strong></span> <span class='ocrx_word' id='word_1_535' title='bbox 2781 1964 2895 2039; x_wconf 85' lang='lat'><strong>396</strong></span> <span class='ocrx_word' id='word_1_536' title='bbox 2920 1966 2971 2024; x_wconf 86' lang='lat' dir='ltr'><strong>si</strong></span> <span class='ocrx_word' id='word_1_537' title='bbox 2991 1966 3165 2025; x_wconf 90' lang='lat' dir='ltr'><strong>ambo</strong></span> <span class='ocrx_word' id='word_1_538' title='bbox 3183 1970 3312 2029; x_wconf 82' lang='lat' dir='ltr'><strong>viro</strong></span> 
     </span>
     <span class='ocr_line' id='line_1_75' title="bbox 1739 2049 3312 2126; baseline 0.008 -23"><span class='ocrx_word' id='word_1_539' title='bbox 1739 2060 2008 2106; x_wconf 86' lang='lat' dir='ltr'><strong>nascente</strong></span> <span class='ocrx_word' id='word_1_540' title='bbox 2035 2049 2099 2108; x_wconf 90' lang='lat' dir='ltr'><strong>in</strong></span> <span class='ocrx_word' id='word_1_541' title='bbox 2125 2050 2398 2107; x_wconf 89' lang='lat' dir='ltr'><strong>masculis</strong></span> <span class='ocrx_word' id='word_1_542' title='bbox 2421 2050 2604 2125; x_wconf 85' lang='lat' dir='ltr'><strong>signis</strong></span> <span class='ocrx_word' id='word_1_543' title='bbox 2620 2094 2638 2126; x_wconf 90' lang='lat'><strong>,</strong></span> <span class='ocrx_word' id='word_1_544' title='bbox 2665 2050 2956 2112; x_wconf 86' lang='lat' dir='ltr'><strong>Mercurio</strong></span> <span class='ocrx_word' id='word_1_545' title='bbox 2979 2067 3038 2111; x_wconf 92' lang='lat' dir='ltr'><strong>et</strong></span> <span class='ocrx_word' id='word_1_546' title='bbox 3065 2056 3312 2116; x_wconf 87' lang='lat' dir='ltr'><strong>femineo</strong></span> 
     </span>
     <span class='ocr_line' id='line_1_76' title="bbox 1736 2136 3310 2213; baseline 0.008 -22"><span class='ocrx_word' id='word_1_547' title='bbox 1736 2138 1903 2209; x_wconf 84' lang='lat' dir='ltr'><strong>signo</strong></span> <span class='ocrx_word' id='word_1_548' title='bbox 1917 2136 2244 2208; x_wconf 86' lang='lat' dir='ltr'><strong>accedente,</strong></span> <span class='ocrx_word' id='word_1_549' title='bbox 2262 2140 2716 2213; x_wconf 83' lang='lat' dir='ltr'><strong>conspiciantur.</strong></span> <span class='ocrx_word' id='word_1_550' title='bbox 2739 2138 3024 2200; x_wconf 82' lang='lat' dir='ltr'><strong>Hiclocus</strong></span> <span class='ocrx_word' id='word_1_551' title='bbox 3043 2143 3115 2200; x_wconf 90' lang='lat' dir='ltr'><strong>de</strong></span> <span class='ocrx_word' id='word_1_552' title='bbox 3135 2148 3310 2205; x_wconf 88' lang='lat' dir='ltr'><strong>noxia</strong></span> 
     </span>
     <span class='ocr_line' id='line_1_77' title="bbox 1735 2223 3309 2301; baseline 0.007 -22"><span class='ocrx_word' id='word_1_553' title='bbox 1735 2223 2040 2298; x_wconf 87' lang='lat' dir='ltr'><strong>signorum</strong></span> <span class='ocrx_word' id='word_1_554' title='bbox 2075 2224 2297 2283; x_wconf 85' lang='lat' dir='ltr'><strong>diversi</strong></span> <span class='ocrx_word' id='word_1_555' title='bbox 2321 2244 2494 2284; x_wconf 82' lang='lat' dir='ltr'><strong>sexus</strong></span> <span class='ocrx_word' id='word_1_556' title='bbox 2515 2224 2718 2283; x_wconf 78' lang='lat' dir='ltr'><strong>vitam</strong></span> <span class='ocrx_word' id='word_1_557' title='bbox 2751 2228 2946 2301; x_wconf 77' lang='lat' dir='ltr'><strong>gravis</strong></span> <span class='ocrx_word' id='word_1_558' title='bbox 2977 2230 3030 2286; x_wconf 90' lang='lat' dir='ltr'><strong>ei</strong></span> <span class='ocrx_word' id='word_1_559' title='bbox 3069 2231 3309 2290; x_wconf 80' lang='lat' dir='ltr'><strong>videba-</strong></span> 
     </span>
     <span class='ocr_line' id='line_1_78' title="bbox 1738 2312 3303 2393; baseline 0.007 -25"><span class='ocrx_word' id='word_1_560' title='bbox 1738 2323 1852 2383; x_wconf 86' lang='lat' dir='ltr'><strong>tur,</strong></span> <span class='ocrx_word' id='word_1_561' title='bbox 1902 2326 1969 2370; x_wconf 92' lang='lat' dir='ltr'><strong>ut</strong></span> <span class='ocrx_word' id='word_1_562' title='bbox 2009 2312 2241 2371; x_wconf 87' lang='lat' dir='ltr'><strong>duobus</strong></span> <span class='ocrx_word' id='word_1_563' title='bbox 2289 2312 2560 2372; x_wconf 76' lang='lat' dir='ltr'><strong>versibus</strong></span> <span class='ocrx_word' id='word_1_564' title='bbox 2579 2356 2597 2387; x_wconf 89' lang='lat'><strong>,</strong></span> <span class='ocrx_word' id='word_1_565' title='bbox 2637 2314 2748 2388; x_wconf 92' lang='grc'>397</span> <span class='ocrx_word' id='word_1_566' title='bbox 2795 2334 2912 2393; x_wconf 88' lang='lat' dir='ltr'><strong>sq.,</strong></span> <span class='ocrx_word' id='word_1_567' title='bbox 2956 2316 3019 2375; x_wconf 90' lang='lat' dir='ltr'><strong>id</strong></span> <span class='ocrx_word' id='word_1_568' title='bbox 3063 2320 3126 2377; x_wconf 90' lang='lat' dir='ltr'><strong>in</strong></span> <span class='ocrx_word' id='word_1_569' title='bbox 3165 2325 3303 2380; x_wconf 91' lang='lat' dir='ltr'><strong>uni·</strong></span> 
     </span>
     <span class='ocr_line' id='line_1_79' title="bbox 1734 2402 2332 2463; baseline 0.005 -8"><span class='ocrx_word' id='word_1_570' title='bbox 1734 2417 1966 2463; x_wconf 79' lang='lat' dir='ltr'><strong>versum</strong></span> <span class='ocrx_word' id='word_1_571' title='bbox 1991 2402 2332 2460; x_wconf 85' lang='lat' dir='ltr'><strong>inculcaret.</strong></span> 
     </span>
    </p>

    <p class='ocr_par' dir='ltr' id='par_1_8' title="bbox 1722 2488 3308 3982">
     <span class='ocr_line' id='line_1_80' title="bbox 1790 2488 3308 2573; baseline 0.008 -28"><span class='ocrx_word' id='word_1_572' title='bbox 1790 2488 1944 2553; x_wconf 68' lang='grc'>,13111</span> <span class='ocrx_word' id='word_1_573' title='bbox 1988 2503 2161 2568; x_wconf 91' lang='lat' dir='ltr'><strong>poeta</strong></span> <span class='ocrx_word' id='word_1_574' title='bbox 2187 2490 2471 2549; x_wconf 87' lang='lat' dir='ltr'><strong>elementa</strong></span> <span class='ocrx_word' id='word_1_575' title='bbox 2510 2488 2641 2569; x_wconf 86' lang='lat' dir='ltr'><strong>ejus</strong></span> <span class='ocrx_word' id='word_1_576' title='bbox 2682 2492 2929 2551; x_wconf 89' lang='lat' dir='ltr'><strong>rationis</strong></span> <span class='ocrx_word' id='word_1_577' title='bbox 2966 2496 3308 2573; x_wconf 85' lang='lat' dir='ltr'><strong>explanasse</strong></span> 
     </span>
     <span class='ocr_line' id='line_1_81' title="bbox 1732 2576 3306 2657; baseline 0.008 -23"><span class='ocrx_word' id='word_1_578' title='bbox 1732 2576 1849 2635; x_wconf 85' lang='lat' dir='ltr'><strong>sibi</strong></span> <span class='ocrx_word' id='word_1_579' title='bbox 1880 2578 2213 2653; x_wconf 74' lang='lat' dir='ltr'><strong>videbatur,</strong></span> <span class='ocrx_word' id='word_1_580' title='bbox 2246 2598 2364 2657; x_wconf 88' lang='lat' dir='ltr'><strong>qua</strong></span> <span class='ocrx_word' id='word_1_581' title='bbox 2391 2598 2466 2638; x_wconf 87' lang='lat' dir='ltr'><strong>ex</strong></span> <span class='ocrx_word' id='word_1_582' title='bbox 2496 2578 2756 2637; x_wconf 88' lang='lat' dir='ltr'><strong>siderum</strong></span> <span class='ocrx_word' id='word_1_583' title='bbox 2778 2582 3219 2649; x_wconf 87' lang='lat' dir='ltr'><strong>constellatione</strong></span> <span class='ocrx_word' id='word_1_584' title='bbox 3245 2588 3306 2646; x_wconf 91' lang='lat' dir='ltr'><strong>in</strong></span> 
     </span>
     <span class='ocr_line' id='line_1_82' title="bbox 1732 2666 3306 2734; baseline 0.008 -12"><span class='ocrx_word' id='word_1_585' title='bbox 1732 2666 2052 2725; x_wconf 83' lang='lat' dir='ltr'><strong>nativitatis</strong></span> <span class='ocrx_word' id='word_1_586' title='bbox 2100 2667 2244 2726; x_wconf 86' lang='lat' dir='ltr'><strong>bora</strong></span> <span class='ocrx_word' id='word_1_587' title='bbox 2297 2667 2586 2726; x_wconf 88' lang='lat' dir='ltr'><strong>nascentis</strong></span> <span class='ocrx_word' id='word_1_588' title='bbox 2633 2686 2761 2726; x_wconf 84' lang='lat' dir='ltr'><strong>sors</strong></span> <span class='ocrx_word' id='word_1_589' title='bbox 2814 2668 3003 2729; x_wconf 88' lang='lat' dir='ltr'><strong>fatalis</strong></span> <span class='ocrx_word' id='word_1_590' title='bbox 3052 2674 3306 2734; x_wconf 83' lang='lat' dir='ltr'><strong>describi</strong></span> 
     </span>
     <span class='ocr_line' id='line_1_83' title="bbox 1731 2754 3306 2843; baseline 0.005 -31"><span class='ocrx_word' id='word_1_591' title='bbox 1731 2760 1920 2831; x_wconf 87' lang='lat' dir='ltr'><strong>possit</strong></span> <span class='ocrx_word' id='word_1_592' title='bbox 1940 2788 2020 2800; x_wconf 92' lang='lat'>—</span> <span class='ocrx_word' id='word_1_593' title='bbox 2048 2755 2206 2831; x_wconf 79' lang='grc' dir='ltr'>Θυμὸς</span> <span class='ocrx_word' id='word_1_594' title='bbox 2239 2755 2314 2814; x_wconf 73' lang='grc' dir='ltr'><strong>ἐνὶ</strong></span> <span class='ocrx_word' id='word_1_595' title='bbox 2336 2754 2663 2835; x_wconf 76' lang='grc' dir='ltr'>προτέροισιν</span> <span class='ocrx_word' id='word_1_596' title='bbox 2688 2758 2864 2815; x_wconf 79' lang='grc' dir='ltr'>ἀεῖσαι</span> <span class='ocrx_word' id='word_1_597' title='bbox 2896 2758 3111 2831; x_wconf 78' lang='grc' dir='ltr'>Μήσατ’</span> <span class='ocrx_word' id='word_1_598' title='bbox 3141 2764 3306 2843; x_wconf 78' lang='grc' dir='ltr'>ἀναγ-</span> 
     </span>
     <span class='ocr_line' id='line_1_84' title="bbox 1730 2844 3304 2929; baseline 0.006 -28"><span class='ocrx_word' id='word_1_599' title='bbox 1730 2851 1876 2901; x_wconf 84' lang='grc' dir='ltr'>καῖον</span> <span class='ocrx_word' id='word_1_600' title='bbox 1910 2850 2082 2924; x_wconf 74' lang='grc' dir='ltr'>χρεῖος</span> <span class='ocrx_word' id='word_1_601' title='bbox 2122 2866 2182 2905; x_wconf 83' lang='lat' dir='ltr'><strong>v.</strong></span> <span class='ocrx_word' id='word_1_602' title='bbox 2224 2855 2339 2915; x_wconf 86' lang='grc'><strong>400</strong></span> <span class='ocrx_word' id='word_1_603' title='bbox 2377 2864 2466 2924; x_wconf 90' lang='lat' dir='ltr'><strong>sq.</strong></span> <span class='ocrx_word' id='word_1_604' title='bbox 2493 2879 2577 2889; x_wconf 93' lang='grc'><strong>--</strong></span> <span class='ocrx_word' id='word_1_605' title='bbox 2599 2844 2794 2903; x_wconf 90' lang='lat' dir='ltr'><strong>Unum</strong></span> <span class='ocrx_word' id='word_1_606' title='bbox 2837 2847 3125 2928; x_wconf 83' lang='lat' dir='ltr'><strong>restabat,</strong></span> <span class='ocrx_word' id='word_1_607' title='bbox 3159 2871 3304 2929; x_wconf 91' lang='lat' dir='ltr'><strong>quo-</strong></span> 
     </span>
     <span class='ocr_line' id='line_1_85' title="bbox 1733 2931 3304 3009; baseline 0.008 -21"><span class='ocrx_word' id='word_1_608' title='bbox 1733 2931 1905 2990; x_wconf 88' lang='lat' dir='ltr'><strong>modo</strong></span> <span class='ocrx_word' id='word_1_609' title='bbox 1927 2945 1984 2990; x_wconf 90' lang='lat' dir='ltr'><strong>et</strong></span> <span class='ocrx_word' id='word_1_610' title='bbox 2007 2934 2146 2991; x_wconf 80' lang='lat' dir='ltr'><strong>vitae</strong></span> <span class='ocrx_word' id='word_1_611' title='bbox 2164 2933 2402 2993; x_wconf 87' lang='lat' dir='ltr'><strong>initium</strong></span> <span class='ocrx_word' id='word_1_612' title='bbox 2426 2932 2848 3009; x_wconf 84' lang='lat' dir='ltr'><strong>definiendum,</strong></span> <span class='ocrx_word' id='word_1_613' title='bbox 2874 2948 2932 2994; x_wconf 90' lang='lat' dir='ltr'><strong>et</strong></span> <span class='ocrx_word' id='word_1_614' title='bbox 2951 2936 3304 3001; x_wconf 88' lang='lat' dir='ltr'><strong>diuturnitas</strong></span> 
     </span>
     <span class='ocr_line' id='line_1_86' title="bbox 1728 3021 3304 3100; baseline 0.008 -23"><span class='ocrx_word' id='word_1_615' title='bbox 1728 3023 1996 3098; x_wconf 88' lang='lat' dir='ltr'><strong>exputari</strong></span> <span class='ocrx_word' id='word_1_616' title='bbox 2024 3035 2241 3099; x_wconf 88' lang='lat' dir='ltr'><strong>posset,</strong></span> <span class='ocrx_word' id='word_1_617' title='bbox 2265 3021 2422 3099; x_wconf 89' lang='lat' dir='ltr'><strong>quod</strong></span> <span class='ocrx_word' id='word_1_618' title='bbox 2448 3021 2601 3100; x_wconf 88' lang='lat' dir='ltr'><strong>apud</strong></span> <span class='ocrx_word' id='word_1_619' title='bbox 2626 3023 2824 3082; x_wconf 85' lang='lat' dir='ltr'><strong>varios</strong></span> <span class='ocrx_word' id='word_1_620' title='bbox 2849 3023 3117 3085; x_wconf 83' lang='lat' dir='ltr'><strong>homines</strong></span> <span class='ocrx_word' id='word_1_621' title='bbox 3140 3032 3304 3090; x_wconf 83' lang='lat' dir='ltr'><strong>varie</strong></span> 
     </span>
     <span class='ocr_line' id='line_1_87' title="bbox 1730 3109 3303 3188; baseline 0.008 -24"><span class='ocrx_word' id='word_1_622' title='bbox 1730 3109 1858 3166; x_wconf 85' lang='lat' dir='ltr'><strong>fieri</strong></span> <span class='ocrx_word' id='word_1_623' title='bbox 1888 3109 2058 3168; x_wconf 83' lang='lat' dir='ltr'><strong>debet</strong></span> <span class='ocrx_word' id='word_1_624' title='bbox 2077 3144 2160 3154; x_wconf 90' lang='lat'><strong>-—</strong></span> <span class='ocrx_word' id='word_1_625' title='bbox 2205 3109 2343 3178; x_wconf 86' lang='grc'>405.</span> <span class='ocrx_word' id='word_1_626' title='bbox 2369 3109 2630 3168; x_wconf 88' lang='lat' dir='ltr'><strong>Priorem</strong></span> <span class='ocrx_word' id='word_1_627' title='bbox 2667 3124 2892 3188; x_wconf 88' lang='lat' dir='ltr'><strong>partem</strong></span> <span class='ocrx_word' id='word_1_628' title='bbox 2918 3116 3180 3184; x_wconf 84' lang='grc'>406-415</span> <span class='ocrx_word' id='word_1_629' title='bbox 3204 3119 3303 3176; x_wconf 90' lang='lat' dir='ltr'><strong>de-</strong></span> 
     </span>
     <span class='ocr_line' id='line_1_88' title="bbox 1729 3196 3298 3277; baseline 0.008 -24"><span class='ocrx_word' id='word_1_630' title='bbox 1729 3196 1998 3268; x_wconf 85' lang='lat' dir='ltr'><strong>lineavit,</strong></span> <span class='ocrx_word' id='word_1_631' title='bbox 2031 3197 2264 3276; x_wconf 89' lang='lat' dir='ltr'><strong>quando</strong></span> <span class='ocrx_word' id='word_1_632' title='bbox 2291 3219 2330 3257; x_wconf 78' lang='lat' dir='ltr'><strong>a</strong></span> <span class='ocrx_word' id='word_1_633' title='bbox 2355 3197 2759 3272; x_wconf 75' lang='lat' dir='ltr'><strong>Solis—408,</strong></span> <span class='ocrx_word' id='word_1_634' title='bbox 2794 3200 3028 3277; x_wconf 89' lang='lat' dir='ltr'><strong>quando</strong></span> <span class='ocrx_word' id='word_1_635' title='bbox 3056 3222 3091 3261; x_wconf 89' lang='lat' dir='ltr'><strong>a</strong></span> <span class='ocrx_word' id='word_1_636' title='bbox 3119 3203 3298 3264; x_wconf 81' lang='lat' dir='ltr'><strong>Lunae</strong></span> 
     </span>
     <span class='ocr_line' id='line_1_89' title="bbox 1727 3285 3301 3363; baseline 0.007 -21"><span class='ocrx_word' id='word_1_637' title='bbox 1727 3299 1893 3362; x_wconf 85' lang='lat' dir='ltr'><strong>parte</strong></span> <span class='ocrx_word' id='word_1_638' title='bbox 1928 3293 2072 3362; x_wconf 85' lang='grc'><strong>409,</strong></span> <span class='ocrx_word' id='word_1_639' title='bbox 2098 3285 2333 3363; x_wconf 89' lang='lat' dir='ltr'><strong>quando</strong></span> <span class='ocrx_word' id='word_1_640' title='bbox 2357 3306 2392 3345; x_wconf 89' lang='lat' dir='ltr'><strong>a</strong></span> <span class='ocrx_word' id='word_1_641' title='bbox 2418 3286 2582 3346; x_wconf 89' lang='lat' dir='ltr'><strong>stella</strong></span> <span class='ocrx_word' id='word_1_642' title='bbox 2611 3288 2929 3348; x_wconf 81' lang='lat' dir='ltr'><strong>nativitatis</strong></span> <span class='ocrx_word' id='word_1_643' title='bbox 2963 3289 3301 3353; x_wconf 89' lang='lat' dir='ltr'><strong>dominante</strong></span> 
     </span>
     <span class='ocr_line' id='line_1_90' title="bbox 1724 3375 3302 3456; baseline 0.008 -26"><span class='ocrx_word' id='word_1_644' title='bbox 1724 3407 1806 3419; x_wconf 88' lang='lat'><strong>—-</strong></span> <span class='ocrx_word' id='word_1_645' title='bbox 1828 3377 1972 3444; x_wconf 85' lang='grc'>413,</span> <span class='ocrx_word' id='word_1_646' title='bbox 2004 3375 2238 3453; x_wconf 88' lang='lat' dir='ltr'><strong>quando</strong></span> <span class='ocrx_word' id='word_1_647' title='bbox 2277 3375 2352 3434; x_wconf 90' lang='lat' dir='ltr'><strong>ab</strong></span> <span class='ocrx_word' id='word_1_648' title='bbox 2388 3376 2533 3434; x_wconf 86' lang='lat' dir='ltr'><strong>hora</strong></span> <span class='ocrx_word' id='word_1_649' title='bbox 2581 3376 2817 3434; x_wconf 90' lang='lat' dir='ltr'><strong>initium</strong></span> <span class='ocrx_word' id='word_1_650' title='bbox 2847 3378 3192 3456; x_wconf 87' lang='lat' dir='ltr'><strong>capiendum</strong></span> <span class='ocrx_word' id='word_1_651' title='bbox 3225 3385 3302 3441; x_wconf 89' lang='lat' dir='ltr'><strong>sit</strong></span> 
     </span>
     <span class='ocr_line' id='line_1_91' title="bbox 1724 3463 3300 3545; baseline 0.007 -26"><span class='ocrx_word' id='word_1_652' title='bbox 1724 3497 1805 3507; x_wconf 93' lang='lat'>—</span> <span class='ocrx_word' id='word_1_653' title='bbox 1848 3463 1984 3531; x_wconf 85' lang='grc'>415.</span> <span class='ocrx_word' id='word_1_654' title='bbox 2025 3463 2155 3524; x_wconf 89' lang='lat' dir='ltr'><strong>Vita</strong></span> <span class='ocrx_word' id='word_1_655' title='bbox 2196 3484 2370 3542; x_wconf 87' lang='lat' dir='ltr'><strong>quam</strong></span> <span class='ocrx_word' id='word_1_656' title='bbox 2413 3464 2515 3525; x_wconf 86' lang='lat' dir='ltr'><strong>diu</strong></span> <span class='ocrx_word' id='word_1_657' title='bbox 2557 3465 2838 3526; x_wconf 88' lang='lat' dir='ltr'><strong>duratura</strong></span> <span class='ocrx_word' id='word_1_658' title='bbox 2879 3467 2956 3525; x_wconf 91' lang='lat' dir='ltr'><strong>sit</strong></span> <span class='ocrx_word' id='word_1_659' title='bbox 3006 3472 3300 3545; x_wconf 86' lang='lat' dir='ltr'><strong>quomodo</strong></span> 
     </span>
     <span class='ocr_line' id='line_1_92' title="bbox 1725 3552 3302 3630; baseline 0.005 -23"><span class='ocrx_word' id='word_1_660' title='bbox 1725 3553 2050 3629; x_wconf 89' lang='lat' dir='ltr'><strong>computari</strong></span> <span class='ocrx_word' id='word_1_661' title='bbox 2077 3554 2261 3630; x_wconf 89' lang='lat' dir='ltr'><strong>possit</strong></span> <span class='ocrx_word' id='word_1_662' title='bbox 2285 3572 2344 3613; x_wconf 78' lang='lat' dir='ltr'><strong>v.</strong></span> <span class='ocrx_word' id='word_1_663' title='bbox 2377 3553 2608 3622; x_wconf 76' lang='lat'>416-20</span> <span class='ocrx_word' id='word_1_664' title='bbox 2623 3552 2850 3626; x_wconf 88' lang='lat' dir='ltr'><strong>docuit,</strong></span> <span class='ocrx_word' id='word_1_665' title='bbox 2874 3553 3132 3630; x_wconf 86' lang='lat' dir='ltr'><strong>Saturni,</strong></span> <span class='ocrx_word' id='word_1_666' title='bbox 3157 3557 3302 3616; x_wconf 86' lang='lat' dir='ltr'><strong>Mar-</strong></span> 
     </span>
     <span class='ocr_line' id='line_1_93' title="bbox 1726 3641 3300 3711; baseline 0.006 -15"><span class='ocrx_word' id='word_1_667' title='bbox 1726 3641 1828 3711; x_wconf 90' lang='lat' dir='ltr'><strong>tis,</strong></span> <span class='ocrx_word' id='word_1_668' title='bbox 1878 3642 2170 3700; x_wconf 88' lang='lat' dir='ltr'><strong>interdum</strong></span> <span class='ocrx_word' id='word_1_669' title='bbox 2232 3641 2386 3700; x_wconf 92' lang='lat' dir='ltr'><strong>Solis</strong></span> <span class='ocrx_word' id='word_1_670' title='bbox 2448 3642 2839 3700; x_wconf 86' lang='lat' dir='ltr'><strong>interventum</strong></span> <span class='ocrx_word' id='word_1_671' title='bbox 2896 3644 3122 3702; x_wconf 90' lang='lat' dir='ltr'><strong>letalem</strong></span> <span class='ocrx_word' id='word_1_672' title='bbox 3176 3665 3300 3706; x_wconf 90' lang='lat' dir='ltr'><strong>esse</strong></span> 
     </span>
     <span class='ocr_line' id='line_1_94' title="bbox 1723 3729 3299 3798; baseline 0.005 -12"><span class='ocrx_word' id='word_1_673' title='bbox 1723 3749 1783 3789; x_wconf 83' lang='lat' dir='ltr'><strong>v.</strong></span> <span class='ocrx_word' id='word_1_674' title='bbox 1830 3732 2092 3798; x_wconf 77' lang='lat'>421-426</span> <span class='ocrx_word' id='word_1_675' title='bbox 2133 3729 2372 3790; x_wconf 88' lang='lat' dir='ltr'><strong>addens.</strong></span> <span class='ocrx_word' id='word_1_676' title='bbox 2406 3729 2727 3788; x_wconf 85' lang='lat' dir='ltr'><strong>Postremis</strong></span> <span class='ocrx_word' id='word_1_677' title='bbox 2762 3729 2992 3789; x_wconf 90' lang='lat' dir='ltr'><strong>duobus</strong></span> <span class='ocrx_word' id='word_1_678' title='bbox 3030 3734 3299 3794; x_wconf 81' lang='lat' dir='ltr'><strong>versibus</strong></span> 
     </span>
     <span class='ocr_line' id='line_1_95' title="bbox 1722 3817 3298 3899; baseline 0.003 -23"><span class='ocrx_word' id='word_1_679' title='bbox 1722 3820 2046 3894; x_wconf 86' lang='lat' dir='ltr'><strong>generalem</strong></span> <span class='ocrx_word' id='word_1_680' title='bbox 2067 3820 2346 3894; x_wconf 88' lang='lat' dir='ltr'><strong>regulam,</strong></span> <span class='ocrx_word' id='word_1_681' title='bbox 2369 3838 2500 3896; x_wconf 85' lang='lat' dir='ltr'><strong>quae</strong></span> <span class='ocrx_word' id='word_1_682' title='bbox 2519 3819 2582 3876; x_wconf 91' lang='lat' dir='ltr'><strong>in</strong></span> <span class='ocrx_word' id='word_1_683' title='bbox 2604 3817 2866 3876; x_wconf 89' lang='lat' dir='ltr'><strong>facienda</strong></span> <span class='ocrx_word' id='word_1_684' title='bbox 2892 3817 3075 3899; x_wconf 76' lang='grc' dir='ltr'>ἀφέσει</span> <span class='ocrx_word' id='word_1_685' title='bbox 3103 3821 3298 3881; x_wconf 89' lang='lat' dir='ltr'><strong>obser·</strong></span> 
     </span>
     <span class='ocr_line' id='line_1_96' title="bbox 1723 3908 3200 3982; baseline -0.001 -17"><span class='ocrx_word' id='word_1_686' title='bbox 1723 3908 1914 3966; x_wconf 82' lang='lat' dir='ltr'><strong>vanda</strong></span> <span class='ocrx_word' id='word_1_687' title='bbox 1941 3911 2048 3982; x_wconf 85' lang='lat' dir='ltr'><strong>sit,</strong></span> <span class='ocrx_word' id='word_1_688' title='bbox 2075 3910 2139 3967; x_wconf 90' lang='lat' dir='ltr'><strong>in</strong></span> <span class='ocrx_word' id='word_1_689' title='bbox 2169 3909 2509 3968; x_wconf 84' lang='lat' dir='ltr'><strong>memoriam</strong></span> <span class='ocrx_word' id='word_1_690' title='bbox 2535 3920 2789 3980; x_wconf 78' lang='lat' dir='ltr'><strong>revocat.</strong></span> <span class='ocrx_word' id='word_1_691' title='bbox 3189 3959 3200 3972; x_wconf 85' lang='grc'><strong>,</strong></span> 
     </span>
    </p>

    <p class='ocr_par' dir='ltr' id='par_1_9' title="bbox 1713 3997 3294 5224">
     <span class='ocr_line' id='line_1_97' title="bbox 1799 3997 3294 4077; baseline 0.003 -23"><span class='ocrx_word' id='word_1_692' title='bbox 1799 3997 1989 4067; x_wconf 85' lang='lat' dir='ltr'><strong>Quum</strong></span> <span class='ocrx_word' id='word_1_693' title='bbox 2011 3997 2132 4075; x_wconf 88' lang='lat' dir='ltr'><strong>jam</strong></span> <span class='ocrx_word' id='word_1_694' title='bbox 2176 4016 2407 4055; x_wconf 89' lang='lat' dir='ltr'><strong>cursum</strong></span> <span class='ocrx_word' id='word_1_695' title='bbox 2438 4015 2608 4054; x_wconf 89' lang='lat' dir='ltr'><strong>suum</strong></span> <span class='ocrx_word' id='word_1_696' title='bbox 2641 4015 2909 4055; x_wconf 88' lang='lat' dir='ltr'><strong>emensus</strong></span> <span class='ocrx_word' id='word_1_697' title='bbox 2945 4011 3123 4070; x_wconf 87' lang='lat' dir='ltr'><strong>esset,</strong></span> <span class='ocrx_word' id='word_1_698' title='bbox 3155 4020 3294 4077; x_wconf 89' lang='lat' dir='ltr'><strong>qua·</strong></span> 
     </span>
     <span class='ocr_line' id='line_1_98' title="bbox 1720 4082 3293 4163; baseline 0.004 -21"><span class='ocrx_word' id='word_1_699' title='bbox 1720 4097 1888 4143; x_wconf 89' lang='lat' dir='ltr'><strong>tenus</strong></span> <span class='ocrx_word' id='word_1_700' title='bbox 1914 4106 1946 4143; x_wconf 91' lang='lat' dir='ltr'><strong>e</strong></span> <span class='ocrx_word' id='word_1_701' title='bbox 1967 4090 2211 4142; x_wconf 82' lang='lat' dir='ltr'><strong>siderum</strong></span> <span class='ocrx_word' id='word_1_702' title='bbox 2235 4085 2370 4162; x_wconf 89' lang='lat' dir='ltr'><strong>quis</strong></span> <span class='ocrx_word' id='word_1_703' title='bbox 2395 4082 2792 4163; x_wconf 82' lang='lat' dir='ltr'><strong>positionibus</strong></span> <span class='ocrx_word' id='word_1_704' title='bbox 2814 4083 2888 4142; x_wconf 88' lang='lat' dir='ltr'><strong>de</strong></span> <span class='ocrx_word' id='word_1_705' title='bbox 2911 4099 3067 4143; x_wconf 88' lang='lat' dir='ltr'><strong>sorte</strong></span> <span class='ocrx_word' id='word_1_706' title='bbox 3094 4100 3151 4145; x_wconf 91' lang='lat' dir='ltr'><strong>et</strong></span> <span class='ocrx_word' id='word_1_707' title='bbox 3173 4090 3293 4148; x_wconf 86' lang='lat' dir='ltr'><strong>vita</strong></span> 
     </span>
     <span class='ocr_line' id='line_1_99' title="bbox 1719 4171 3290 4250; baseline 0.002 -19"><span class='ocrx_word' id='word_1_708' title='bbox 1719 4175 2008 4232; x_wconf 88' lang='lat' dir='ltr'><strong>nascentis</strong></span> <span class='ocrx_word' id='word_1_709' title='bbox 2027 4173 2286 4231; x_wconf 86' lang='lat' dir='ltr'><strong>hominis</strong></span> <span class='ocrx_word' id='word_1_710' title='bbox 2308 4171 2697 4250; x_wconf 85' lang='lat' dir='ltr'><strong>conjecturam</strong></span> <span class='ocrx_word' id='word_1_711' title='bbox 2722 4171 2920 4244; x_wconf 87' lang='lat' dir='ltr'><strong>faciat,</strong></span> <span class='ocrx_word' id='word_1_712' title='bbox 2952 4174 3024 4232; x_wconf 88' lang='lat' dir='ltr'><strong>ad</strong></span> <span class='ocrx_word' id='word_1_713' title='bbox 3055 4177 3290 4234; x_wconf 86' lang='lat' dir='ltr'><strong>alteram</strong></span> 
     </span>
     <span class='ocr_line' id='line_1_100' title="bbox 1720 4259 3292 4340; baseline 0.004 -22"><span class='ocrx_word' id='word_1_714' title='bbox 1720 4263 2001 4320; x_wconf 64' lang='lat' dir='ltr'><strong>doctrinae</strong></span> <span class='ocrx_word' id='word_1_715' title='bbox 2042 4273 2262 4340; x_wconf 90' lang='lat' dir='ltr'><strong>partem</strong></span> <span class='ocrx_word' id='word_1_716' title='bbox 2281 4304 2297 4332; x_wconf 94' lang='lat'><strong>,</strong></span> <span class='ocrx_word' id='word_1_717' title='bbox 2341 4281 2456 4338; x_wconf 88' lang='lat' dir='ltr'><strong>qua</strong></span> <span class='ocrx_word' id='word_1_718' title='bbox 2497 4260 2674 4319; x_wconf 91' lang='lat' dir='ltr'><strong>totius</strong></span> <span class='ocrx_word' id='word_1_719' title='bbox 2716 4259 3044 4337; x_wconf 64' lang='lat' dir='ltr'><strong>disciplinae</strong></span> <span class='ocrx_word' id='word_1_720' title='bbox 3077 4266 3292 4324; x_wconf 84' lang='lat' dir='ltr'><strong>veritas</strong></span> 
     </span>
     <span class='ocr_line' id='line_1_101' title="bbox 1718 4349 3284 4427; baseline 0.003 -19"><span class='ocrx_word' id='word_1_721' title='bbox 1718 4352 1886 4427; x_wconf 90' lang='lat' dir='ltr'><strong>quasi</strong></span> <span class='ocrx_word' id='word_1_722' title='bbox 1906 4354 1967 4407; x_wconf 94' lang='lat' dir='ltr'><strong>in</strong></span> <span class='ocrx_word' id='word_1_723' title='bbox 1986 4368 2226 4407; x_wconf 89' lang='lat' dir='ltr'><strong>examen</strong></span> <span class='ocrx_word' id='word_1_724' title='bbox 2255 4349 2747 4426; x_wconf 88' lang='lat' dir='ltr'><strong>tentationemque</strong></span> <span class='ocrx_word' id='word_1_725' title='bbox 2763 4363 3031 4423; x_wconf 80' lang='lat' dir='ltr'><strong>vocatur,</strong></span> <span class='ocrx_word' id='word_1_726' title='bbox 3055 4355 3284 4424; x_wconf 86' lang='lat' dir='ltr'><strong>transit,</strong></span> 
     </span>
     <span class='ocr_line' id='line_1_102' title="bbox 1716 4437 3292 4516; baseline 0.001 -20"><span class='ocrx_word' id='word_1_727' title='bbox 1716 4451 1780 4496; x_wconf 88' lang='lat' dir='ltr'><strong>ut</strong></span> <span class='ocrx_word' id='word_1_728' title='bbox 1823 4438 1956 4516; x_wconf 89' lang='lat' dir='ltr'><strong>quis</strong></span> <span class='ocrx_word' id='word_1_729' title='bbox 2011 4437 2084 4496; x_wconf 88' lang='lat' dir='ltr'><strong>ab</strong></span> <span class='ocrx_word' id='word_1_730' title='bbox 2125 4439 2498 4494; x_wconf 75' lang='lat' dir='ltr'><strong>humanarum</strong></span> <span class='ocrx_word' id='word_1_731' title='bbox 2539 4444 2768 4494; x_wconf 76' lang='lat' dir='ltr'><strong>sortium</strong></span> <span class='ocrx_word' id='word_1_732' title='bbox 2809 4439 3292 4516; x_wconf 87' lang='lat' dir='ltr'><strong>contemplatione</strong></span> 
     </span>
     <span class='ocr_line' id='line_1_103' title="bbox 1715 4524 3288 4604; baseline 0.002 -21"><span class='ocrx_word' id='word_1_733' title='bbox 1715 4545 1982 4601; x_wconf 87' lang='lat' dir='ltr'><strong>egressus</strong></span> <span class='ocrx_word' id='word_1_734' title='bbox 2017 4545 2114 4584; x_wconf 86' lang='lat' dir='ltr'><strong>eas</strong></span> <span class='ocrx_word' id='word_1_735' title='bbox 2141 4545 2270 4584; x_wconf 91' lang='lat' dir='ltr'><strong>cum</strong></span> <span class='ocrx_word' id='word_1_736' title='bbox 2296 4525 2552 4583; x_wconf 89' lang='lat' dir='ltr'><strong>siderum</strong></span> <span class='ocrx_word' id='word_1_737' title='bbox 2583 4524 2785 4583; x_wconf 89' lang='lat' dir='ltr'><strong>formis</strong></span> <span class='ocrx_word' id='word_1_738' title='bbox 2817 4545 3154 4604; x_wconf 87' lang='lat' dir='ltr'><strong>comparare</strong></span> <span class='ocrx_word' id='word_1_739' title='bbox 3184 4530 3288 4586; x_wconf 81' lang='lat' dir='ltr'><strong>ita·</strong></span> 
     </span>
     <span class='ocr_line' id='line_1_104' title="bbox 1716 4612 3288 4691; baseline 0.003 -19"><span class='ocrx_word' id='word_1_740' title='bbox 1716 4634 1831 4691; x_wconf 91' lang='lat' dir='ltr'><strong>que</strong></span> <span class='ocrx_word' id='word_1_741' title='bbox 1863 4633 2214 4690; x_wconf 86' lang='lat' dir='ltr'><strong>cognoscere</strong></span> <span class='ocrx_word' id='word_1_742' title='bbox 2244 4612 2460 4685; x_wconf 87' lang='lat' dir='ltr'><strong>discat,</strong></span> <span class='ocrx_word' id='word_1_743' title='bbox 2491 4633 2740 4691; x_wconf 88' lang='lat' dir='ltr'><strong>quanam</strong></span> <span class='ocrx_word' id='word_1_744' title='bbox 2784 4613 3098 4673; x_wconf 85' lang='lat' dir='ltr'><strong>caelestium</strong></span> <span class='ocrx_word' id='word_1_745' title='bbox 3137 4637 3288 4676; x_wconf 91' lang='lat' dir='ltr'><strong>con—</strong></span> 
     </span>
     <span class='ocr_line' id='line_1_105' title="bbox 1716 4700 3285 4776; baseline 0.003 -18"><span class='ocrx_word' id='word_1_746' title='bbox 1716 4701 2042 4759; x_wconf 88' lang='lat' dir='ltr'><strong>stellatione</strong></span> <span class='ocrx_word' id='word_1_747' title='bbox 2073 4701 2434 4759; x_wconf 74' lang='lat' dir='ltr'><strong>tet-restrium</strong></span> <span class='ocrx_word' id='word_1_748' title='bbox 2480 4720 2674 4758; x_wconf 89' lang='lat' dir='ltr'><strong>rerum</strong></span> <span class='ocrx_word' id='word_1_749' title='bbox 2708 4700 2952 4776; x_wconf 68' lang='lat' dir='ltr'><strong>singulae</strong></span> <span class='ocrx_word' id='word_1_750' title='bbox 2991 4701 3285 4762; x_wconf 79' lang='lat' dir='ltr'><strong>vicissitu-</strong></span> 
     </span>
     <span class='ocr_line' id='line_1_106' title="bbox 1716 4788 3274 4867; baseline 0.001 -20"><span class='ocrx_word' id='word_1_751' title='bbox 1716 4790 1881 4848; x_wconf 89' lang='lat' dir='ltr'><strong>dines</strong></span> <span class='ocrx_word' id='word_1_752' title='bbox 1901 4802 2174 4865; x_wconf 87' lang='lat' dir='ltr'><strong>regantur</strong></span> <span class='ocrx_word' id='word_1_753' title='bbox 2195 4802 2251 4847; x_wconf 91' lang='lat' dir='ltr'><strong>et</strong></span> <span class='ocrx_word' id='word_1_754' title='bbox 2267 4802 2680 4867; x_wconf 78' lang='lat' dir='ltr'><strong>provocentur.</strong></span> <span class='ocrx_word' id='word_1_755' title='bbox 2705 4788 2905 4866; x_wconf 87' lang='lat' dir='ltr'><strong>ltaque</strong></span> <span class='ocrx_word' id='word_1_756' title='bbox 2923 4790 3097 4848; x_wconf 90' lang='lat' dir='ltr'><strong>initio</strong></span> <span class='ocrx_word' id='word_1_757' title='bbox 3119 4799 3274 4862; x_wconf 73' lang='lat' dir='ltr'><strong>tertii,</strong></span> 
     </span>
     <span class='ocr_line' id='line_1_107' title="bbox 1715 4877 3284 4956; baseline 0.001 -20"><span class='ocrx_word' id='word_1_758' title='bbox 1715 4878 1817 4956; x_wconf 89' lang='lat' dir='ltr'><strong>qui</strong></span> <span class='ocrx_word' id='word_1_759' title='bbox 1842 4899 1999 4937; x_wconf 90' lang='lat' dir='ltr'><strong>nunc</strong></span> <span class='ocrx_word' id='word_1_760' title='bbox 2017 4893 2207 4935; x_wconf 78' lang='lat' dir='ltr'><strong>sextus</strong></span> <span class='ocrx_word' id='word_1_761' title='bbox 2239 4878 2441 4948; x_wconf 89' lang='lat' dir='ltr'><strong>fertur,</strong></span> <span class='ocrx_word' id='word_1_762' title='bbox 2469 4877 2608 4937; x_wconf 90' lang='lat' dir='ltr'><strong>libri</strong></span> <span class='ocrx_word' id='word_1_763' title='bbox 2638 4897 2793 4936; x_wconf 87' lang='lat' dir='ltr'><strong>novo</strong></span> <span class='ocrx_word' id='word_1_764' title='bbox 2834 4879 3054 4956; x_wconf 87' lang='lat' dir='ltr'><strong>impetu</strong></span> <span class='ocrx_word' id='word_1_765' title='bbox 3086 4893 3284 4956; x_wconf 88' lang='lat' dir='ltr'><strong>poste-</strong></span> 
     </span>
     <span class='ocr_line' id='line_1_108' title="bbox 1714 4966 3285 5044; baseline 0.003 -22"><span class='ocrx_word' id='word_1_766' title='bbox 1714 4969 1834 5024; x_wconf 87' lang='lat' dir='ltr'><strong>rius</strong></span> <span class='ocrx_word' id='word_1_767' title='bbox 1854 4971 2048 5044; x_wconf 89' lang='lat' dir='ltr'><strong>operis</strong></span> <span class='ocrx_word' id='word_1_768' title='bbox 2071 4966 2382 5024; x_wconf 90' lang='lat' dir='ltr'><strong>dimidium</strong></span> <span class='ocrx_word' id='word_1_769' title='bbox 2406 4985 2778 5041; x_wconf 81' lang='lat' dir='ltr'><strong>aggressurus</strong></span> <span class='ocrx_word' id='word_1_770' title='bbox 2798 4969 3024 5023; x_wconf 79' lang='lat' dir='ltr'><strong>Musam</strong></span> <span class='ocrx_word' id='word_1_771' title='bbox 3049 4979 3105 5024; x_wconf 91' lang='lat' dir='ltr'><strong>et</strong></span> <span class='ocrx_word' id='word_1_772' title='bbox 3120 4969 3285 5026; x_wconf 81' lang='lat' dir='ltr'><em>Phoe-</em></span> 
     </span>
     <span class='ocr_line' id='line_1_109' title="bbox 1714 5053 3282 5132; baseline 0.001 -22"><span class='ocrx_word' id='word_1_773' title='bbox 1714 5058 1841 5110; x_wconf 79' lang='lat' dir='ltr'><strong>bum</strong></span> <span class='ocrx_word' id='word_1_774' title='bbox 1865 5069 1922 5112; x_wconf 91' lang='lat' dir='ltr'><strong>et</strong></span> <span class='ocrx_word' id='word_1_775' title='bbox 1944 5059 2288 5112; x_wconf 81' lang='lat' dir='ltr'><strong>Mercurium</strong></span> <span class='ocrx_word' id='word_1_776' title='bbox 2313 5055 2580 5124; x_wconf 77' lang='lat' dir='ltr'><strong>invocat,</strong></span> <span class='ocrx_word' id='word_1_777' title='bbox 2611 5066 2676 5111; x_wconf 89' lang='lat' dir='ltr'><strong>ut</strong></span> <span class='ocrx_word' id='word_1_778' title='bbox 2699 5053 2902 5112; x_wconf 87' lang='lat' dir='ltr'><strong>eodem</strong></span> <span class='ocrx_word' id='word_1_779' title='bbox 2929 5054 3100 5113; x_wconf 89' lang='lat' dir='ltr'><strong>modo</strong></span> <span class='ocrx_word' id='word_1_780' title='bbox 3117 5100 3134 5126; x_wconf 93' lang='lat'><strong>,</strong></span> <span class='ocrx_word' id='word_1_781' title='bbox 3165 5077 3282 5132; x_wconf 88' lang='lat' dir='ltr'><strong>quo</strong></span> 
     </span>
     <span class='ocr_line' id='line_1_110' title="bbox 1713 5141 3279 5224; baseline 0.003 -24"><span class='ocrx_word' id='word_1_782' title='bbox 1713 5142 1970 5224; x_wconf 79' lang='grc' dir='ltr'>προτέρην</span> <span class='ocrx_word' id='word_1_783' title='bbox 1988 5141 2167 5216; x_wconf 79' lang='grc' dir='ltr'>ἀοιδὴν</span> <span class='ocrx_word' id='word_1_784' title='bbox 2183 5144 2820 5220; x_wconf 82' lang='lat' dir='ltr'><strong>inspiraverint—quo</strong></span> <span class='ocrx_word' id='word_1_785' title='bbox 2830 5143 3113 5220; x_wconf 86' lang='lat' dir='ltr'><strong>singulari</strong></span> <span class='ocrx_word' id='word_1_786' title='bbox 3132 5145 3279 5204; x_wconf 90' lang='lat' dir='ltr'><strong>duos</strong></span> 
     </span>
    </p>
   </div>
  </div>
 </body>
</html>
