3767 5825
1341 329 1575 434 ΑἰιΑΤι
1619 370 2165 434 PROGNosTch.
3290 385 3361 434 ιτ

43 531 130 568 550
158 505 328 572 Ξῦδιός
353 529 412 564 κε
438 504 668 586 φέροιτο·
687 506 775 565 καὶ
795 504 844 563 εί
865 528 986 562 ποτε
1017 505 1266 583 χείματος
1293 501 1404 581 ὥρῃ

155 593 408 673 ὡχρήσαι
425 591 638 652 κατιών.
669 591 804 672 ἀτὰρ
827 591 1009 658 ὕδατος
1029 597 1291 670 ἡμερινοῖο

64 711 130 738 ιω
155 681 434 758 γινομένου
458 681 739 740 κατόπισθε
762 679 883 758 περὶ
911 679 1066 759 νέφεα
1099 678 1407 737 σκοπέεσθαι

157 770 332 838 καδδὴ
353 766 602 842 δυομένου
621 766 976 848 τετραμμένος
994 765 1206 836 ἠελίοιο.

162 851 227 920 ἢν
253 851 348 928 μὲν
367 852 685 934 ὖποσκιάῃσι
711 857 922 930 μελαινο
929 852 1061 930 μένῃ
1084 853 1252 910 εἰκυῖα

43 963 126 1000 ess
160 941 346 1010 ἠέλιον
369 941 558 1021 νεφέλη
575 985 592 1012 ,
619 941 708 999 ταὶ
733 943 782 1000 δ’
806 940 942 1022 ἀμφί
966 963 1054 1017 μιν
1081 939 1197 997 ἔνθα
1226 940 1316 996 καὶ
1340 938 1458 994 ἔνθα

161 1032 370 1093 ἀκτῖνες
391 1028 657 1105 μεσσηγὺς
681 1029 1013 1105 ἑλισσόμεναι
1035 1027 1312 1106 διχόωνται
1329 1071 1345 1097 ,

63 1141 130 1168 m
155 1107 244 1184 ἦτ’
263 1117 326 1171 ἂν
351 1114 421 1172 ἔτ’
441 1117 510 1180 εἷς
539 1119 620 1185 ἠῶ
640 1115 863 1181 σκέπαος
890 1114 1209 1196 κεχρημένος
1237 1113 1363 1183 εἴης.

160 1203 210 1258 εἷ
236 1200 280 1257 δ’
311 1206 338 1259 ὃ
362 1201 456 1277 μὲν
485 1197 725 1280 ἀνέφελος
745 1203 936 1281 βάπτοι
961 1201 1079 1281 ῥόου
1107 1201 1392 1281 ἑσπερίοιο,

158 1289 252 1345 ταὶ
271 1286 328 1346 δὲ
353 1288 739 1367 κατερχομένου
765 1289 975 1370 νεφέλαι
994 1290 1083 1347 καὶ
1115 1287 1488 1366 ἀποιχομένοιο

43 1401 128 1438 εσυ
159 1377 392 1446 πλησίαι
411 1377 696 1446 ἑστήκωσιν
725 1375 948 1455 ἐρευθέες
965 1420 983 1452 ,
1007 1375 1066 1434 οὗ
1091 1399 1152 1434 σε
1177 1375 1322 1452 μάλα
1345 1373 1448 1455 χρὴ

160 1463 344 1543 αὔριον
375 1464 481 1521 οὐδ’
512 1463 596 1520 ἐπὶ
613 1463 760 1520 νυκτὶ
787 1464 1142 1545 περιτρομέειν
1163 1467 1354 1535 ὖετοῖο,

73 1572 144 1601 ¹³⁰
162 1552 290 1608 ἀλλ’
315 1549 460 1608 ὁπότ’
487 1553 681 1620 ἠελίοιο
709 1551 1148 1629 μαραινομένῃσιν
1177 1555 1354 1625 ὁμοῖαι

163 1638 412 1707 ἐξαπίνης
431 1638 630 1704 ἀκτῖνες
660 1639 751 1695 ἀπ’
778 1637 1046 1717 οὐρανόθεν
1062 1638 1370 1709 τανύωνται,

161 1717 271 1783 οἷον
299 1724 714 1802 ἀμαλδύνονται,
736 1722 820 1784 ὅτε
842 1726 1056 1804 σκιοίῃσι
1079 1727 1194 1783 κατ’
1215 1722 1294 1781 ἰθὺ

43 1831 128 1870 8⁸5
159 1812 420 1886 ἱσταμένη
441 1811 671 1888 γαίηςτε
693 1812 782 1870 καὶ
811 1812 1006 1883 ἠελίοιο
1025 1811 1234 1881 σελήνη.

161 1899 272 1955 οὐδ’
294 1898 379 1956 ὅτε
405 1901 452 1957 οἱ
481 1898 724 1978 ἐπέχοντι
750 1897 1040 1978 φανήμεναι
1062 1902 1192 1969 ἠῶθι
1213 1897 1312 1976 πρὸ

63 2015 131 2043 iss
161 1986 438 2065 φαίνονται
464 1985 674 2066 νεφέλαι
703 1983 998 2065 ὖπερευθέες
1027 1985 1239 2043 ἄλλοθεν
1271 1983 1425 2042 ἄλλαι
1447 2029 1462 2054 ,

163 2073 416 2153 ἄῤῥαντοι
442 2071 670 2149 γίνονται
697 2073 782 2130 ἔπ’
809 2071 976 2148 ἤματι
1005 2071 1159 2150 κείνῳ
1191 2071 1425 2149 ἄρουραι.

170 2160 300 2238 μηδ’
324 2159 490 2226 αὕτως
506 2205 522 2233 ,
553 2158 626 2217 ἔτ’
647 2159 782 2218 ἐόντι
806 2159 969 2238 πέρην
999 2160 1154 2215 ὁπότε
1175 2160 1512 2234 προταθεῖσαι

47 2272 132 2310 8ῖο
165 2253 372 2314 ἀκτῖνες
399 2246 666 2324 φαίνονται
695 2246 918 2304 ἐπίσκιοι
945 2249 1075 2316 ἠῶθι
1094 2246 1195 2324 πρό
1211 2293 1224 2315 ,

163 2327 356 2402 ὕδατος
380 2333 416 2406 ἢ
441 2335 650 2412 ἀνέμοιο
668 2334 1043 2410 κατοισομένου
1072 2333 1398 2392 λελαθέσθαι.
1505 2401 1514 2408 Ο

55 2445 124 2477 uc
167 2427 290 2482 ἀλλ’
314 2426 360 2482 εἰ
387 2423 484 2502 μὲν
511 2425 676 2484 κεῖναι
699 2425 895 2501 μᾶλλον
928 2421 1146 2502 κνέφαος
1172 2420 1434 2500 φορέοιντο

165 2515 402 2584 ἀκτῖνες,
429 2511 626 2587 μᾶλλόν
652 2533 738 2569 κεν
769 2510 846 2588 ἐφ’
868 2509 1021 2568 ὕδατι
1046 2509 1372 2586 σημαίνοιεν·

161 2603 209 2657 εἰ
241 2599 289 2656 δ’
319 2597 488 2674 ὀλίγος
509 2597 746 2658 τανύοιτο
767 2598 884 2676 περὶ
922 2599 1102 2678 δνόφος
1126 2595 1438 2664 ἀκτίνεσσιν,

47 2711 132 2750 επ,
165 2677 278 2744 οἶόν
307 2709 410 2746 που
435 2685 676 2762 μαλακαὶ
701 2683 914 2766 νεφέλαι
938 2684 1175 2764 φορέουσι
1197 2685 1459 2760 μάλιστα,

161 2767 246 2844 ἦτ’
278 2772 342 2832 ἂν
372 2771 738 2852 ἐπερχομένοις)
759 2771 1155 2850 περιδνοφέοιντ’
1191 2771 1422 2847 ἀνέμοιο.

79 2888 140 2921 ιιι
164 2859 284 2919 οὐδὲ
314 2858 408 2938 μὲν
433 2857 608 2931 ἠελίου
635 2859 875 2939 σχεδόθεν
901 2860 1228 2935 μελανεῦσαι·
1243 2857 1412 2915 ἀλωαὶ

165 2948 326 3007 εὔδιοι
343 2972 357 2985 ·
383 2947 660 3028 ἀσσότεραι
687 2947 740 3006 δὲ
765 2948 857 3005 καὶ
885 2945 1142 3027 ἀστεμφὲς
1169 2949 1484 3023 μελανεῖῐσαι

169 3044 372 3117 μᾶλλον
391 3040 678 3122 χειμέριαι·
699 3041 791 3099 δύο
812 3043 858 3099 δ’
875 3041 939 3098 ἂν
961 3041 1336 3120 χαλεπώταται
1361 3030 1492 3099 εἶεν.-

49 3152 136 3189 880
253 3130 488 3189 Σκέπτεο
511 3130 562 3187 δ’
581 3126 618 3200 ἢ
645 3129 871 3195 ἀνιόντος
898 3128 934 3200 ἢ
953 3130 1142 3189 αὐτίκα
1161 3128 1426 3204 δυομένοιο

167 3215 217 3274 εἴ
246 3215 346 3276 πού
375 3219 422 3275 οἱ
451 3216 662 3297 νεφέων,
690 3216 754 3273 τὰ
784 3216 1019 3296 παρήλια
1047 3215 1444 3292 κικλήσκονται,

67 3340 136 3369 ω.
168 3303 206 3375 ἠ
235 3306 386 3363 νότου
411 3304 474 3375 ἠὲ
505 3309 686 3383 βορῆος
717 3304 978 3383 ἐρεύθεται
1002 3302 1038 3373 ἢ
1064 3304 1353 3381 ἑκάτερθεν.

169 3393 295 3466 μηδ’
315 3390 454 3448 οὕτω
475 3390 696 3460 σκοπιὴν
721 3388 913 3461 ταύτην
945 3392 1180 3465 ἀμενηνὰ
1201 3391 1479 3469 φυλάσσειν
1495 3414 1508 3427 ·

166 3480 223 3534 οὗ
248 3477 381 3556 γάρ,
412 3474 488 3534 ὅτ’
523 3476 886 3555 ἀμφοτέρωθεν
908 3480 1039 3561 ὁμοῦ
1067 3477 1188 3557 περὶ
1215 3477 1406 3553 μέσσον
1436 3476 1642 3555 ἔχουσιν

47 3589 130 3628 oeo
159 3566 332 3633 ἠέλιον
357 3572 520 3621 κεῖναι
539 3562 746 3645 νεφέλαι
765 3563 948 3642 σχεδὸν
973 3566 1254 3640 ὠκεανοῖο,

159 3652 360 3733 γίνεται
380 3650 605 3727 ἀμὸολίη
633 3651 810 3711 Διόθεν
835 3655 1090 3731 χειμῶνος
1111 3651 1290 3719 ἰόντος.

69 3770 136 3797 ιω
166 3738 215 3795 εἴ
241 3762 299 3816 γε
327 3738 422 3812 μὲν
449 3740 508 3795 ἐκ
536 3738 720 3817 βορέαο
749 3738 822 3813 μί’
844 3738 928 3809 οἴη
953 3739 1290 3818 φοινίσσοιτο,

165 3830 224 3884 ἐκ
256 3823 425 3907 βορέω
453 3826 630 3891 πνοιάς
657 3849 717 3884 κε
741 3826 916 3906 φέροι,
945 3827 1085 3897 νοτίη
1111 3826 1168 3885 δὲ
1195 3828 1388 3897 νότοιο,

161 3912 193 3983 ἢ
219 3913 311 3971 καί
341 3935 443 3972 που
466 3913 780 3993 ῥαθάμιγγες
809 3914 1146 3993 ἐπιτροχόωσ’
1177 3919 1362 3972 ὑετοῐο.

49 4016 132 4053 890
243 4000 539 4080 Ἑσπερίοις
567 4000 886 4077 καὶιμᾶλλον
915 4004 1158 4079 ἐπίτρεπε
1189 4003 1392 4075 σήμασι
1420 4000 1639 4064 τούτοις·

161 4090 438 4166 ἑσπερόθεν
463 4086 564 4167 γὰρ
591 4091 731 4164 ὁμῶς
761 4088 1072 4161 σημαίνεται
1095 4088 1308 4164 ἐμμενὲς
1335 4086 1456 4145 αἰεί.

69 4204 134 4233 ιω
247 4173 487 4233 Σκέπτεο
511 4174 602 4233 καὶ
629 4174 852 4245 Φάτνη
869 4198 916 4231 ν.
943 4179 978 4244 ἡ
1013 4174 1106 4251 μέν
1133 4175 1180 4231 τ’
1206 4176 1356 4253 ὀλίγῃ
1384 4174 1550 4231 εἰκυῖα

161 4263 324 4341 ἀχλύῖ
350 4262 565 4343 βορῤαίη
595 4261 694 4320 ὑπὸ
728 4263 974 4341 Καρκίνῳ
995 4261 1270 4339 ἡγηλάζει·

159 4350 296 4429 ἀμφὶ
326 4348 382 4407 δέ
406 4373 494 4411 μιν
521 4348 612 4407 δύο
638 4349 805 4408 λεπτὰ
829 4349 1151 4428 φαεινόμενοι
1178 4348 1446 4430 φορέονται

47 4454 132 4491 8⁹⁵
165 4436 411 4516 ἀστέρες,
441 4433 559 4495 οὔτε
579 4460 630 4495 τι
656 4436 850 4494 πολλὸν
880 4437 1100 4517 ἀπήοροι
1127 4437 1244 4494 οὔτε
1271 4436 1394 4512 μάλ’
1421 4432 1594 4509 ἐγγύς,

163 4523 282 4581 ἀλλ’
308 4522 462 4582 ὅσσον
489 4547 546 4581 τε
575 4524 806 4600 μάλιστα
835 4522 1112 4599 πυγούσιον
1141 4523 1416 4593 οἷήσασθαι
1433 4569 1446 4593 ,

67 4640 136 4669 uss
161 4602 238 4677 εἷς
267 4609 362 4686 μὲν
387 4607 497 4690 πὰρ
527 4610 712 4690 βορέαο
729 4634 742 4647 ·
769 4610 900 4692 νότῳ
928 4612 976 4668 δ’
999 4608 1320 4668 ἐπικέκλιται
1351 4608 1519 4674 ἄλλος.

159 4697 252 4755 καὶ
276 4694 358 4755 τοὶ
381 4695 475 4773 μὲν
503 4687 988 4757 καλέονται”ονοι
1008 4744 1024 4772 ,
1053 4698 1224 4771 μέσση
1254 4696 1309 4754 δέ
1337 4719 1393 4753 τε
1417 4696 1604 4766 Φάτνη
1623 4741 1637 4766 ,

157 4784 256 4854 ἥτε
276 4782 368 4841 καὶ
395 4782 634 4856 ἐξαπίνης
654 4784 826 4862 ἰτιιὶντζνΙ
851 4784 970 4850 Διὸς
997 4783 1290 4849 εὖδιόωντος

51 4891 136 4929 νου
158 4872 319 4947 γίνετ’
350 4870 570 4953 ἄφαντος
589 4872 715 4942 ὅλη·
738 4874 818 4929 τοὶ
849 4875 891 4929 δ’
924 4872 1284 4952 ἀμφοτέρωθεν
1312 4872 1468 4935 ἰόντες

164 4958 380 5037 ἀστέρες
406 4958 644 5030 ἀλλήλων
676 4960 986 5039 αὐτοσχεδὸν
1017 4960 1364 5018 ἰνδάλλονται·
1431 5032 1438 5037 Ι

57 5076 128 5107 «το
165 5048 262 5105 οὖκ
283 5044 442 5125 ὀλίγῳ
458 5050 680 5125 χειμῶνι
701 5048 817 5105 τότε
839 5048 1107 5115 κλύζονται
1131 5047 1364 5124 ἄρουραι.

164 5136 208 5191 εἰ
237 5132 294 5190 δὲ
319 5134 652 5209 μελαίνηται,
671 5134 750 5192 τοὶ
769 5136 814 5192 δ’
837 5134 1004 5193 αὐτίκ’
1031 5132 1250 5199 ἐοικότες
1277 5124 1402 5191 ὦσιν

353 5236 554 5275 surus.

1813 528 2009 565 serenus
2030 515 2125 563 fere
2147 518 2314 574 agatur
2337 533 2349 562 ι
2370 517 2515 564 etiam
2538 513 2575 562 si
2600 512 2793 576 quando
2806 514 2981 574 pluviae
3004 513 3221 575 tempore

1812 603 2037 665 palluerit
2054 601 2360 652 occumbens,
2427 603 2514 662 At,
2540 601 2703 664 pluvia
2719 599 2891 649 diurna

1813 691 1941 740 facta
1954 726 1970 752 ‚
1988 692 2151 752 postea
2166 690 2318 739 nubae
2335 689 2685 751 circunspicito
2694 723 2710 750 ,

1813 777 1876 827 ad
1894 775 2189 826 occidentem
2208 787 2469 826 conversus
2484 777 2653 826 soiem.

1817 869 1865 918 Si
1888 868 2080 931 quidem
2105 868 2329 918 obscuret
2344 866 2597 930 nigdcmfi
2615 865 2782 915 similis

1814 956 1963 1004 solem
1985 955 2139 1004 nubes
2152 992 2165 1014 ,
2192 955 2375 1004 circum
2399 953 2553 1016 ipsam
2570 954 2731 1001 autem
2749 952 2862 1002 hinc
2878 954 2929 1002 et
2950 953 3063 1004 inde

1816 1039 1935 1088 radii
1959 1040 2235 1090 intervoluti
2262 1039 2523 1100 findantur,

1815 1129 1944 1176 certe
1966 1128 2125 1176 adhuc
2140 1128 2189 1177 in
2210 1140 2433 1177 auroram
2458 1127 2757 1189 operimento
2774 1126 2961 1188 indigus
2978 1127 3139 1178 tueris.

1819 1217 1877 1262 At
1896 1214 1934 1262 si
1956 1215 2033 1263 hic.
2051 1214 2244 1277 quidem
2261 1214 2505 1264 innubilus
2522 1227 2573 1264 se
2590 1213 2864 1276 submergat
2877 1211 3015 1263 fluxu
3037 1214 3241 1264 occiduo
3255 1253 3271 1278 ,

1814 1302 2118 1352 descendenti
2130 1315 2246 1352 vero
2268 1303 2422 1352 nubes
2436 1304 2487 1353 et
2510 1302 2707 1352 abeunti

1814 1389 1987 1438 vicinae
2006 1391 2132 1439 stent
2150 1387 2455 1447 rubicundae,
2485 1387 2615 1438 baud
2638 1390 2687 1438 te
2708 1387 2847 1438 vaide
2860 1391 3052 1451 oportet

1815 1489 1921 1524 cras
1936 1511 1950 1536 ‚
1970 1489 2127 1538 neque
2144 1489 2229 1538 per
2250 1477 2441 1526 noctem
2455 1511 2470 1536 ,
2486 1477 2659 1526 timere
2670 1474 2733 1524 de
2746 1475 2909 1537 pluvia
2926 1512 2939 1537 ,

1815 1576 1983 1610 verum
2005 1562 2197 1624 qnando
2224 1561 2335 1610 solis
2351 1561 2753 1612 marcescentibus
2770 1561 2949 1612 similes

1816 1649 2059 1710 extemplo
2079 1647 2195 1697 redii
2219 1648 2279 1698 de
2297 1647 2419 1698 eoelo
2435 1647 2804 1709 protenduntur,

1783 1789 1791 1796 ,
1813 1735 1941 1786 sicut
1966 1736 2285 1794 evanescunt,
2308 1732 2504 1797 quando
2525 1733 2783 1784 obumbret
2798 1747 2859 1783 ex
2878 1733 3063 1785 directo

1816 1824 1949 1870 stans
1966 1824 2211 1882 terraeque
2234 1821 2285 1869 et
2300 1819 2417 1868 solis
2438 1817 2572 1871 iuna.

1815 1910 1982 1969 Neque
2005 1907 2201 1969 quando
2221 1907 2267 1955 ei
2284 1906 2491 1955 moranti
2510 1905 2669 1955 iucere
2684 1907 2797 1956 ante
2813 1918 3038 1956 summm

1815 1997 2047 2055 apparent
2064 1991 2217 2042 nubes
2230 1990 2484 2042 subrubeus
2498 1991 2613 2042 alibi
2629 1990 2737 2040 aiiae
2748 2027 2765 2054 ,

1814 2081 1945 2129 sicca
1965 2080 2088 2128 fiunt
2106 2081 2153 2128 in
2176 2079 2253 2128 die
2272 2079 2355 2128 illo
2377 2093 2511 2130 arva.

1814 2175 1979 2234 Neque
1994 2171 2093 2232 pari
2120 2169 2280 2230 modo,
2301 2169 2459 2218 adbuc
2475 2169 2722 2218 exsistenti
2742 2169 2925 2219 inferne
2941 2168 3133 2230 quaudo
3146 2171 3365 2232 protensi

1815 2260 1932 2309 radii
1958 2260 2188 2320 apparent
2206 2257 2395 2307 obscuri
2414 2260 2526 2308 ante
2542 2270 2766 2306 auroram
2780 2293 2795 2318 ‚

1813 2346 1991 2407 pluviae
2013 2347 2097 2395 aut
2119 2343 2253 2393 venti
2272 2343 2485 2394 irruituri
2504 2343 2805 2395 obliviscere.

1815 2431 1907 2480 Sed
1925 2432 1962 2479 si
1990 2431 2057 2479 iiii
2076 2431 2225 2492 magis
2242 2429 2445 2492 caiigine
2460 2430 2772 2492 involventur

1815 2517 1960 2576 radii,
1987 2516 2134 2578 magis
2152 2517 2283 2566 certe
2298 2516 2359 2566 de
2373 2514 2537 2578 pluvie
2559 2517 2785 2564 moneant
2804 2534 2817 2564 ε

1813 2595 1886 2652 sin
1902 2607 2059 2652 autem
2080 2603 2267 2653 modica
2285 2601 2575 2653 extendatur
2592 2601 2744 2663 caligo
2762 2601 2945 2651 circum
2972 2602 3131 2652 radios
3142 2639 3157 2662 ‚

1813 2691 2003 2752 qualem
2020 2702 2383 2752 nonnumquam
2402 2691 2581 2741 tenerae
2598 2687 2750 2736 nubes
2768 2687 2927 2737 serunt
2946 2687 3155 2738 maxime
3171 2727 3186 2751 ,

1815 2779 1943 2825 certe
1962 2775 2245 2824 adveniente
2270 2773 2573 2825 obtenebrari
2592 2774 2747 2828 soient
2768 2778 2929 2823 vento.

1815 2865 1976 2925 Neque
1992 2862 2187 2926 quidem
2209 2874 2361 2926 prope
2380 2861 2533 2910 solem
2556 2861 2874 2923 nigrescentes
2902 2860 3015 2909 circi

1813 2954 1925 2999 sunt
1947 2951 2097 3010 sei-,eni
2113 2966 2127 3012 ;
2146 2951 2400 3001 viciniores
2415 2963 2535 3000 vero
2556 2951 2607 2999 et
2624 2948 2835 3011 impense
2858 2950 3201 3011 nigrescentes,

1815 3039 1961 3099 magis
1978 3038 2285 3099 tempestuosi
2304 3058 2316 3087 :
2335 3037 2435 3087 duo
2458 3040 2621 3087 autem
2638 3036 2885 3086 saevissimi
2914 3035 3105 3085 fuerint.

1875 3124 2129 3174 considere
2144 3126 2306 3172 autem
2323 3123 2402 3172 vei
2420 3123 2471 3171 in
2489 3122 2673 3171 oriente
2687 3122 2763 3171 vei
2782 3119 2881 3182 jam
2900 3118 3178 3180 occidente,

1812 3210 1963 3262 sicubi
1986 3212 2028 3259 ei
2047 3210 2199 3259 nubes
2214 3245 2229 3271 ,
2248 3222 2370 3272 quas
2387 3208 2571 3259 Par-elie
2592 3208 2723 3267 (soli
2741 3206 2946 3267 vicina)
2968 3205 3177 3267 vocant,

1813 3302 1897 3348 aut
1914 3299 1975 3347 ab
1998 3300 2167 3346 Austro
2194 3297 2280 3346 aut
2298 3298 2451 3347 Borea
2469 3296 2731 3345 rubescunt
2744 3330 2758 3355 ‚
2780 3296 2866 3343 aut
2882 3293 3141 3355 utrimque.

1813 3392 1977 3449 Neque
1995 3386 2115 3435 adeo
2144 3383 2527 3435 observationem
2549 3384 2675 3433 hanc
2696 3383 2864 3433 frivole
2880 3380 3067 3431 custodi
3095 3399 3109 3429 ι

1811 3488 1908 3523 non
1925 3477 2052 3523 enim
2069 3512 2084 3535 ,
2108 3487 2265 3535 quum
2280 3452 2527 3535 utrimque
2542 3472 2684 3522 omui
2709 3471 2923 3521 medium
2942 3466 3244 3520 circumdat

1811 3564 1961 3612 solem
1985 3561 2082 3611 illas
2103 3560 2257 3611 nubes
2276 3573 2425 3623 prope
2441 3564 2717 3621 oceanum,

1813 3652 1864 3699 iit
1887 3650 2051 3699 dilatio
2076 3663 2106 3699 e
2130 3648 2254 3699 coelo
2266 3648 2451 3712 pluviae
2470 3648 2717 3697 venientis.

1813 3738 1862 3787 si
1892 3737 2087 3799 quidem
2110 3750 2139 3787 e
2160 3739 2311 3787 Borea
2328 3748 2423 3785 una
2444 3736 2545 3785 sola
2570 3736 2813 3795 rubescat,

1811 3840 1836 3873 e
1856 3828 2007 3875 Borea
2030 3824 2173 3875 ssahis
2188 3827 2361 3877 afferre
2378 3823 2528 3882 soletg
2554 3822 2766 3871 austrina
2782 3835 2897 3870 vero
2910 3858 2924 3881 ,
2948 3834 3004 3869 ex
3026 3822 3225 3879 Ausum

1809 3916 1896 3963 aut
1924 3914 2069 3964 etiam
2092 3916 2243 3975 guttae
2263 3894 2481 3962 decident
2506 3910 2697 3971 piuviae.

1871 4000 2260 4051 occidentalibus
2276 3998 2418 4049 etiam
2441 3998 2549 4058 pius
2563 3995 2725 4044 tribue
2745 3994 2888 4055 signis
2905 3994 2977 4041 his
3003 4008 3014 4039 :

1809 4089 1871 4139 ab
1890 4088 2135 4137 occidente
2157 4099 2366 4149 nemque
2385 4085 2515 4146 signa
2538 4085 2795 4131 sumuntur
2814 4079 3151 4129 invariabiliter
3163 4091 3363 4140 semper.

1871 4178 2063 4226 intuere
2084 4175 2229 4223 etiam
2254 4176 2483 4234 Proesepe.
2512 4170 2566 4219 id
2587 4169 2780 4231 quidem
2798 4204 2815 4229 ,
2842 4168 2973 4217 tenui
2995 4165 3150 4217 simile

1809 4262 2059 4313 nubecuioe
2072 4298 2086 4322 ‚
2109 4260 2301 4310 borenie
2318 4258 2409 4309 sub
2430 4260 2617 4308 cancro
2646 4257 2893 4315 versatum

1809 4354 1860 4399 et
1881 4349 2008 4397 circa
2029 4350 2185 4411 ipsum
2208 4347 2319 4397 duae
2334 4346 2543 4396 tenuiter
2560 4344 2777 4393 lucentes
2796 4343 3013 4392 teruntur

1808 4438 1959 4487 steiiae
1973 4474 1988 4497 ‚
2008 4450 2097 4485 nec
2115 4436 2325 4485 multum
2341 4434 2599 4493 distantes,
2624 4445 2715 4481 nec
2738 4430 2877 4480 vaide
2900 4429 3072 4478 vicinoe
3086 4464 3100 4487 ,

1808 4524 1895 4573 sed
1912 4538 2059 4585 quam
2078 4523 2288 4573 maxime
2313 4521 2463 4571 cubiti
2482 4518 2693 4583 spatium
2710 4532 2813 4568 esse
2830 4520 2976 4579 puta3

1809 4624 1905 4660 una
1922 4612 2117 4673 quidem
2132 4610 2192 4660 ad
2206 4612 2406 4660 Boreum
2420 4611 2510 4669 est,
2522 4609 2699 4658 Austro
2715 4618 2829 4655 vero
2841 4600 3359 4667 appmpinquaisitera.

1809 4702 1967 4761 Atque
1990 4700 2067 4748 hae
2088 4698 2283 4761 quidem
2300 4698 2535 4747 vocantur
2554 4694 2711 4755 Asini3
2731 4692 2944 4742 medium
2964 4690 3127 4739 autem
3151 4690 3365 4746 Praesepe

1807 4786 1939 4847 quod
1960 4787 2105 4835 etiam
2133 4784 2382 4835 confestim
2394 4819 2409 4844 ,
2429 4782 2552 4832 coelo
2567 4780 2779 4843 undique
2798 4791 2992 4839 sereno,
3223 4773 3330 4837 [esc
3347 4808 3362 4832 ‚

1809 4874 1864 4921 fit
1883 4873 2143 4923 evanidum
2164 4874 2353 4933 totum;
2371 4874 2519 4933 atque
2542 4868 2789 4930 utrimque
2804 4868 2973 4917 euntes

1807 4963 1959 5011 steiiae
1987 4960 2075 5010 sibi
2097 4960 2301 5009 invicem
2324 4960 2465 5021 piane
2488 4958 2657 5006 vicinae
2675 4957 2940 5018 apparent:

1809 5064 1906 5097 non
1932 5048 2119 5097 modica
2134 5051 2417 5110 tempestate
2436 5050 2552 5095 tunc
2572 5043 2807 5092 inundant
2828 5054 2961 5091 arva.

1809 5138 1858 5188 si
1875 5142 2040 5187 autem
2058 5137 2292 5199 nigrescat
2306 5170 2322 5199 ,
2341 5138 2491 5199 atque
2512 5132 2683 5183 eodem
2700 5132 2862 5181 colore
2878 5128 3109 5181 exsistant

3068 5234 3125 5279 8⁶
