<?xml version="1.0" encoding="UTF-8"?>
<!DOCTYPE html PUBLIC "-//W3C//DTD XHTML 1.0 Transitional//EN"
    "http://www.w3.org/TR/xhtml1/DTD/xhtml1-transitional.dtd">
<html xmlns="http://www.w3.org/1999/xhtml" xml:lang="en" lang="en">
 <head>
  <title>
</title>
<meta http-equiv="Content-Type" content="text/html;charset=utf-8" />
  <meta name='ocr-system' content='tesseract 3.04.00' />
  <meta name='ocr-capabilities' content='ocr_page ocr_carea ocr_par ocr_line ocrx_word'/>
</head>
<body>
  <div class='ocr_page' id='page_1' title='image "./poetbucolicietd00ameigoog_0409.png"; bbox 0 0 3767 5825; ppageno 0'>
   <div class='ocr_carea' id='block_1_1' title="bbox 1212 765 2075 922">
    <p class='ocr_par' dir='ltr' id='par_1_1' title="bbox 1212 765 2075 922">
     <span class='ocr_line' id='line_1_1' title="bbox 1212 765 2075 922; baseline -0.008 -4"><span class='ocrx_word' id='word_1_1' title='bbox 1212 765 2075 922; x_wconf 79' lang='lat' dir='ltr'>MONITUM.</span> 
     </span>
    </p>
   </div>
   <div class='ocr_carea' id='block_1_2' title="bbox 1446 1157 1851 1194">
    <p class='ocr_par' dir='ltr' id='par_1_2' title="bbox 1446 1157 1851 1194">
     <span class='ocr_line' id='line_1_2' title="bbox 1446 1157 1851 1194; baseline 0.005 -2"><span class='ocrx_word' id='word_1_2' title='bbox 1446 1157 1851 1194; x_wconf 49' lang='lat'>*-</span> 
     </span>
    </p>
   </div>
   <div class='ocr_carea' id='block_1_3' title="bbox 50 1426 1622 2852">
    <p class='ocr_par' dir='ltr' id='par_1_3' title="bbox 50 1426 1622 2852">
     <span class='ocr_line' id='line_1_3' title="bbox 130 1426 1611 1510; baseline -0.001 -20"><span class='ocrx_word' id='word_1_3' title='bbox 130 1428 429 1510; x_wconf 83' lang='lat' dir='ltr'><strong>Quidquid</strong></span> <span class='ocrx_word' id='word_1_4' title='bbox 452 1429 515 1490; x_wconf 86' lang='lat' dir='ltr'>in</span> <span class='ocrx_word' id='word_1_5' title='bbox 534 1428 632 1489; x_wconf 83' lang='lat' dir='ltr'>his</span> <span class='ocrx_word' id='word_1_6' title='bbox 650 1427 924 1490; x_wconf 78' lang='lat' dir='ltr'>versibus</span> <span class='ocrx_word' id='word_1_7' title='bbox 945 1427 1132 1489; x_wconf 70' lang='lat' dir='ltr'>Philae</span> <span class='ocrx_word' id='word_1_8' title='bbox 1144 1440 1231 1488; x_wconf 78' lang='lat' dir='ltr'>est</span> <span class='ocrx_word' id='word_1_9' title='bbox 1248 1426 1611 1488; x_wconf 85' lang='lat' dir='ltr'>emendatum</span> 
     </span>
     <span class='ocr_line' id='line_1_4' title="bbox 64 1522 1615 1604; baseline -0.002 -20"><span class='ocrx_word' id='word_1_10' title='bbox 64 1527 215 1601; x_wconf 76' lang='lat' dir='ltr'>(sunt</span> <span class='ocrx_word' id='word_1_11' title='bbox 259 1527 453 1585; x_wconf 70' lang='lat' dir='ltr'>autem</span> <span class='ocrx_word' id='word_1_12' title='bbox 495 1524 801 1603; x_wconf 78' lang='lat' dir='ltr'><strong>quingenti</strong></span> <span class='ocrx_word' id='word_1_13' title='bbox 834 1524 1089 1604; x_wconf 88' lang='lat' dir='ltr'>amplius</span> <span class='ocrx_word' id='word_1_14' title='bbox 1132 1522 1315 1602; x_wconf 83' lang='lat' dir='ltr'>loci),</span> <span class='ocrx_word' id='word_1_15' title='bbox 1346 1523 1407 1584; x_wconf 91' lang='lat' dir='ltr'>id</span> <span class='ocrx_word' id='word_1_16' title='bbox 1442 1541 1615 1582; x_wconf 88' lang='lat' dir='ltr'>omne</span> 
     </span>
     <span class='ocr_line' id='line_1_5' title="bbox 61 1617 1613 1700; baseline 0.001 -24"><span class='ocrx_word' id='word_1_17' title='bbox 61 1634 345 1700; x_wconf 79' lang='lat' dir='ltr'>acceptum</span> <span class='ocrx_word' id='word_1_18' title='bbox 377 1619 593 1679; x_wconf 83' lang='lat' dir='ltr'>referas</span> <span class='ocrx_word' id='word_1_19' title='bbox 612 1620 745 1678; x_wconf 77' lang='lat' dir='ltr'>viro</span> <span class='ocrx_word' id='word_1_20' title='bbox 774 1619 1101 1680; x_wconf 84' lang='lat' dir='ltr'>clarissimo</span> <span class='ocrx_word' id='word_1_21' title='bbox 1122 1619 1188 1679; x_wconf 89' lang='lat' dir='ltr'>E.</span> <span class='ocrx_word' id='word_1_22' title='bbox 1208 1618 1457 1678; x_wconf 75' lang='lat' dir='ltr'>Mrmn.</span> <span class='ocrx_word' id='word_1_23' title='bbox 1484 1617 1613 1679; x_wconf 88' lang='lat' dir='ltr'>Non</span> 
     </span>
     <span class='ocr_line' id='line_1_6' title="bbox 58 1716 1614 1778; baseline -0.001 -2"><span class='ocrx_word' id='word_1_24' title='bbox 58 1719 229 1776; x_wconf 85' lang='lat' dir='ltr'>solum</span> <span class='ocrx_word' id='word_1_25' title='bbox 256 1718 415 1776; x_wconf 89' lang='lat' dir='ltr'>enim</span> <span class='ocrx_word' id='word_1_26' title='bbox 440 1716 861 1777; x_wconf 83' lang='lat' dir='ltr'>Escorialensis</span> <span class='ocrx_word' id='word_1_27' title='bbox 894 1716 1119 1778; x_wconf 89' lang='lat' dir='ltr'>codicis</span> <span class='ocrx_word' id='word_1_28' title='bbox 1150 1717 1252 1777; x_wconf 90' lang='lat' dir='ltr'>ille</span> <span class='ocrx_word' id='word_1_29' title='bbox 1278 1717 1614 1776; x_wconf 77' lang='lat' dir='ltr'>varietatem</span> 
     </span>
     <span class='ocr_line' id='line_1_7' title="bbox 63 1812 1610 1893; baseline 0.002 -21"><span class='ocrx_word' id='word_1_30' title='bbox 63 1817 312 1874; x_wconf 81' lang='lat' dir='ltr'>enotavit</span> <span class='ocrx_word' id='word_1_31' title='bbox 343 1814 437 1893; x_wconf 89' lang='lat' dir='ltr'>(in</span> <span class='ocrx_word' id='word_1_32' title='bbox 468 1813 746 1892; x_wconf 84' lang='lat' dir='ltr'>Catalogo</span> <span class='ocrx_word' id='word_1_33' title='bbox 775 1833 947 1893; x_wconf 86' lang='lat' dir='ltr'>quem</span> <span class='ocrx_word' id='word_1_34' title='bbox 987 1813 1173 1874; x_wconf 81' lang='lat' dir='ltr'>edidit</span> <span class='ocrx_word' id='word_1_35' title='bbox 1192 1814 1456 1874; x_wconf 86' lang='lat' dir='ltr'>codicum</span> <span class='ocrx_word' id='word_1_36' title='bbox 1482 1812 1610 1875; x_wconf 88' lang='lat' dir='ltr'>Esc.</span> 
     </span>
     <span class='ocr_line' id='line_1_8' title="bbox 56 1909 1616 1991; baseline -0.003 -17"><span class='ocrx_word' id='word_1_37' title='bbox 56 1931 109 1990; x_wconf 83' lang='lat' dir='ltr'>p.</span> <span class='ocrx_word' id='word_1_38' title='bbox 134 1914 206 1970; x_wconf 82' lang='lat'>35</span> <span class='ocrx_word' id='word_1_39' title='bbox 231 1931 401 1991; x_wconf 87' lang='lat' dir='ltr'>seqq.</span> <span class='ocrx_word' id='word_1_40' title='bbox 418 1914 463 1991; x_wconf 87' lang='lat'>)‚</span> <span class='ocrx_word' id='word_1_41' title='bbox 493 1911 595 1971; x_wconf 85' lang='lat' dir='ltr'>sed</span> <span class='ocrx_word' id='word_1_42' title='bbox 618 1913 769 1972; x_wconf 88' lang='lat' dir='ltr'>alios</span> <span class='ocrx_word' id='word_1_43' title='bbox 788 1931 1025 1991; x_wconf 86' lang='lat' dir='ltr'>quoque</span> <span class='ocrx_word' id='word_1_44' title='bbox 1052 1911 1114 1972; x_wconf 89' lang='lat' dir='ltr'>in</span> <span class='ocrx_word' id='word_1_45' title='bbox 1148 1912 1283 1971; x_wconf 89' lang='lat' dir='ltr'>aliis</span> <span class='ocrx_word' id='word_1_46' title='bbox 1298 1909 1616 1970; x_wconf 89' lang='lat' dir='ltr'>bibliothe-</span> 
     </span>
     <span class='ocr_line' id='line_1_9' title="bbox 59 2004 1619 2088; baseline -0.001 -23"><span class='ocrx_word' id='word_1_47' title='bbox 59 2009 133 2066; x_wconf 81' lang='lat' dir='ltr'>cis</span> <span class='ocrx_word' id='word_1_48' title='bbox 154 2021 421 2088; x_wconf 82' lang='lat' dir='ltr'>repertos</span> <span class='ocrx_word' id='word_1_49' title='bbox 442 2008 701 2073; x_wconf 64' lang='lat' dir='ltr'>emussit</span> <span class='ocrx_word' id='word_1_50' title='bbox 723 2021 804 2084; x_wconf 84' lang='lat' dir='ltr'>et,</span> <span class='ocrx_word' id='word_1_51' title='bbox 836 2026 952 2086; x_wconf 89' lang='lat' dir='ltr'>qua</span> <span class='ocrx_word' id='word_1_52' title='bbox 971 2007 1139 2067; x_wconf 87' lang='lat' dir='ltr'>estin</span> <span class='ocrx_word' id='word_1_53' title='bbox 1160 2027 1254 2066; x_wconf 90' lang='lat' dir='ltr'>me</span> <span class='ocrx_word' id='word_1_54' title='bbox 1269 2004 1619 2065; x_wconf 85' lang='lat' dir='ltr'>benevolen-</span> 
     </span>
     <span class='ocr_line' id='line_1_10' title="bbox 56 2101 1619 2175; baseline -0.001 -13"><span class='ocrx_word' id='word_1_55' title='bbox 56 2104 159 2175; x_wconf 87' lang='lat' dir='ltr'>tia,</span> <span class='ocrx_word' id='word_1_56' title='bbox 194 2103 442 2162; x_wconf 77' lang='lat' dir='ltr'>schedas</span> <span class='ocrx_word' id='word_1_57' title='bbox 470 2121 695 2162; x_wconf 87' lang='lat' dir='ltr'>mecum</span> <span class='ocrx_word' id='word_1_58' title='bbox 736 2102 921 2163; x_wconf 88' lang='lat' dir='ltr'>amice</span> <span class='ocrx_word' id='word_1_59' title='bbox 946 2103 1425 2162; x_wconf 82' lang='lat' dir='ltr'><strong>communicavit.</strong></span> <span class='ocrx_word' id='word_1_60' title='bbox 1462 2101 1619 2172; x_wconf 90' lang='lat' dir='ltr'>Qua-</span> 
     </span>
     <span class='ocr_line' id='line_1_11' title="bbox 58 2198 1621 2278; baseline 0 -22"><span class='ocrx_word' id='word_1_61' title='bbox 58 2218 177 2256; x_wconf 85' lang='lat' dir='ltr'>rum</span> <span class='ocrx_word' id='word_1_62' title='bbox 220 2199 507 2278; x_wconf 78' lang='lat' dir='ltr'><strong>pleraque</strong></span> <span class='ocrx_word' id='word_1_63' title='bbox 550 2219 733 2277; x_wconf 86' lang='lat' dir='ltr'>quum</span> <span class='ocrx_word' id='word_1_64' title='bbox 781 2198 978 2278; x_wconf 89' lang='lat' dir='ltr'>primo</span> <span class='ocrx_word' id='word_1_65' title='bbox 1034 2211 1271 2278; x_wconf 85' lang='lat' dir='ltr'>aspectu</span> <span class='ocrx_word' id='word_1_66' title='bbox 1314 2210 1621 2277; x_wconf 86' lang='lat' dir='ltr'>appareret</span> 
     </span>
     <span class='ocr_line' id='line_1_12' title="bbox 52 2291 1618 2367; baseline 0.001 -17"><span class='ocrx_word' id='word_1_67' title='bbox 52 2293 229 2353; x_wconf 79' lang='lat' dir='ltr'>Philae</span> <span class='ocrx_word' id='word_1_68' title='bbox 256 2312 497 2353; x_wconf 88' lang='lat' dir='ltr'>manum</span> <span class='ocrx_word' id='word_1_69' title='bbox 527 2293 749 2354; x_wconf 78' lang='lat' dir='ltr'>referre</span> <span class='ocrx_word' id='word_1_70' title='bbox 765 2338 783 2367; x_wconf 90' lang='lat'>,</span> <span class='ocrx_word' id='word_1_71' title='bbox 815 2294 981 2354; x_wconf 89' lang='lat' dir='ltr'>nolui</span> <span class='ocrx_word' id='word_1_72' title='bbox 1007 2292 1359 2354; x_wconf 88' lang='lat' dir='ltr'>recensenda</span> <span class='ocrx_word' id='word_1_73' title='bbox 1383 2291 1618 2352; x_wconf 88' lang='lat' dir='ltr'>Werns·</span> 
     </span>
     <span class='ocr_line' id='line_1_13' title="bbox 52 2388 1617 2467; baseline 0.001 -21"><span class='ocrx_word' id='word_1_74' title='bbox 52 2389 320 2449; x_wconf 83' lang='lat' dir='ltr'>dorfiana</span> <span class='ocrx_word' id='word_1_75' title='bbox 350 2390 669 2463; x_wconf 75' lang='lat' dir='ltr'>varietate,</span> <span class='ocrx_word' id='word_1_76' title='bbox 714 2403 937 2449; x_wconf 85' lang='lat' dir='ltr'>tantum</span> <span class='ocrx_word' id='word_1_77' title='bbox 973 2409 1094 2449; x_wconf 88' lang='lat' dir='ltr'>non</span> <span class='ocrx_word' id='word_1_78' title='bbox 1122 2388 1346 2467; x_wconf 89' lang='lat' dir='ltr'>ubique</span> <span class='ocrx_word' id='word_1_79' title='bbox 1370 2389 1617 2461; x_wconf 85' lang='lat' dir='ltr'>vitiosa,</span> 
     </span>
     <span class='ocr_line' id='line_1_14' title="bbox 50 2485 1621 2566; baseline 0 -21"><span class='ocrx_word' id='word_1_80' title='bbox 50 2485 261 2547; x_wconf 75' lang='lat' dir='ltr'>bonam</span> <span class='ocrx_word' id='word_1_81' title='bbox 321 2487 577 2547; x_wconf 82' lang='lat' dir='ltr'>chartam</span> <span class='ocrx_word' id='word_1_82' title='bbox 615 2488 912 2547; x_wconf 78' lang='lat' dir='ltr'>inutiliter</span> <span class='ocrx_word' id='word_1_83' title='bbox 953 2506 1217 2547; x_wconf 89' lang='lat' dir='ltr'>onerare.</span> <span class='ocrx_word' id='word_1_84' title='bbox 1264 2486 1457 2546; x_wconf 86' lang='lat' dir='ltr'>Retuli</span> <span class='ocrx_word' id='word_1_85' title='bbox 1493 2507 1621 2566; x_wconf 76' lang='lat' dir='ltr'>qum</span> 
     </span>
     <span class='ocr_line' id='line_1_15' title="bbox 50 2582 1619 2662; baseline -0.001 -21"><span class='ocrx_word' id='word_1_86' title='bbox 50 2601 135 2641; x_wconf 83' lang='lat' dir='ltr'>res</span> <span class='ocrx_word' id='word_1_87' title='bbox 153 2582 532 2662; x_wconf 78' lang='lat' dir='ltr'>postulabat3</span> <span class='ocrx_word' id='word_1_88' title='bbox 574 2602 671 2642; x_wconf 88' lang='lat' dir='ltr'>me</span> <span class='ocrx_word' id='word_1_89' title='bbox 698 2584 906 2644; x_wconf 86' lang='lat' dir='ltr'>silente</span> <span class='ocrx_word' id='word_1_90' title='bbox 926 2627 943 2656; x_wconf 94' lang='lat'><strong><em>‚</em></strong></span> <span class='ocrx_word' id='word_1_91' title='bbox 975 2583 1242 2642; x_wconf 89' lang='lat' dir='ltr'>codicum</span> <span class='ocrx_word' id='word_1_92' title='bbox 1272 2582 1619 2661; x_wconf 78' lang='lat' dir='ltr'>scripturam</span> 
     </span>
     <span class='ocr_line' id='line_1_16' title="bbox 50 2678 1622 2756; baseline 0.001 -22"><span class='ocrx_word' id='word_1_93' title='bbox 50 2695 379 2756; x_wconf 71' lang='lat' dir='ltr'>expressam</span> <span class='ocrx_word' id='word_1_94' title='bbox 420 2697 547 2738; x_wconf 81' lang='lat' dir='ltr'>esse</span> <span class='ocrx_word' id='word_1_95' title='bbox 573 2678 745 2738; x_wconf 87' lang='lat' dir='ltr'>scito.</span> <span class='ocrx_word' id='word_1_96' title='bbox 773 2678 980 2738; x_wconf 88' lang='lat' dir='ltr'>Latina</span> <span class='ocrx_word' id='word_1_97' title='bbox 1000 2678 1261 2737; x_wconf 88' lang='lat' dir='ltr'>indicant</span> <span class='ocrx_word' id='word_1_98' title='bbox 1299 2697 1430 2756; x_wconf 80' lang='lat' dir='ltr'>quae</span> <span class='ocrx_word' id='word_1_99' title='bbox 1452 2678 1622 2737; x_wconf 89' lang='lat' dir='ltr'>aliter</span> 
     </span>
     <span class='ocr_line' id='line_1_17' title="bbox 50 2773 1115 2852; baseline 0.006 -23"><span class='ocrx_word' id='word_1_100' title='bbox 50 2786 217 2852; x_wconf 79' lang='lat' dir='ltr'>atque</span> <span class='ocrx_word' id='word_1_101' title='bbox 234 2773 671 2834; x_wconf 76' lang='lat' dir='ltr'>Werusdoriius</span> <span class='ocrx_word' id='word_1_102' title='bbox 697 2774 1115 2835; x_wconf 81' lang='lat' dir='ltr'>intellexerim.</span> 
     </span>
    </p>
   </div>
   <div class='ocr_carea' id='block_1_4' title="bbox 50 2962 1632 5269">
    <p class='ocr_par' dir='ltr' id='par_1_4' title="bbox 50 2962 1632 5269">
     <span class='ocr_line' id='line_1_18' title="bbox 118 2962 1621 3043; baseline 0 -21"><span class='ocrx_word' id='word_1_103' title='bbox 118 2964 221 3023; x_wconf 87' lang='lat' dir='ltr'>DE</span> <span class='ocrx_word' id='word_1_104' title='bbox 269 2962 747 3025; x_wconf 77' lang='lat' dir='ltr'>ELEPHANTE.</span> <span class='ocrx_word' id='word_1_105' title='bbox 798 2964 923 3023; x_wconf 84' lang='lat' dir='ltr'>Hoc</span> <span class='ocrx_word' id='word_1_106' title='bbox 957 2983 1165 3043; x_wconf 88' lang='lat' dir='ltr'>poema</span> <span class='ocrx_word' id='word_1_107' title='bbox 1202 2964 1465 3025; x_wconf 83' lang='lat' dir='ltr'>Millerus</span> <span class='ocrx_word' id='word_1_108' title='bbox 1490 2984 1621 3023; x_wconf 89' lang='lat' dir='ltr'>cum</span> 
     </span>
     <span class='ocr_line' id='line_1_19' title="bbox 50 3058 1621 3138; baseline 0 -19"><span class='ocrx_word' id='word_1_109' title='bbox 50 3074 329 3138; x_wconf 69' lang='lat' dir='ltr'>quattuor</span> <span class='ocrx_word' id='word_1_110' title='bbox 363 3058 668 3120; x_wconf 77' lang='lat' dir='ltr'>codicibus</span> <span class='ocrx_word' id='word_1_111' title='bbox 695 3060 973 3132; x_wconf 89' lang='lat' dir='ltr'>contulit,</span> <span class='ocrx_word' id='word_1_112' title='bbox 1014 3060 1117 3137; x_wconf 93' lang='lat' dir='ltr'>qui</span> <span class='ocrx_word' id='word_1_113' title='bbox 1164 3064 1535 3121; x_wconf 82' lang='lat' dir='ltr'>consentiunt</span> <span class='ocrx_word' id='word_1_114' title='bbox 1558 3060 1621 3119; x_wconf 89' lang='lat' dir='ltr'>in</span> 
     </span>
     <span class='ocr_line' id='line_1_20' title="bbox 50 3154 1626 3234; baseline 0.001 -20"><span class='ocrx_word' id='word_1_115' title='bbox 50 3157 353 3234; x_wconf 67' lang='lat' dir='ltr'>plurimis,</span> <span class='ocrx_word' id='word_1_116' title='bbox 381 3154 680 3215; x_wconf 87' lang='lat' dir='ltr'>dissensus</span> <span class='ocrx_word' id='word_1_117' title='bbox 718 3168 912 3214; x_wconf 83' lang='lat' dir='ltr'>autem</span> <span class='ocrx_word' id='word_1_118' title='bbox 953 3155 1136 3216; x_wconf 87' lang='lat' dir='ltr'>unius</span> <span class='ocrx_word' id='word_1_119' title='bbox 1183 3155 1499 3216; x_wconf 80' lang='lat' dir='ltr'>alteriusve</span> <span class='ocrx_word' id='word_1_120' title='bbox 1544 3156 1626 3216; x_wconf 89' lang='lat' dir='ltr'>ita</span> 
     </span>
     <span class='ocr_line' id='line_1_21' title="bbox 50 3250 1627 3331; baseline 0.002 -22"><span class='ocrx_word' id='word_1_121' title='bbox 50 3252 402 3330; x_wconf 62' lang='lat' dir='ltr'>plerumque</span> <span class='ocrx_word' id='word_1_122' title='bbox 457 3263 833 3331; x_wconf 86' lang='lat' dir='ltr'>comparatus</span> <span class='ocrx_word' id='word_1_123' title='bbox 872 3264 959 3310; x_wconf 86' lang='lat' dir='ltr'>est</span> <span class='ocrx_word' id='word_1_124' title='bbox 986 3264 1053 3310; x_wconf 93' lang='lat' dir='ltr'>ut</span> <span class='ocrx_word' id='word_1_125' title='bbox 1080 3250 1505 3311; x_wconf 82' lang='lat' dir='ltr'>dubitationem</span> <span class='ocrx_word' id='word_1_126' title='bbox 1555 3252 1627 3312; x_wconf 89' lang='lat' dir='ltr'>de</span> 
     </span>
     <span class='ocr_line' id='line_1_22' title="bbox 50 3342 1623 3430; baseline 0.002 -22"><span class='ocrx_word' id='word_1_127' title='bbox 50 3342 376 3411; x_wconf 59' lang='lat' dir='ltr'>merorum</span> <span class='ocrx_word' id='word_1_128' title='bbox 388 3349 682 3430; x_wconf 81' lang='lat' dir='ltr'>scriptura</span> <span class='ocrx_word' id='word_1_129' title='bbox 702 3368 823 3417; x_wconf 83' lang='lat' dir='ltr'>non</span> <span class='ocrx_word' id='word_1_130' title='bbox 852 3350 1042 3428; x_wconf 80' lang='lat' dir='ltr'>possit</span> <span class='ocrx_word' id='word_1_131' title='bbox 1058 3349 1292 3409; x_wconf 82' lang='lat' dir='ltr'>afferre.</span> <span class='ocrx_word' id='word_1_132' title='bbox 1328 3383 1407 3397; x_wconf 90' lang='lat'>—</span> <span class='ocrx_word' id='word_1_133' title='bbox 1425 3350 1524 3411; x_wconf 84' lang='lat' dir='ltr'>Vs.</span> <span class='ocrx_word' id='word_1_134' title='bbox 1548 3352 1623 3411; x_wconf 90' lang='grc'>25</span> 
     </span>
     <span class='ocr_line' id='line_1_23' title="bbox 50 3445 1623 3529; baseline 0.001 -22"><span class='ocrx_word' id='word_1_135' title='bbox 50 3449 169 3509; x_wconf 76' lang='lat' dir='ltr'>eod.</span> <span class='ocrx_word' id='word_1_136' title='bbox 187 3448 366 3509; x_wconf 80' lang='lat' dir='ltr'>Flor.</span> <span class='ocrx_word' id='word_1_137' title='bbox 393 3445 755 3528; x_wconf 70' lang='grc' dir='ltr'><strong>παρηγμένον.</strong></span> <span class='ocrx_word' id='word_1_138' title='bbox 774 3479 858 3491; x_wconf 92' lang='grc'><strong>-</strong></span> <span class='ocrx_word' id='word_1_139' title='bbox 882 3466 956 3521; x_wconf 80' lang='grc'>27</span> <span class='ocrx_word' id='word_1_140' title='bbox 978 3446 1245 3529; x_wconf 77' lang='grc' dir='ltr'><strong>μολοὸρίῳ</strong></span> <span class='ocrx_word' id='word_1_141' title='bbox 1263 3447 1496 3527; x_wconf 81' lang='lat' dir='ltr'>scripsi.</span> <span class='ocrx_word' id='word_1_142' title='bbox 1512 3448 1623 3509; x_wconf 83' lang='lat' dir='ltr'>Ed.</span> 
     </span>
     <span class='ocr_line' id='line_1_24' title="bbox 50 3524 1627 3625; baseline 0.002 -22"><span class='ocrx_word' id='word_1_143' title='bbox 50 3558 87 3603; x_wconf 56' lang='lat' dir='ltr'>a</span> <span class='ocrx_word' id='word_1_144' title='bbox 132 3546 325 3605; x_wconf 73' lang='lat' dir='ltr'>codd.</span> <span class='ocrx_word' id='word_1_145' title='bbox 377 3524 663 3625; x_wconf 57' lang='grc' dir='ltr'>βολοοριῴ,</span> <span class='ocrx_word' id='word_1_146' title='bbox 710 3542 869 3606; x_wconf 75' lang='lat' dir='ltr'>mor.</span> <span class='ocrx_word' id='word_1_147' title='bbox 918 3544 1195 3625; x_wconf 61' lang='grc' dir='ltr'><strong>βολεοριῳ.</strong></span> <span class='ocrx_word' id='word_1_148' title='bbox 1236 3578 1318 3592; x_wconf 90' lang='grc'><strong>-</strong></span> <span class='ocrx_word' id='word_1_149' title='bbox 1355 3553 1431 3615; x_wconf 71' lang='lat'>40</span> <span class='ocrx_word' id='word_1_150' title='bbox 1482 3544 1627 3613; x_wconf 66' lang='lat' dir='ltr'>nou&lt;</span> 
     </span>
     <span class='ocr_line' id='line_1_25' title="bbox 50 3640 1628 3723; baseline 0.001 -22"><span class='ocrx_word' id='word_1_151' title='bbox 50 3645 295 3723; x_wconf 72' lang='lat' dir='ltr'>¹cripsi3</span> <span class='ocrx_word' id='word_1_152' title='bbox 339 3642 496 3703; x_wconf 81' lang='lat' dir='ltr'>conf.</span> <span class='ocrx_word' id='word_1_153' title='bbox 541 3649 617 3711; x_wconf 92' lang='grc'>24</span> <span class='ocrx_word' id='word_1_154' title='bbox 645 3653 705 3701; x_wconf 90' lang='lat' dir='ltr'>et</span> <span class='ocrx_word' id='word_1_155' title='bbox 737 3642 869 3711; x_wconf 76' lang='lat'>134.</span> <span class='ocrx_word' id='word_1_156' title='bbox 896 3640 1007 3702; x_wconf 80' lang='lat' dir='ltr'>Ed.</span> <span class='ocrx_word' id='word_1_157' title='bbox 1050 3654 1110 3702; x_wconf 90' lang='lat' dir='ltr'>et</span> <span class='ocrx_word' id='word_1_158' title='bbox 1150 3642 1322 3704; x_wconf 87' lang='lat' dir='ltr'>codd.</span> <span class='ocrx_word' id='word_1_159' title='bbox 1351 3641 1515 3710; x_wconf 80' lang='grc' dir='ltr'><strong>ἔτους.</strong></span> <span class='ocrx_word' id='word_1_160' title='bbox 1546 3678 1628 3691; x_wconf 91' lang='lat'><em>-</em></span> 
     </span>
     <span class='ocr_line' id='line_1_26' title="bbox 50 3739 1626 3821; baseline 0.003 -24"><span class='ocrx_word' id='word_1_161' title='bbox 50 3740 103 3811; x_wconf 72' lang='lat'>34</span> <span class='ocrx_word' id='word_1_162' title='bbox 142 3742 375 3800; x_wconf 80' lang='lat' dir='ltr'>leviter</span> <span class='ocrx_word' id='word_1_163' title='bbox 399 3740 833 3799; x_wconf 82' lang='lat' dir='ltr'>Wernsdorfius</span> <span class='ocrx_word' id='word_1_164' title='bbox 880 3760 895 3799; x_wconf 74' lang='grc' dir='ltr'><strong><em>ε</em></strong></span> <span class='ocrx_word' id='word_1_165' title='bbox 933 3766 961 3793; x_wconf 74' lang='grc' dir='ltr'>ι</span> <span class='ocrx_word' id='word_1_166' title='bbox 1014 3739 1204 3800; x_wconf 90' lang='lat' dir='ltr'>Stulta</span> <span class='ocrx_word' id='word_1_167' title='bbox 1256 3742 1431 3801; x_wconf 90' lang='lat' dir='ltr'>lectio</span> <span class='ocrx_word' id='word_1_168' title='bbox 1458 3740 1626 3821; x_wconf 79' lang='grc' dir='ltr'>πυρά-</span> 
     </span>
     <span class='ocr_line' id='line_1_27' title="bbox 50 3835 1624 3918; baseline 0 -21"><span class='ocrx_word' id='word_1_169' title='bbox 50 3860 165 3915; x_wconf 58' lang='grc' dir='ltr'>γρας</span> <span class='ocrx_word' id='word_1_170' title='bbox 222 3835 447 3907; x_wconf 73' lang='grc' dir='ltr'><strong>ἀξύλου.</strong></span> <span class='ocrx_word' id='word_1_171' title='bbox 495 3836 736 3917; x_wconf 81' lang='lat' dir='ltr'>Repone</span> <span class='ocrx_word' id='word_1_172' title='bbox 764 3848 920 3896; x_wconf 86' lang='lat' dir='ltr'>certa</span> <span class='ocrx_word' id='word_1_173' title='bbox 968 3838 1375 3898; x_wconf 86' lang='lat' dir='ltr'>emendatione</span> <span class='ocrx_word' id='word_1_174' title='bbox 1403 3838 1591 3918; x_wconf 78' lang='grc' dir='ltr'><strong>ἀξύρου</strong></span> <span class='ocrx_word' id='word_1_175' title='bbox 1608 3883 1624 3911; x_wconf 95' lang='grc'><strong><em>,</em></strong></span> 
     </span>
     <span class='ocr_line' id='line_1_28' title="bbox 50 3932 1627 4016; baseline 0.002 -27"><span class='ocrx_word' id='word_1_176' title='bbox 50 3933 366 4011; x_wconf 65' lang='lat' dir='ltr'>oesoreipe</span> <span class='ocrx_word' id='word_1_177' title='bbox 380 3946 565 3991; x_wconf 75' lang='lat' dir='ltr'>rem-ra</span> <span class='ocrx_word' id='word_1_178' title='bbox 581 3946 641 3991; x_wconf 81' lang='lat' dir='ltr'>et</span> <span class='ocrx_word' id='word_1_179' title='bbox 654 3933 871 3994; x_wconf 75' lang='lat' dir='ltr'>hebeoe.</span> <span class='ocrx_word' id='word_1_180' title='bbox 900 3959 927 3987; x_wconf 72' lang='grc' dir='ltr'><strong>ι</strong></span> <span class='ocrx_word' id='word_1_181' title='bbox 963 3932 1251 3993; x_wconf 83' lang='lat' dir='ltr'>Videntur</span> <span class='ocrx_word' id='word_1_182' title='bbox 1279 3936 1436 3993; x_wconf 92' lang='lat' dir='ltr'>enim</span> <span class='ocrx_word' id='word_1_183' title='bbox 1457 3932 1627 4016; x_wconf 78' lang='grc' dir='ltr'>πυρά-</span> 
     </span>
     <span class='ocr_line' id='line_1_29' title="bbox 50 4030 1631 4117; baseline -0.003 -23"><span class='ocrx_word' id='word_1_184' title='bbox 50 4058 149 4117; x_wconf 81' lang='grc' dir='ltr'>·ραι</span> <span class='ocrx_word' id='word_1_185' title='bbox 178 4033 501 4094; x_wconf 72' lang='lat' dir='ltr'>fabrorum</span> <span class='ocrx_word' id='word_1_186' title='bbox 522 4046 583 4092; x_wconf 89' lang='lat' dir='ltr'>et</span> <span class='ocrx_word' id='word_1_187' title='bbox 607 4052 929 4111; x_wconf 88' lang='lat' dir='ltr'>coquorum</span> <span class='ocrx_word' id='word_1_188' title='bbox 957 4030 1172 4108; x_wconf 79' lang='lat' dir='ltr'>ligneis</span> <span class='ocrx_word' id='word_1_189' title='bbox 1196 4030 1523 4090; x_wconf 86' lang='lat' dir='ltr'>manubriis</span> <span class='ocrx_word' id='word_1_190' title='bbox 1546 4032 1631 4091; x_wconf 90' lang='lat' dir='ltr'>in-</span> 
     </span>
     <span class='ocr_line' id='line_1_30' title="bbox 51 4126 1627 4204; baseline -0.001 -15"><span class='ocrx_word' id='word_1_191' title='bbox 51 4144 283 4189; x_wconf 78' lang='lat' dir='ltr'>tructae</span> <span class='ocrx_word' id='word_1_192' title='bbox 318 4128 497 4187; x_wconf 83' lang='lat' dir='ltr'>fuisse</span> <span class='ocrx_word' id='word_1_193' title='bbox 514 4171 533 4199; x_wconf 86' lang='lat'><strong>,</strong></span> <span class='ocrx_word' id='word_1_194' title='bbox 555 4144 631 4187; x_wconf 87' lang='lat' dir='ltr'>ne</span> <span class='ocrx_word' id='word_1_195' title='bbox 656 4128 832 4204; x_wconf 75' lang='lat' dir='ltr'>digiti</span> <span class='ocrx_word' id='word_1_196' title='bbox 860 4139 1193 4200; x_wconf 85' lang='lat' dir='ltr'>urerentur,</span> <span class='ocrx_word' id='word_1_197' title='bbox 1229 4126 1489 4185; x_wconf 79' lang='lat' dir='ltr'>volsellae</span> <span class='ocrx_word' id='word_1_198' title='bbox 1520 4148 1627 4187; x_wconf 86' lang='lat' dir='ltr'>au-</span> 
     </span>
     <span class='ocr_line' id='line_1_31' title="bbox 50 4220 1631 4303; baseline -0.001 -20"><span class='ocrx_word' id='word_1_199' title='bbox 50 4246 139 4285; x_wconf 84' lang='lat' dir='ltr'>em</span> <span class='ocrx_word' id='word_1_200' title='bbox 157 4273 177 4299; x_wconf 72' lang='lat'>,</span> <span class='ocrx_word' id='word_1_201' title='bbox 214 4238 297 4283; x_wconf 87' lang='lat' dir='ltr'>ut</span> <span class='ocrx_word' id='word_1_202' title='bbox 318 4223 473 4303; x_wconf 87' lang='lat' dir='ltr'>apud</span> <span class='ocrx_word' id='word_1_203' title='bbox 496 4241 637 4295; x_wconf 84' lang='lat' dir='ltr'>nos,</span> <span class='ocrx_word' id='word_1_204' title='bbox 668 4221 872 4282; x_wconf 75' lang='lat' dir='ltr'>ferreae</span> <span class='ocrx_word' id='word_1_205' title='bbox 892 4234 1029 4281; x_wconf 80' lang='lat' dir='ltr'>totae</span> <span class='ocrx_word' id='word_1_206' title='bbox 1062 4234 1123 4280; x_wconf 87' lang='lat' dir='ltr'>et</span> <span class='ocrx_word' id='word_1_207' title='bbox 1142 4220 1343 4290; x_wconf 80' lang='grc' dir='ltr'><strong>ἄξυλοι.</strong></span> <span class='ocrx_word' id='word_1_208' title='bbox 1368 4256 1449 4268; x_wconf 95' lang='lat'>—</span> <span class='ocrx_word' id='word_1_209' title='bbox 1478 4223 1547 4280; x_wconf 83' lang='lat'>81</span> <span class='ocrx_word' id='word_1_210' title='bbox 1582 4222 1631 4282; x_wconf 77' lang='grc' dir='ltr'>οἳ</span> 
     </span>
     <span class='ocr_line' id='line_1_32' title="bbox 50 4316 1629 4396; baseline -0.003 -15"><span class='ocrx_word' id='word_1_211' title='bbox 50 4324 282 4383; x_wconf 78' lang='lat' dir='ltr'>udices</span> <span class='ocrx_word' id='word_1_212' title='bbox 343 4338 669 4393; x_wconf 77' lang='lat' dir='ltr'>consensu3</span> <span class='ocrx_word' id='word_1_213' title='bbox 717 4319 1130 4396; x_wconf 75' lang='lat' dir='ltr'>intelliguntur</span> <span class='ocrx_word' id='word_1_214' title='bbox 1174 4316 1406 4389; x_wconf 81' lang='grc' dir='ltr'>ὀδόντες,</span> <span class='ocrx_word' id='word_1_215' title='bbox 1456 4330 1521 4376; x_wconf 87' lang='lat' dir='ltr'>ut</span> <span class='ocrx_word' id='word_1_216' title='bbox 1564 4318 1629 4377; x_wconf 92' lang='lat' dir='ltr'>in</span> 
     </span>
     <span class='ocr_line' id='line_1_33' title="bbox 50 4411 1629 4496; baseline -0.005 -17"><span class='ocrx_word' id='word_1_217' title='bbox 50 4418 320 4479; x_wconf 72' lang='lat' dir='ltr'>&#39;aficani</span> <span class='ocrx_word' id='word_1_218' title='bbox 347 4414 587 4476; x_wconf 80' lang='lat' dir='ltr'>rubrica</span> <span class='ocrx_word' id='word_1_219' title='bbox 618 4413 741 4496; x_wconf 74' lang='grc' dir='ltr'>περὶ</span> <span class='ocrx_word' id='word_1_220' title='bbox 779 4416 885 4474; x_wconf 78' lang='grc' dir='ltr'>τῶν</span> <span class='ocrx_word' id='word_1_221' title='bbox 914 4411 1146 4495; x_wconf 75' lang='grc' dir='ltr'>κεράτων</span> <span class='ocrx_word' id='word_1_222' title='bbox 1173 4412 1210 4484; x_wconf 81' lang='grc' dir='ltr'>ἢ</span> <span class='ocrx_word' id='word_1_223' title='bbox 1252 4412 1474 4472; x_wconf 81' lang='grc' dir='ltr'>ὀδόντων</span> <span class='ocrx_word' id='word_1_224' title='bbox 1502 4412 1629 4472; x_wconf 78' lang='grc' dir='ltr'>τού-</span> 
     </span>
     <span class='ocr_line' id='line_1_34' title="bbox 51 4508 1631 4591; baseline -0.005 -14"><span class='ocrx_word' id='word_1_225' title='bbox 51 4539 145 4581; x_wconf 79' lang='grc' dir='ltr'><strong>ου.</strong></span> <span class='ocrx_word' id='word_1_226' title='bbox 176 4516 314 4576; x_wconf 84' lang='lat' dir='ltr'>Ed.</span> <span class='ocrx_word' id='word_1_227' title='bbox 336 4512 391 4573; x_wconf 74' lang='grc' dir='ltr'><strong>ἅ.</strong></span> <span class='ocrx_word' id='word_1_228' title='bbox 414 4543 495 4559; x_wconf 92' lang='grc'>-</span> <span class='ocrx_word' id='word_1_229' title='bbox 523 4533 601 4591; x_wconf 77' lang='grc'>92</span> <span class='ocrx_word' id='word_1_230' title='bbox 630 4511 717 4572; x_wconf 84' lang='lat' dir='ltr'>sic</span> <span class='ocrx_word' id='word_1_231' title='bbox 748 4511 922 4572; x_wconf 83' lang='lat' dir='ltr'>codd.</span> <span class='ocrx_word' id='word_1_232' title='bbox 956 4511 1067 4573; x_wconf 85' lang='lat' dir='ltr'>Ed.</span> <span class='ocrx_word' id='word_1_233' title='bbox 1112 4508 1315 4577; x_wconf 81' lang='grc' dir='ltr'>ὀδόντος</span> <span class='ocrx_word' id='word_1_234' title='bbox 1337 4509 1373 4583; x_wconf 77' lang='grc' dir='ltr'><strong>ἦ</strong></span> <span class='ocrx_word' id='word_1_235' title='bbox 1415 4510 1631 4591; x_wconf 79' lang='grc' dir='ltr'><strong>κέρατος</strong></span> 
     </span>
     <span class='ocr_line' id='line_1_35' title="bbox 50 4606 1628 4693; baseline -0.006 -20"><span class='ocrx_word' id='word_1_236' title='bbox 50 4636 197 4693; x_wconf 70' lang='lat' dir='ltr'>noc,</span> <span class='ocrx_word' id='word_1_237' title='bbox 215 4610 341 4672; x_wconf 65' lang='lat' dir='ltr'>aad</span> <span class='ocrx_word' id='word_1_238' title='bbox 363 4610 429 4668; x_wconf 88' lang='lat' dir='ltr'>in</span> <span class='ocrx_word' id='word_1_239' title='bbox 448 4622 585 4668; x_wconf 85' lang='lat' dir='ltr'>nota</span> <span class='ocrx_word' id='word_1_240' title='bbox 608 4629 624 4667; x_wconf 71' lang='grc' dir='ltr'><strong>ι</strong></span> <span class='ocrx_word' id='word_1_241' title='bbox 652 4634 679 4663; x_wconf 71' lang='grc' dir='ltr'>α</span> <span class='ocrx_word' id='word_1_242' title='bbox 711 4607 875 4669; x_wconf 84' lang='lat' dir='ltr'>adest</span> <span class='ocrx_word' id='word_1_243' title='bbox 902 4608 1100 4668; x_wconf 88' lang='lat' dir='ltr'>mendi</span> <span class='ocrx_word' id='word_1_244' title='bbox 1120 4608 1403 4686; x_wconf 90' lang='lat' dir='ltr'>suspicio.</span> <span class='ocrx_word' id='word_1_245' title='bbox 1432 4633 1457 4659; x_wconf 74' lang='grc' dir='ltr'>ι»</span> <span class='ocrx_word' id='word_1_246' title='bbox 1486 4606 1628 4666; x_wconf 89' lang='lat' dir='ltr'>Post</span> 
     </span>
     <span class='ocr_line' id='line_1_36' title="bbox 50 4704 1629 4785; baseline -0.007 -12"><span class='ocrx_word' id='word_1_247' title='bbox 50 4732 183 4773; x_wconf 86' lang='lat' dir='ltr'>unc</span> <span class='ocrx_word' id='word_1_248' title='bbox 214 4726 479 4767; x_wconf 78' lang='lat' dir='ltr'>versum</span> <span class='ocrx_word' id='word_1_249' title='bbox 501 4706 716 4785; x_wconf 88' lang='lat' dir='ltr'>incipit</span> <span class='ocrx_word' id='word_1_250' title='bbox 736 4706 868 4766; x_wconf 89' lang='lat' dir='ltr'>cod.</span> <span class='ocrx_word' id='word_1_251' title='bbox 899 4704 1343 4766; x_wconf 67' lang='lat' dir='ltr'>Fscorialensis.</span> <span class='ocrx_word' id='word_1_252' title='bbox 1389 4738 1472 4751; x_wconf 89' lang='lat'><strong>—</strong></span> <span class='ocrx_word' id='word_1_253' title='bbox 1520 4725 1629 4764; x_wconf 79' lang='lat' dir='ltr'>xoo</span> 
     </span>
     <span class='ocr_line' id='line_1_37' title="bbox 50 4801 1629 4883; baseline -0.004 -16"><span class='ocrx_word' id='word_1_254' title='bbox 50 4810 224 4867; x_wconf 66' lang='lat'>1261</span> <span class='ocrx_word' id='word_1_255' title='bbox 254 4801 425 4862; x_wconf 76' lang='grc' dir='ltr'>δ’λκον</span> <span class='ocrx_word' id='word_1_256' title='bbox 446 4802 591 4881; x_wconf 86' lang='lat' dir='ltr'>(hoc</span> <span class='ocrx_word' id='word_1_257' title='bbox 608 4801 881 4883; x_wconf 85' lang='lat' dir='ltr'>accentu)</span> <span class='ocrx_word' id='word_1_258' title='bbox 899 4801 1087 4862; x_wconf 90' lang='lat' dir='ltr'>editio</span> <span class='ocrx_word' id='word_1_259' title='bbox 1113 4802 1241 4862; x_wconf 87' lang='lat' dir='ltr'>sine</span> <span class='ocrx_word' id='word_1_260' title='bbox 1266 4801 1546 4860; x_wconf 80' lang='lat' dir='ltr'>varietate</span> <span class='ocrx_word' id='word_1_261' title='bbox 1567 4802 1629 4860; x_wconf 94' lang='lat' dir='ltr'>in</span> 
     </span>
     <span class='ocr_line' id='line_1_38' title="bbox 50 4899 1631 4979; baseline -0.003 -16"><span class='ocrx_word' id='word_1_262' title='bbox 50 4900 409 4965; x_wconf 76' lang='lat' dir='ltr'>lillerianis</span> <span class='ocrx_word' id='word_1_263' title='bbox 451 4911 766 4972; x_wconf 79' lang='lat' dir='ltr'>annotata3</span> <span class='ocrx_word' id='word_1_264' title='bbox 817 4900 955 4959; x_wconf 89' lang='lat' dir='ltr'>item</span> <span class='ocrx_word' id='word_1_265' title='bbox 992 4900 1080 4958; x_wconf 87' lang='lat' dir='ltr'>De</span> <span class='ocrx_word' id='word_1_266' title='bbox 1128 4899 1345 4979; x_wconf 84' lang='lat' dir='ltr'>plantis</span> <span class='ocrx_word' id='word_1_267' title='bbox 1380 4899 1516 4959; x_wconf 97' lang='grc'><strong>250.</strong></span> <span class='ocrx_word' id='word_1_268' title='bbox 1550 4932 1631 4944; x_wconf 95' lang='lat'>—</span> 
     </span>
     <span class='ocr_line' id='line_1_39' title="bbox 50 4995 1632 5076; baseline -0.001 -18"><span class='ocrx_word' id='word_1_269' title='bbox 50 5006 129 5076; x_wconf 81' lang='lat'>37</span> <span class='ocrx_word' id='word_1_270' title='bbox 154 4998 421 5069; x_wconf 73' lang='grc' dir='ltr'>πέτηλον</span> <span class='ocrx_word' id='word_1_271' title='bbox 450 4995 680 5055; x_wconf 88' lang='lat' dir='ltr'>codices</span> <span class='ocrx_word' id='word_1_272' title='bbox 704 5014 1014 5055; x_wconf 86' lang='lat' dir='ltr'>consensu.</span> <span class='ocrx_word' id='word_1_273' title='bbox 1040 5027 1123 5041; x_wconf 91' lang='lat'><strong>—</strong></span> <span class='ocrx_word' id='word_1_274' title='bbox 1149 4996 1258 5054; x_wconf 86' lang='lat'>156</span> <span class='ocrx_word' id='word_1_275' title='bbox 1281 4995 1632 5075; x_wconf 86' lang='lat' dir='ltr'>probabilis-</span> 
     </span>
     <span class='ocr_line' id='line_1_40' title="bbox 50 5089 1627 5173; baseline -0.006 -13"><span class='ocrx_word' id='word_1_276' title='bbox 50 5102 175 5159; x_wconf 80' lang='lat' dir='ltr'>ima</span> <span class='ocrx_word' id='word_1_277' title='bbox 202 5110 371 5155; x_wconf 73' lang='lat' dir='ltr'>sane</span> <span class='ocrx_word' id='word_1_278' title='bbox 410 5103 498 5151; x_wconf 84' lang='lat' dir='ltr'>est</span> <span class='ocrx_word' id='word_1_279' title='bbox 533 5090 862 5150; x_wconf 87' lang='lat' dir='ltr'>emendatio</span> <span class='ocrx_word' id='word_1_280' title='bbox 893 5089 1279 5150; x_wconf 86' lang='lat' dir='ltr'>Wernsdorfii</span> <span class='ocrx_word' id='word_1_281' title='bbox 1321 5092 1392 5150; x_wconf 81' lang='grc' dir='ltr'>οὗ</span> <span class='ocrx_word' id='word_1_282' title='bbox 1410 5090 1591 5173; x_wconf 78' lang='grc' dir='ltr'><strong>κέρκος</strong></span> <span class='ocrx_word' id='word_1_283' title='bbox 1610 5136 1627 5166; x_wconf 89' lang='grc'><em>,</em></span> 
     </span>
     <span class='ocr_line' id='line_1_41' title="bbox 50 5186 1632 5269; baseline -0.008 -11"><span class='ocrx_word' id='word_1_284' title='bbox 50 5198 121 5258; x_wconf 80' lang='lat' dir='ltr'>ed</span> <span class='ocrx_word' id='word_1_285' title='bbox 172 5211 333 5255; x_wconf 84' lang='lat' dir='ltr'>non</span> <span class='ocrx_word' id='word_1_286' title='bbox 370 5190 564 5269; x_wconf 84' lang='lat' dir='ltr'>recepi</span> <span class='ocrx_word' id='word_1_287' title='bbox 602 5208 779 5249; x_wconf 83' lang='lat' dir='ltr'>:nam</span> <span class='ocrx_word' id='word_1_288' title='bbox 828 5208 977 5269; x_wconf 86' lang='lat' dir='ltr'>quos</span> <span class='ocrx_word' id='word_1_289' title='bbox 1018 5187 1145 5247; x_wconf 81' lang='lat' dir='ltr'>vidi</span> <span class='ocrx_word' id='word_1_290' title='bbox 1193 5186 1390 5246; x_wconf 86' lang='lat' dir='ltr'>caudae</span> <span class='ocrx_word' id='word_1_291' title='bbox 1429 5200 1632 5246; x_wconf 80' lang='lat' dir='ltr'>erectae</span> 
     </span>
    </p>
   </div>
   <div class='ocr_carea' id='block_1_5' title="bbox 1706 1429 3326 3427">
    <p class='ocr_par' dir='ltr' id='par_1_5' title="bbox 1706 1429 3326 3427">
     <span class='ocr_line' id='line_1_42' title="bbox 1706 1429 3274 1512; baseline 0.004 -25"><span class='ocrx_word' id='word_1_292' title='bbox 1706 1440 1900 1488; x_wconf 91' lang='lat' dir='ltr'>motus</span> <span class='ocrx_word' id='word_1_293' title='bbox 1941 1429 2004 1488; x_wconf 91' lang='lat' dir='ltr'>in</span> <span class='ocrx_word' id='word_1_294' title='bbox 2051 1429 2361 1509; x_wconf 86' lang='lat' dir='ltr'>elephanto</span> <span class='ocrx_word' id='word_1_295' title='bbox 2407 1443 2676 1490; x_wconf 88' lang='lat' dir='ltr'>currente</span> <span class='ocrx_word' id='word_1_296' title='bbox 2716 1431 2967 1510; x_wconf 84' lang='lat' dir='ltr'>speciem</span> <span class='ocrx_word' id='word_1_297' title='bbox 3011 1431 3274 1512; x_wconf 65' lang='lat' dir='ltr'>prebent</span> 
     </span>
     <span class='ocr_line' id='line_1_43' title="bbox 1707 1523 3276 1606; baseline 0.003 -24"><span class='ocrx_word' id='word_1_298' title='bbox 1707 1523 2070 1603; x_wconf 85' lang='lat' dir='ltr'>flagellandis</span> <span class='ocrx_word' id='word_1_299' title='bbox 2109 1525 2288 1602; x_wconf 83' lang='lat' dir='ltr'>tergis</span> <span class='ocrx_word' id='word_1_300' title='bbox 2331 1528 2678 1585; x_wconf 85' lang='lat' dir='ltr'>concitantis</span> <span class='ocrx_word' id='word_1_301' title='bbox 2706 1545 2831 1586; x_wconf 89' lang='lat' dir='ltr'>sese</span> <span class='ocrx_word' id='word_1_302' title='bbox 2867 1526 3112 1600; x_wconf 80' lang='lat' dir='ltr'>belluae3</span> <span class='ocrx_word' id='word_1_303' title='bbox 3157 1548 3276 1606; x_wconf 90' lang='lat' dir='ltr'>quo</span> 
     </span>
     <span class='ocr_line' id='line_1_44' title="bbox 1707 1621 3278 1702; baseline 0.004 -22"><span class='ocrx_word' id='word_1_304' title='bbox 1707 1622 2030 1700; x_wconf 85' lang='lat' dir='ltr'>respexerit</span> <span class='ocrx_word' id='word_1_305' title='bbox 2041 1621 2234 1682; x_wconf 88' lang='lat' dir='ltr'>Phile.</span> <span class='ocrx_word' id='word_1_306' title='bbox 2259 1655 2342 1669; x_wconf 94' lang='lat'>—</span> <span class='ocrx_word' id='word_1_307' title='bbox 2372 1643 2484 1700; x_wconf 85' lang='lat'>179</span> <span class='ocrx_word' id='word_1_308' title='bbox 2507 1621 2604 1694; x_wconf 76' lang='grc' dir='ltr'>τὴν</span> <span class='ocrx_word' id='word_1_309' title='bbox 2627 1623 2816 1702; x_wconf 75' lang='grc' dir='ltr'>ἀγρίαν</span> <span class='ocrx_word' id='word_1_310' title='bbox 2838 1623 2970 1683; x_wconf 82' lang='lat' dir='ltr'>Esc.</span> <span class='ocrx_word' id='word_1_311' title='bbox 2996 1625 3179 1687; x_wconf 88' lang='lat' dir='ltr'>solus.</span> <span class='ocrx_word' id='word_1_312' title='bbox 3197 1657 3278 1670; x_wconf 93' lang='lat'>—</span> 
     </span>
     <span class='ocr_line' id='line_1_45' title="bbox 1713 1717 3274 1798; baseline 0.002 -21"><span class='ocrx_word' id='word_1_313' title='bbox 1713 1735 1824 1796; x_wconf 85' lang='lat'>190</span> <span class='ocrx_word' id='word_1_314' title='bbox 1847 1737 2010 1796; x_wconf 85' lang='lat' dir='ltr'>seqq.</span> <span class='ocrx_word' id='word_1_315' title='bbox 2029 1718 2346 1798; x_wconf 88' lang='lat' dir='ltr'>respicitur</span> <span class='ocrx_word' id='word_1_316' title='bbox 2368 1717 2439 1777; x_wconf 87' lang='lat' dir='ltr'>ad</span> <span class='ocrx_word' id='word_1_317' title='bbox 2456 1717 2664 1783; x_wconf 84' lang='lat' dir='ltr'>AElian.</span> <span class='ocrx_word' id='word_1_318' title='bbox 2693 1718 2825 1798; x_wconf 82' lang='lat' dir='ltr'>Vll,</span> <span class='ocrx_word' id='word_1_319' title='bbox 2844 1721 2916 1791; x_wconf 86' lang='grc'>43</span> <span class='ocrx_word' id='word_1_320' title='bbox 2935 1721 3074 1783; x_wconf 86' lang='lat' dir='ltr'>con.</span> <span class='ocrx_word' id='word_1_321' title='bbox 3101 1721 3152 1793; x_wconf 90' lang='grc' dir='ltr'>Ι,</span> <span class='ocrx_word' id='word_1_322' title='bbox 3177 1721 3274 1780; x_wconf 87' lang='grc'><strong>38.</strong></span> 
     </span>
     <span class='ocr_line' id='line_1_46' title="bbox 1707 1812 3326 1898; baseline 0.001 -27"><span class='ocrx_word' id='word_1_323' title='bbox 1707 1847 1785 1860; x_wconf 92' lang='lat'>--</span> <span class='ocrx_word' id='word_1_324' title='bbox 1816 1835 1923 1890; x_wconf 89' lang='lat'>197</span> <span class='ocrx_word' id='word_1_325' title='bbox 1952 1812 2191 1894; x_wconf 78' lang='grc' dir='ltr'><strong>τεχνίτου</strong></span> <span class='ocrx_word' id='word_1_326' title='bbox 2213 1812 2477 1896; x_wconf 73' lang='grc' dir='ltr'>σκάρυφον</span> <span class='ocrx_word' id='word_1_327' title='bbox 2523 1814 2720 1889; x_wconf 66' lang='lat' dir='ltr'>codd„</span> <span class='ocrx_word' id='word_1_328' title='bbox 2757 1815 2992 1896; x_wconf 77' lang='grc' dir='ltr'><strong>τεχνίτου</strong></span> <span class='ocrx_word' id='word_1_329' title='bbox 3035 1815 3275 1898; x_wconf 77' lang='grc' dir='ltr'>πᾶρυιρον</span> <span class='ocrx_word' id='word_1_330' title='bbox 3321 1869 3326 1872; x_wconf 89' lang='grc'><strong>.</strong></span> 
     </span>
     <span class='ocr_line' id='line_1_47' title="bbox 1707 1907 3276 1992; baseline 0.001 -23"><span class='ocrx_word' id='word_1_331' title='bbox 1707 1909 1800 1971; x_wconf 90' lang='lat' dir='ltr'>ed.</span> <span class='ocrx_word' id='word_1_332' title='bbox 1828 1907 2242 1988; x_wconf 85' lang='lat' dir='ltr'>Conjecturam</span> <span class='ocrx_word' id='word_1_333' title='bbox 2269 1909 2657 1970; x_wconf 84' lang='lat' dir='ltr'>Wernsdorfli</span> <span class='ocrx_word' id='word_1_334' title='bbox 2704 1911 2942 1992; x_wconf 77' lang='grc' dir='ltr'>τεχνίτης</span> <span class='ocrx_word' id='word_1_335' title='bbox 2970 1912 3276 1992; x_wconf 79' lang='lat' dir='ltr'>recipien-</span> 
     </span>
     <span class='ocr_line' id='line_1_48' title="bbox 1709 2005 3278 2086; baseline 0.001 -20"><span class='ocrx_word' id='word_1_336' title='bbox 1709 2007 1839 2066; x_wconf 87' lang='lat' dir='ltr'>dam</span> <span class='ocrx_word' id='word_1_337' title='bbox 1856 2025 1983 2066; x_wconf 87' lang='lat' dir='ltr'>esse</span> <span class='ocrx_word' id='word_1_338' title='bbox 2004 2007 2234 2086; x_wconf 85' lang='lat' dir='ltr'>putavi.</span> <span class='ocrx_word' id='word_1_339' title='bbox 2257 2005 2420 2065; x_wconf 88' lang='lat' dir='ltr'>Idem</span> <span class='ocrx_word' id='word_1_340' title='bbox 2439 2019 2593 2066; x_wconf 89' lang='lat' dir='ltr'>recte</span> <span class='ocrx_word' id='word_1_341' title='bbox 2608 2009 2867 2067; x_wconf 88' lang='lat' dir='ltr'>correxit</span> <span class='ocrx_word' id='word_1_342' title='bbox 2879 2027 3119 2076; x_wconf 80' lang='lat' dir='ltr'>versum</span> <span class='ocrx_word' id='word_1_343' title='bbox 3141 2019 3278 2082; x_wconf 78' lang='grc'><strong>204,</strong></span> 
     </span>
     <span class='ocr_line' id='line_1_49' title="bbox 1709 2103 3279 2184; baseline 0.003 -22"><span class='ocrx_word' id='word_1_344' title='bbox 1709 2103 1815 2162; x_wconf 90' lang='lat' dir='ltr'>ubi</span> <span class='ocrx_word' id='word_1_345' title='bbox 1831 2122 2038 2164; x_wconf 85' lang='lat' dir='ltr'>omnes</span> <span class='ocrx_word' id='word_1_346' title='bbox 2050 2104 2396 2184; x_wconf 78' lang='grc' dir='ltr'>χοροστάτης.</span> <span class='ocrx_word' id='word_1_347' title='bbox 2411 2105 2616 2163; x_wconf 88' lang='grc'><strong>-205</strong></span> <span class='ocrx_word' id='word_1_348' title='bbox 2640 2105 2869 2183; x_wconf 76' lang='grc' dir='ltr'><strong>ἐμόολῆς</strong></span> <span class='ocrx_word' id='word_1_349' title='bbox 2896 2106 3067 2166; x_wconf 89' lang='lat' dir='ltr'>codd.</span> <span class='ocrx_word' id='word_1_350' title='bbox 3087 2121 3144 2166; x_wconf 90' lang='lat' dir='ltr'>et</span> <span class='ocrx_word' id='word_1_351' title='bbox 3157 2108 3279 2183; x_wconf 89' lang='lat' dir='ltr'>ed.;</span> 
     </span>
     <span class='ocr_line' id='line_1_50' title="bbox 1710 2201 3284 2282; baseline 0.004 -22"><span class='ocrx_word' id='word_1_352' title='bbox 1710 2201 1867 2282; x_wconf 88' lang='lat' dir='ltr'>quod</span> <span class='ocrx_word' id='word_1_353' title='bbox 1889 2201 2033 2280; x_wconf 90' lang='lat' dir='ltr'>quid</span> <span class='ocrx_word' id='word_1_354' title='bbox 2060 2203 2167 2276; x_wconf 89' lang='lat' dir='ltr'>sit,</span> <span class='ocrx_word' id='word_1_355' title='bbox 2196 2222 2328 2261; x_wconf 90' lang='lat' dir='ltr'>cum</span> <span class='ocrx_word' id='word_1_356' title='bbox 2351 2203 2486 2262; x_wconf 89' lang='lat' dir='ltr'>aliis</span> <span class='ocrx_word' id='word_1_357' title='bbox 2503 2203 2740 2280; x_wconf 84' lang='lat' dir='ltr'>ignoro.</span> <span class='ocrx_word' id='word_1_358' title='bbox 2761 2203 2906 2264; x_wconf 90' lang='lat' dir='ltr'>Post</span> <span class='ocrx_word' id='word_1_359' title='bbox 2934 2206 3050 2264; x_wconf 90' lang='grc' dir='ltr'>2ι6</span> <span class='ocrx_word' id='word_1_360' title='bbox 3080 2225 3284 2266; x_wconf 83' lang='lat' dir='ltr'>versus</span> 
     </span>
     <span class='ocr_line' id='line_1_51' title="bbox 1712 2297 3282 2368; baseline 0.003 -11"><span class='ocrx_word' id='word_1_361' title='bbox 1712 2298 1956 2357; x_wconf 87' lang='lat' dir='ltr'>accessit</span> <span class='ocrx_word' id='word_1_362' title='bbox 1999 2317 2073 2357; x_wconf 86' lang='lat' dir='ltr'>ex</span> <span class='ocrx_word' id='word_1_363' title='bbox 2100 2297 2271 2357; x_wconf 90' lang='lat' dir='ltr'>codd.</span> <span class='ocrx_word' id='word_1_364' title='bbox 2306 2333 2378 2343; x_wconf 97' lang='lat'>—</span> <span class='ocrx_word' id='word_1_365' title='bbox 2414 2307 2529 2368; x_wconf 88' lang='grc'>240</span> <span class='ocrx_word' id='word_1_366' title='bbox 2561 2299 2654 2368; x_wconf 78' lang='grc' dir='ltr'>τὰς</span> <span class='ocrx_word' id='word_1_367' title='bbox 2688 2299 2847 2367; x_wconf 79' lang='grc' dir='ltr'>κύνας</span> <span class='ocrx_word' id='word_1_368' title='bbox 2887 2299 3046 2363; x_wconf 81' lang='lat' dir='ltr'>Flor.</span> <span class='ocrx_word' id='word_1_369' title='bbox 3079 2314 3138 2360; x_wconf 91' lang='lat' dir='ltr'>et</span> <span class='ocrx_word' id='word_1_370' title='bbox 3159 2301 3282 2361; x_wconf 83' lang='lat' dir='ltr'>Vat.</span> 
     </span>
     <span class='ocr_line' id='line_1_52' title="bbox 1710 2392 3283 2475; baseline 0.004 -23"><span class='ocrx_word' id='word_1_371' title='bbox 1710 2427 1791 2440; x_wconf 92' lang='lat'>—</span> <span class='ocrx_word' id='word_1_372' title='bbox 1825 2395 1941 2464; x_wconf 96' lang='grc'>246</span> <span class='ocrx_word' id='word_1_373' title='bbox 1971 2392 2209 2475; x_wconf 76' lang='grc' dir='ltr'>ἔχθιστόν</span> <span class='ocrx_word' id='word_1_374' title='bbox 2241 2393 2399 2456; x_wconf 81' lang='lat' dir='ltr'>Flor.</span> <span class='ocrx_word' id='word_1_375' title='bbox 2431 2395 2616 2457; x_wconf 81' lang='lat' dir='ltr'>solus.</span> <span class='ocrx_word' id='word_1_376' title='bbox 2649 2430 2726 2443; x_wconf 89' lang='lat'>—</span> <span class='ocrx_word' id='word_1_377' title='bbox 2753 2395 2892 2473; x_wconf 89' lang='grc'><strong>295.</strong></span> <span class='ocrx_word' id='word_1_378' title='bbox 2921 2399 3194 2457; x_wconf 85' lang='lat' dir='ltr'>Malleolo</span> <span class='ocrx_word' id='word_1_379' title='bbox 3220 2400 3283 2458; x_wconf 92' lang='lat' dir='ltr'>in</span> 
     </span>
     <span class='ocr_line' id='line_1_53' title="bbox 1711 2492 3286 2575; baseline 0.001 -22"><span class='ocrx_word' id='word_1_380' title='bbox 1711 2492 1911 2553; x_wconf 88' lang='lat' dir='ltr'>latinis</span> <span class='ocrx_word' id='word_1_381' title='bbox 1948 2492 2155 2572; x_wconf 85' lang='lat' dir='ltr'>posui,</span> <span class='ocrx_word' id='word_1_382' title='bbox 2203 2512 2325 2551; x_wconf 90' lang='lat' dir='ltr'>non</span> <span class='ocrx_word' id='word_1_383' title='bbox 2367 2497 2604 2570; x_wconf 85' lang='lat' dir='ltr'>malleo,</span> <span class='ocrx_word' id='word_1_384' title='bbox 2647 2506 2712 2552; x_wconf 92' lang='lat' dir='ltr'>ut</span> <span class='ocrx_word' id='word_1_385' title='bbox 2740 2493 2934 2554; x_wconf 85' lang='lat' dir='ltr'>lusum</span> <span class='ocrx_word' id='word_1_386' title='bbox 2979 2496 3286 2575; x_wconf 89' lang='lat' dir='ltr'>scriptoris</span> 
     </span>
     <span class='ocr_line' id='line_1_54' title="bbox 1712 2589 3288 2671; baseline 0.001 -21"><span class='ocrx_word' id='word_1_387' title='bbox 1712 2589 2103 2671; x_wconf 84' lang='lat' dir='ltr'>exprimerem</span> <span class='ocrx_word' id='word_1_388' title='bbox 2121 2631 2140 2663; x_wconf 90' lang='lat'><strong>,</strong></span> <span class='ocrx_word' id='word_1_389' title='bbox 2185 2589 2258 2649; x_wconf 91' lang='lat' dir='ltr'>de</span> <span class='ocrx_word' id='word_1_390' title='bbox 2287 2610 2407 2668; x_wconf 91' lang='lat' dir='ltr'>quo</span> <span class='ocrx_word' id='word_1_391' title='bbox 2429 2589 2696 2651; x_wconf 87' lang='lat' dir='ltr'>Wernsd.</span> <span class='ocrx_word' id='word_1_392' title='bbox 2732 2611 2746 2648; x_wconf 73' lang='grc' dir='ltr'>ε</span> <span class='ocrx_word' id='word_1_393' title='bbox 2791 2616 2816 2644; x_wconf 75' lang='grc' dir='ltr'>α</span> <span class='ocrx_word' id='word_1_394' title='bbox 2869 2592 3158 2671; x_wconf 83' lang='lat' dir='ltr'>Apposite</span> <span class='ocrx_word' id='word_1_395' title='bbox 3192 2613 3288 2652; x_wconf 88' lang='lat' dir='ltr'>au-</span> 
     </span>
     <span class='ocr_line' id='line_1_55' title="bbox 1714 2685 3288 2766; baseline 0.001 -20"><span class='ocrx_word' id='word_1_396' title='bbox 1714 2701 1827 2754; x_wconf 84' lang='lat' dir='ltr'>tem</span> <span class='ocrx_word' id='word_1_397' title='bbox 1884 2706 2099 2766; x_wconf 89' lang='lat' dir='ltr'>corpus</span> <span class='ocrx_word' id='word_1_398' title='bbox 2151 2685 2497 2766; x_wconf 80' lang='lat' dir='ltr'>praegrande</span> <span class='ocrx_word' id='word_1_399' title='bbox 2553 2687 2805 2744; x_wconf 87' lang='lat' dir='ltr'>natantis</span> <span class='ocrx_word' id='word_1_400' title='bbox 2852 2685 3065 2750; x_wconf 81' lang='lat' dir='ltr'>belluae</span> <span class='ocrx_word' id='word_1_401' title='bbox 3117 2702 3288 2747; x_wconf 85' lang='lat' dir='ltr'>vocat</span> 
     </span>
     <span class='ocr_line' id='line_1_56' title="bbox 1715 2781 3288 2865; baseline -0.001 -23"><span class='ocrx_word' id='word_1_402' title='bbox 1715 2781 2070 2864; x_wconf 78' lang='grc' dir='ltr'>σφυρήλατον,</span> <span class='ocrx_word' id='word_1_403' title='bbox 2099 2783 2268 2860; x_wconf 84' lang='lat' dir='ltr'>quasi</span> <span class='ocrx_word' id='word_1_404' title='bbox 2302 2783 2515 2862; x_wconf 81' lang='grc' dir='ltr'>σφυροῖς</span> <span class='ocrx_word' id='word_1_405' title='bbox 2546 2781 2886 2861; x_wconf 73' lang='grc' dir='ltr'>ἐλαυνόμενον</span> <span class='ocrx_word' id='word_1_406' title='bbox 2935 2782 3154 2865; x_wconf 77' lang='grc' dir='ltr'>σκάφος,</span> <span class='ocrx_word' id='word_1_407' title='bbox 3184 2805 3288 2841; x_wconf 79' lang='grc' dir='ltr'>ηα-</span> 
     </span>
     <span class='ocr_line' id='line_1_57' title="bbox 1716 2880 3285 2959; baseline 0.002 -21"><span class='ocrx_word' id='word_1_408' title='bbox 1716 2887 1926 2959; x_wconf 77' lang='lat' dir='ltr'>vigium</span> <span class='ocrx_word' id='word_1_409' title='bbox 1940 2883 2150 2959; x_wconf 84' lang='lat' dir='ltr'>pedum</span> <span class='ocrx_word' id='word_1_410' title='bbox 2178 2885 2346 2938; x_wconf 72' lang='lat' dir='ltr'>remis</span> <span class='ocrx_word' id='word_1_411' title='bbox 2377 2886 2671 2955; x_wconf 76' lang='lat' dir='ltr'>agitatum,</span> <span class='ocrx_word' id='word_1_412' title='bbox 2715 2899 2784 2940; x_wconf 85' lang='lat' dir='ltr'>ac</span> <span class='ocrx_word' id='word_1_413' title='bbox 2821 2880 2995 2940; x_wconf 89' lang='lat' dir='ltr'>simul</span> <span class='ocrx_word' id='word_1_414' title='bbox 3032 2880 3285 2941; x_wconf 85' lang='lat' dir='ltr'>solidum</span> 
     </span>
     <span class='ocr_line' id='line_1_58' title="bbox 1716 2975 3290 3058; baseline 0.001 -23"><span class='ocrx_word' id='word_1_415' title='bbox 1716 2977 2012 3055; x_wconf 85' lang='lat' dir='ltr'>nullisque</span> <span class='ocrx_word' id='word_1_416' title='bbox 2055 2977 2227 3036; x_wconf 81' lang='lat' dir='ltr'>rimis</span> <span class='ocrx_word' id='word_1_417' title='bbox 2257 2975 2548 3036; x_wconf 81' lang='lat' dir='ltr'>fatiscens.</span> <span class='ocrx_word' id='word_1_418' title='bbox 2599 3001 2624 3029; x_wconf 71' lang='grc' dir='ltr'><strong>υ</strong></span> <span class='ocrx_word' id='word_1_419' title='bbox 2677 3010 2756 3022; x_wconf 94' lang='grc'>-</span> <span class='ocrx_word' id='word_1_420' title='bbox 2800 2977 2907 3035; x_wconf 81' lang='lat'>311</span> <span class='ocrx_word' id='word_1_421' title='bbox 2959 2978 3225 3058; x_wconf 77' lang='grc' dir='ltr'>ριπτοῧσιν</span> <span class='ocrx_word' id='word_1_422' title='bbox 3256 2998 3290 3037; x_wconf 89' lang='lat' dir='ltr'>e</span> 
     </span>
     <span class='ocr_line' id='line_1_59' title="bbox 1717 3072 3290 3151; baseline 0.001 -18"><span class='ocrx_word' id='word_1_423' title='bbox 1717 3074 1873 3136; x_wconf 80' lang='lat' dir='ltr'>Flor.</span> <span class='ocrx_word' id='word_1_424' title='bbox 1899 3074 2029 3134; x_wconf 77' lang='lat' dir='ltr'>solo</span> <span class='ocrx_word' id='word_1_425' title='bbox 2048 3086 2366 3133; x_wconf 88' lang='lat' dir='ltr'>enotatum.</span> <span class='ocrx_word' id='word_1_426' title='bbox 2386 3107 2465 3117; x_wconf 97' lang='lat'><strong>—</strong></span> <span class='ocrx_word' id='word_1_427' title='bbox 2486 3073 2602 3131; x_wconf 79' lang='lat'>333</span> <span class='ocrx_word' id='word_1_428' title='bbox 2642 3072 2812 3151; x_wconf 87' lang='grc' dir='ltr'>λόγων</span> <span class='ocrx_word' id='word_1_429' title='bbox 2833 3072 2966 3135; x_wconf 86' lang='lat' dir='ltr'>Esc.</span> <span class='ocrx_word' id='word_1_430' title='bbox 2996 3073 3178 3134; x_wconf 86' lang='lat' dir='ltr'>solus.</span> <span class='ocrx_word' id='word_1_431' title='bbox 3211 3108 3290 3119; x_wconf 89' lang='lat'>—</span> 
     </span>
     <span class='ocr_line' id='line_1_60' title="bbox 1720 3170 3287 3252; baseline -0.003 -18"><span class='ocrx_word' id='word_1_432' title='bbox 1720 3175 1835 3234; x_wconf 83' lang='grc'>362</span> <span class='ocrx_word' id='word_1_433' title='bbox 1860 3175 1906 3233; x_wconf 78' lang='grc' dir='ltr'>εἰ</span> <span class='ocrx_word' id='word_1_434' title='bbox 1933 3171 2141 3252; x_wconf 77' lang='grc' dir='ltr'>σιγήσει</span> <span class='ocrx_word' id='word_1_435' title='bbox 2166 3170 2297 3233; x_wconf 72' lang='lat' dir='ltr'>Vnt.</span> <span class='ocrx_word' id='word_1_436' title='bbox 2329 3190 2404 3229; x_wconf 88' lang='lat' dir='ltr'>ex</span> <span class='ocrx_word' id='word_1_437' title='bbox 2437 3172 2820 3231; x_wconf 83' lang='lat' dir='ltr'>correctione.</span> <span class='ocrx_word' id='word_1_438' title='bbox 2848 3205 2927 3215; x_wconf 97' lang='lat'><strong>—</strong></span> <span class='ocrx_word' id='word_1_439' title='bbox 2965 3170 3076 3228; x_wconf 84' lang='lat'>365</span> <span class='ocrx_word' id='word_1_440' title='bbox 3111 3191 3142 3227; x_wconf 79' lang='grc' dir='ltr'><strong>α</strong></span> <span class='ocrx_word' id='word_1_441' title='bbox 3167 3190 3287 3229; x_wconf 88' lang='lat' dir='ltr'>non</span> 
     </span>
     <span class='ocr_line' id='line_1_61' title="bbox 1717 3266 3288 3349; baseline -0.003 -19"><span class='ocrx_word' id='word_1_442' title='bbox 1717 3282 2117 3349; x_wconf 79' lang='lat' dir='ltr'>exspectantes</span> <span class='ocrx_word' id='word_1_443' title='bbox 2178 3266 2457 3328; x_wconf 75' lang='lat' dir='ltr'>videlicet</span> <span class='ocrx_word' id='word_1_444' title='bbox 2524 3266 2711 3326; x_wconf 91' lang='lat' dir='ltr'>donec</span> <span class='ocrx_word' id='word_1_445' title='bbox 2783 3266 3010 3346; x_wconf 84' lang='lat' dir='ltr'>lapides</span> <span class='ocrx_word' id='word_1_446' title='bbox 3074 3268 3288 3326; x_wconf 84' lang='lat' dir='ltr'>clami-</span> 
     </span>
     <span class='ocr_line' id='line_1_62' title="bbox 1719 3363 2028 3427; baseline -0.006 -4"><span class='ocrx_word' id='word_1_447' title='bbox 1719 3377 1857 3427; x_wconf 72' lang='lat' dir='ltr'>tent.</span> <span class='ocrx_word' id='word_1_448' title='bbox 1887 3390 1913 3418; x_wconf 70' lang='lat' dir='ltr'>a</span> <span class='ocrx_word' id='word_1_449' title='bbox 1938 3363 2028 3421; x_wconf 84' lang='lat' dir='ltr'>W.</span> 
     </span>
    </p>
   </div>
   <div class='ocr_carea' id='block_1_6' title="bbox 1718 3545 3296 5261">
    <p class='ocr_par' dir='ltr' id='par_1_6' title="bbox 1718 3545 3296 5261">
     <span class='ocr_line' id='line_1_63' title="bbox 1796 3545 3294 3625; baseline 0 -18"><span class='ocrx_word' id='word_1_450' title='bbox 1796 3548 1899 3607; x_wconf 87' lang='lat' dir='ltr'>DE</span> <span class='ocrx_word' id='word_1_451' title='bbox 1929 3546 2272 3614; x_wconf 76' lang='lat' dir='ltr'>PLANTIS.</span> <span class='ocrx_word' id='word_1_452' title='bbox 2317 3545 2508 3625; x_wconf 85' lang='lat' dir='ltr'>Hujus</span> <span class='ocrx_word' id='word_1_453' title='bbox 2560 3546 2847 3625; x_wconf 86' lang='lat' dir='ltr'>poematis</span> <span class='ocrx_word' id='word_1_454' title='bbox 2889 3566 3072 3606; x_wconf 90' lang='lat' dir='ltr'>unum</span> <span class='ocrx_word' id='word_1_455' title='bbox 3117 3547 3294 3608; x_wconf 84' lang='lat' dir='ltr'>modo</span> 
     </span>
     <span class='ocr_line' id='line_1_64' title="bbox 1718 3642 3290 3721; baseline -0.001 -17"><span class='ocrx_word' id='word_1_456' title='bbox 1718 3645 1980 3704; x_wconf 82' lang='lat' dir='ltr'>codicem</span> <span class='ocrx_word' id='word_1_457' title='bbox 2007 3644 2270 3703; x_wconf 84' lang='lat' dir='ltr'>Millerus</span> <span class='ocrx_word' id='word_1_458' title='bbox 2293 3642 2548 3702; x_wconf 85' lang='lat' dir='ltr'>excussit</span> <span class='ocrx_word' id='word_1_459' title='bbox 2565 3686 2584 3719; x_wconf 88' lang='lat'>,</span> <span class='ocrx_word' id='word_1_460' title='bbox 2602 3642 2702 3701; x_wconf 87' lang='lat' dir='ltr'>sed</span> <span class='ocrx_word' id='word_1_461' title='bbox 2727 3643 3290 3721; x_wconf 75' lang='lat' dir='ltr'>praestantissimum,</span> 
     </span>
     <span class='ocr_line' id='line_1_65' title="bbox 1718 3737 3296 3819; baseline -0.001 -19"><span class='ocrx_word' id='word_1_462' title='bbox 1718 3742 1873 3800; x_wconf 88' lang='lat' dir='ltr'>unde</span> <span class='ocrx_word' id='word_1_463' title='bbox 1914 3741 2150 3799; x_wconf 89' lang='lat' dir='ltr'>initium</span> <span class='ocrx_word' id='word_1_464' title='bbox 2199 3738 2477 3797; x_wconf 83' lang='lat' dir='ltr'>carminis</span> <span class='ocrx_word' id='word_1_465' title='bbox 2509 3737 2651 3797; x_wconf 94' lang='lat' dir='ltr'>olim</span> <span class='ocrx_word' id='word_1_466' title='bbox 2689 3738 2950 3817; x_wconf 84' lang='lat' dir='ltr'>acephali</span> <span class='ocrx_word' id='word_1_467' title='bbox 2983 3758 3139 3797; x_wconf 90' lang='lat' dir='ltr'>nunc</span> <span class='ocrx_word' id='word_1_468' title='bbox 3179 3742 3296 3819; x_wconf 92' lang='lat' dir='ltr'>pri-</span> 
     </span>
     <span class='ocr_line' id='line_1_66' title="bbox 1718 3835 3291 3913; baseline -0.001 -17"><span class='ocrx_word' id='word_1_469' title='bbox 1718 3857 1877 3896; x_wconf 89' lang='lat' dir='ltr'>mum</span> <span class='ocrx_word' id='word_1_470' title='bbox 1898 3836 2178 3896; x_wconf 88' lang='lat' dir='ltr'>innotuit.</span> <span class='ocrx_word' id='word_1_471' title='bbox 2211 3835 2598 3893; x_wconf 82' lang='lat' dir='ltr'>Accesserunt</span> <span class='ocrx_word' id='word_1_472' title='bbox 2618 3836 2809 3891; x_wconf 81' lang='lat' dir='ltr'>decem</span> <span class='ocrx_word' id='word_1_473' title='bbox 2837 3852 3044 3894; x_wconf 79' lang='lat' dir='ltr'>versus</span> <span class='ocrx_word' id='word_1_474' title='bbox 3081 3836 3291 3913; x_wconf 87' lang='lat' dir='ltr'>primi,</span> 
     </span>
     <span class='ocr_line' id='line_1_67' title="bbox 1718 3928 3296 4011; baseline -0.002 -19"><span class='ocrx_word' id='word_1_475' title='bbox 1718 3945 1784 3992; x_wconf 91' lang='lat' dir='ltr'>ut</span> <span class='ocrx_word' id='word_1_476' title='bbox 1803 3932 1928 4011; x_wconf 87' lang='lat' dir='ltr'>jam</span> <span class='ocrx_word' id='word_1_477' title='bbox 1953 3933 2057 4010; x_wconf 91' lang='lat' dir='ltr'>qui</span> <span class='ocrx_word' id='word_1_478' title='bbox 2084 3932 2246 3990; x_wconf 89' lang='lat' dir='ltr'>locos</span> <span class='ocrx_word' id='word_1_479' title='bbox 2283 3940 2548 4008; x_wconf 79' lang='lat' dir='ltr'>quaerent</span> <span class='ocrx_word' id='word_1_480' title='bbox 2572 3928 2889 3987; x_wconf 83' lang='lat' dir='ltr'>secundum</span> <span class='ocrx_word' id='word_1_481' title='bbox 2932 3942 3161 3989; x_wconf 85' lang='lat' dir='ltr'>veteres</span> <span class='ocrx_word' id='word_1_482' title='bbox 3195 3952 3296 3989; x_wconf 90' lang='lat' dir='ltr'>nu-</span> 
     </span>
     <span class='ocr_line' id='line_1_68' title="bbox 1719 4012 3292 4101; baseline -0.002 -14"><span class='ocrx_word' id='word_1_483' title='bbox 1719 4048 1914 4087; x_wconf 85' lang='lat' dir='ltr'>meros</span> <span class='ocrx_word' id='word_1_484' title='bbox 1933 4076 1950 4101; x_wconf 89' lang='lat'><strong><em>,</em></strong></span> <span class='ocrx_word' id='word_1_485' title='bbox 1979 4025 2177 4085; x_wconf 79' lang='grc' dir='ltr'>δεκάδα</span> <span class='ocrx_word' id='word_1_486' title='bbox 2206 4024 2458 4084; x_wconf 82' lang='lat' dir='ltr'>debeant</span> <span class='ocrx_word' id='word_1_487' title='bbox 2494 4012 2787 4082; x_wconf 84' lang='lat' dir='ltr'>admetiri.</span> <span class='ocrx_word' id='word_1_488' title='bbox 2811 4058 2888 4067; x_wconf 93' lang='lat'>—</span> <span class='ocrx_word' id='word_1_489' title='bbox 2920 4045 2992 4097; x_wconf 81' lang='grc'>27</span> <span class='ocrx_word' id='word_1_490' title='bbox 3028 4025 3292 4085; x_wconf 86' lang='lat' dir='ltr'>scriben-</span> 
     </span>
     <span class='ocr_line' id='line_1_69' title="bbox 1719 4118 3295 4200; baseline -0.002 -17"><span class='ocrx_word' id='word_1_491' title='bbox 1719 4124 1857 4183; x_wconf 87' lang='lat' dir='ltr'>dum</span> <span class='ocrx_word' id='word_1_492' title='bbox 1883 4121 2121 4182; x_wconf 85' lang='lat' dir='ltr'>videtur</span> <span class='ocrx_word' id='word_1_493' title='bbox 2149 4119 2184 4179; x_wconf 75' lang='grc' dir='ltr'>ἃ</span> <span class='ocrx_word' id='word_1_494' title='bbox 2208 4118 2433 4200; x_wconf 77' lang='grc' dir='ltr'><strong>σμικρά.</strong></span> <span class='ocrx_word' id='word_1_495' title='bbox 2452 4153 2531 4163; x_wconf 92' lang='grc'><strong>-</strong></span> <span class='ocrx_word' id='word_1_496' title='bbox 2561 4118 2631 4177; x_wconf 82' lang='lat'>31</span> <span class='ocrx_word' id='word_1_497' title='bbox 2659 4119 2788 4178; x_wconf 85' lang='lat' dir='ltr'>sine</span> <span class='ocrx_word' id='word_1_498' title='bbox 2807 4138 2979 4178; x_wconf 88' lang='lat' dir='ltr'>sensu</span> <span class='ocrx_word' id='word_1_499' title='bbox 2995 4120 3295 4195; x_wconf 81' lang='lat' dir='ltr'>legebatur</span> 
     </span>
     <span class='ocr_line' id='line_1_70' title="bbox 1718 4216 3290 4302; baseline -0.002 -22"><span class='ocrx_word' id='word_1_500' title='bbox 1718 4223 1793 4301; x_wconf 79' lang='grc' dir='ltr'>τῷ</span> <span class='ocrx_word' id='word_1_501' title='bbox 1811 4222 1890 4302; x_wconf 78' lang='grc' dir='ltr'>σῷ</span> <span class='ocrx_word' id='word_1_502' title='bbox 1911 4219 2138 4300; x_wconf 78' lang='grc' dir='ltr'>βασιλεῖ.</span> <span class='ocrx_word' id='word_1_503' title='bbox 2167 4216 2459 4277; x_wconf 87' lang='lat' dir='ltr'>Dubitans</span> <span class='ocrx_word' id='word_1_504' title='bbox 2473 4218 2728 4290; x_wconf 88' lang='lat' dir='ltr'>correxi;</span> <span class='ocrx_word' id='word_1_505' title='bbox 2750 4216 2950 4275; x_wconf 75' lang='lat' dir='ltr'>confer</span> <span class='ocrx_word' id='word_1_506' title='bbox 2975 4238 3034 4275; x_wconf 83' lang='lat' dir='ltr'>v.</span> <span class='ocrx_word' id='word_1_507' title='bbox 3062 4219 3138 4293; x_wconf 90' lang='lat'>96</span> <span class='ocrx_word' id='word_1_508' title='bbox 3159 4238 3290 4297; x_wconf 86' lang='lat' dir='ltr'>sqq.</span> 
     </span>
     <span class='ocr_line' id='line_1_71' title="bbox 1720 4311 3295 4391; baseline -0.002 -17"><span class='ocrx_word' id='word_1_509' title='bbox 1720 4350 1799 4361; x_wconf 92' lang='lat'><strong>—</strong></span> <span class='ocrx_word' id='word_1_510' title='bbox 1825 4317 1899 4374; x_wconf 87' lang='grc'>32</span> <span class='ocrx_word' id='word_1_511' title='bbox 1935 4313 2054 4374; x_wconf 81' lang='grc' dir='ltr'><strong>οὔδὲ</strong></span> <span class='ocrx_word' id='word_1_512' title='bbox 2084 4312 2406 4391; x_wconf 82' lang='lat' dir='ltr'>legebatur.</span> <span class='ocrx_word' id='word_1_513' title='bbox 2429 4345 2512 4359; x_wconf 94' lang='lat'>—</span> <span class='ocrx_word' id='word_1_514' title='bbox 2538 4313 2610 4381; x_wconf 86' lang='grc'>34</span> <span class='ocrx_word' id='word_1_515' title='bbox 2635 4311 2793 4389; x_wconf 75' lang='grc' dir='ltr'><strong>μάθοι</strong></span> <span class='ocrx_word' id='word_1_516' title='bbox 2818 4312 2949 4371; x_wconf 90' lang='lat' dir='ltr'>cod.</span> <span class='ocrx_word' id='word_1_517' title='bbox 2992 4346 3073 4358; x_wconf 93' lang='lat'>—</span> <span class='ocrx_word' id='word_1_518' title='bbox 3103 4334 3177 4386; x_wconf 91' lang='lat'>70</span> <span class='ocrx_word' id='word_1_519' title='bbox 3203 4335 3295 4371; x_wconf 92' lang='lat' dir='ltr'>co-</span> 
     </span>
     <span class='ocr_line' id='line_1_72' title="bbox 1720 4408 3292 4481; baseline -0.003 -10"><span class='ocrx_word' id='word_1_520' title='bbox 1720 4412 1833 4471; x_wconf 85' lang='lat' dir='ltr'>dex</span> <span class='ocrx_word' id='word_1_521' title='bbox 1861 4409 2062 4481; x_wconf 72' lang='grc' dir='ltr'>ζίοντος</span> <span class='ocrx_word' id='word_1_522' title='bbox 2085 4430 2159 4469; x_wconf 91' lang='lat' dir='ltr'>ex</span> <span class='ocrx_word' id='word_1_523' title='bbox 2196 4409 2582 4468; x_wconf 87' lang='lat' dir='ltr'>correctione.</span> <span class='ocrx_word' id='word_1_524' title='bbox 2625 4444 2702 4453; x_wconf 92' lang='lat'>—</span> <span class='ocrx_word' id='word_1_525' title='bbox 2738 4409 2812 4466; x_wconf 87' lang='grc'>80</span> <span class='ocrx_word' id='word_1_526' title='bbox 2842 4428 2915 4467; x_wconf 87' lang='lat' dir='ltr'>ex</span> <span class='ocrx_word' id='word_1_527' title='bbox 2958 4408 3178 4467; x_wconf 90' lang='lat' dir='ltr'>codice.</span> <span class='ocrx_word' id='word_1_528' title='bbox 3225 4409 3292 4467; x_wconf 91' lang='lat' dir='ltr'>ln</span> 
     </span>
     <span class='ocr_line' id='line_1_73' title="bbox 1720 4503 3294 4583; baseline -0.001 -18"><span class='ocrx_word' id='word_1_529' title='bbox 1720 4507 1807 4566; x_wconf 88' lang='lat' dir='ltr'>ed.</span> <span class='ocrx_word' id='word_1_530' title='bbox 1835 4507 1985 4568; x_wconf 91' lang='lat' dir='ltr'>male</span> <span class='ocrx_word' id='word_1_531' title='bbox 2012 4504 2315 4581; x_wconf 81' lang='lat' dir='ltr'>legebatur</span> <span class='ocrx_word' id='word_1_532' title='bbox 2341 4504 2441 4564; x_wconf 89' lang='lat' dir='ltr'>hic</span> <span class='ocrx_word' id='word_1_533' title='bbox 2479 4523 2688 4563; x_wconf 85' lang='lat' dir='ltr'>versus</span> <span class='ocrx_word' id='word_1_534' title='bbox 2731 4516 2866 4583; x_wconf 86' lang='lat' dir='ltr'>post</span> <span class='ocrx_word' id='word_1_535' title='bbox 2895 4524 2954 4565; x_wconf 85' lang='lat' dir='ltr'>v.</span> <span class='ocrx_word' id='word_1_536' title='bbox 3011 4505 3120 4571; x_wconf 75' lang='lat'>146</span> <span class='ocrx_word' id='word_1_537' title='bbox 3143 4548 3160 4576; x_wconf 89' lang='lat'><strong>,</strong></span> <span class='ocrx_word' id='word_1_538' title='bbox 3189 4503 3294 4563; x_wconf 86' lang='lat' dir='ltr'>ubi</span> 
     </span>
     <span class='ocr_line' id='line_1_74' title="bbox 1720 4602 3291 4684; baseline -0.003 -20"><span class='ocrx_word' id='word_1_539' title='bbox 1720 4604 1849 4664; x_wconf 90' lang='lat' dir='ltr'>cod.</span> <span class='ocrx_word' id='word_1_540' title='bbox 1862 4604 2098 4664; x_wconf 87' lang='lat' dir='ltr'>omittit.</span> <span class='ocrx_word' id='word_1_541' title='bbox 2114 4636 2194 4649; x_wconf 92' lang='lat'>—-</span> <span class='ocrx_word' id='word_1_542' title='bbox 2215 4624 2238 4660; x_wconf 80' lang='grc' dir='ltr'><strong>ι</strong></span> <span class='ocrx_word' id='word_1_543' title='bbox 2256 4603 2329 4661; x_wconf 88' lang='grc'>56</span> <span class='ocrx_word' id='word_1_544' title='bbox 2349 4604 2616 4684; x_wconf 75' lang='grc' dir='ltr'>ἱδρυθεῖσαι</span> <span class='ocrx_word' id='word_1_545' title='bbox 2643 4602 2801 4676; x_wconf 89' lang='lat' dir='ltr'>cod.;</span> <span class='ocrx_word' id='word_1_546' title='bbox 2821 4604 3094 4661; x_wconf 77' lang='grc' dir='ltr'>ἐνταθεῖσα</span> <span class='ocrx_word' id='word_1_547' title='bbox 3122 4602 3291 4673; x_wconf 67' lang='lat' dir='ltr'>edit„</span> 
     </span>
     <span class='ocr_line' id='line_1_75' title="bbox 1721 4697 3296 4771; baseline -0.003 -12"><span class='ocrx_word' id='word_1_548' title='bbox 1721 4713 1877 4760; x_wconf 88' lang='lat' dir='ltr'>recte</span> <span class='ocrx_word' id='word_1_549' title='bbox 1905 4712 2231 4759; x_wconf 84' lang='lat' dir='ltr'>correctum</span> <span class='ocrx_word' id='word_1_550' title='bbox 2254 4700 2462 4759; x_wconf 73' lang='grc' dir='ltr'>ἱνσταθ.</span> <span class='ocrx_word' id='word_1_551' title='bbox 2509 4718 2542 4755; x_wconf 88' lang='lat' dir='ltr'>a</span> <span class='ocrx_word' id='word_1_552' title='bbox 2563 4697 3022 4771; x_wconf 84' lang='lat' dir='ltr'>Wernsdorfii03</span> <span class='ocrx_word' id='word_1_553' title='bbox 3056 4717 3174 4756; x_wconf 89' lang='lat' dir='ltr'>non</span> <span class='ocrx_word' id='word_1_554' title='bbox 3201 4717 3296 4756; x_wconf 85' lang='lat' dir='ltr'>ne-</span> 
     </span>
     <span class='ocr_line' id='line_1_76' title="bbox 1721 4791 3291 4872; baseline -0.004 -16"><span class='ocrx_word' id='word_1_555' title='bbox 1721 4795 1972 4856; x_wconf 85' lang='lat' dir='ltr'>cessaria</span> <span class='ocrx_word' id='word_1_556' title='bbox 1994 4808 2082 4854; x_wconf 87' lang='lat' dir='ltr'>est</span> <span class='ocrx_word' id='word_1_557' title='bbox 2100 4791 2432 4854; x_wconf 78' lang='lat' dir='ltr'>autem-haec</span> <span class='ocrx_word' id='word_1_558' title='bbox 2447 4794 2738 4851; x_wconf 90' lang='lat' dir='ltr'>correctio</span> <span class='ocrx_word' id='word_1_559' title='bbox 2754 4794 2816 4851; x_wconf 91' lang='lat' dir='ltr'>in</span> <span class='ocrx_word' id='word_1_560' title='bbox 2831 4792 3038 4872; x_wconf 86' lang='lat' dir='ltr'>Eleph.</span> <span class='ocrx_word' id='word_1_561' title='bbox 3065 4814 3126 4854; x_wconf 89' lang='lat' dir='ltr'>v.</span> <span class='ocrx_word' id='word_1_562' title='bbox 3159 4802 3291 4865; x_wconf 83' lang='grc' dir='ltr'><strong>ι24,</strong></span> 
     </span>
     <span class='ocr_line' id='line_1_77' title="bbox 1720 4887 3296 4969; baseline -0.002 -16"><span class='ocrx_word' id='word_1_563' title='bbox 1720 4893 1825 4953; x_wconf 89' lang='lat' dir='ltr'>ubi</span> <span class='ocrx_word' id='word_1_564' title='bbox 1854 4890 2080 4957; x_wconf 77' lang='grc' dir='ltr'>ἐνταθείς</span> <span class='ocrx_word' id='word_1_565' title='bbox 2099 4903 2230 4969; x_wconf 87' lang='lat' dir='ltr'>apte</span> <span class='ocrx_word' id='word_1_566' title='bbox 2257 4889 2500 4948; x_wconf 87' lang='lat' dir='ltr'>dictum.</span> <span class='ocrx_word' id='word_1_567' title='bbox 2539 4922 2620 4934; x_wconf 88' lang='lat'>—-</span> <span class='ocrx_word' id='word_1_568' title='bbox 2651 4897 2756 4965; x_wconf 72' lang='lat'>194</span> <span class='ocrx_word' id='word_1_569' title='bbox 2782 4890 2863 4967; x_wconf 73' lang='grc' dir='ltr'>ἐφ’</span> <span class='ocrx_word' id='word_1_570' title='bbox 2885 4887 2971 4956; x_wconf 74' lang='grc' dir='ltr'>οὓς</span> <span class='ocrx_word' id='word_1_571' title='bbox 2992 4888 3196 4951; x_wconf 86' lang='lat' dir='ltr'>codex.</span> <span class='ocrx_word' id='word_1_572' title='bbox 3213 4922 3296 4937; x_wconf 90' lang='lat'>-—</span> 
     </span>
     <span class='ocr_line' id='line_1_78' title="bbox 1729 4985 3292 5068; baseline -0.003 -18"><span class='ocrx_word' id='word_1_573' title='bbox 1729 5014 1750 5050; x_wconf 87' lang='lat'>1</span> <span class='ocrx_word' id='word_1_574' title='bbox 1762 5012 1835 5068; x_wconf 91' lang='lat'>97</span> <span class='ocrx_word' id='word_1_575' title='bbox 1857 4986 2318 5067; x_wconf 77' lang='grc' dir='ltr'>μεταλλάττουσαν</span> <span class='ocrx_word' id='word_1_576' title='bbox 2335 4987 2614 5065; x_wconf 86' lang='lat' dir='ltr'>scriptum</span> <span class='ocrx_word' id='word_1_577' title='bbox 2635 4986 2812 5045; x_wconf 85' lang='lat' dir='ltr'>fuisse</span> <span class='ocrx_word' id='word_1_578' title='bbox 2830 4985 3086 5062; x_wconf 76' lang='lat' dir='ltr'>videtur,</span> <span class='ocrx_word' id='word_1_579' title='bbox 3105 4986 3292 5064; x_wconf 84' lang='lat' dir='ltr'>etjam</span> 
     </span>
     <span class='ocr_line' id='line_1_79' title="bbox 1720 5082 3292 5162; baseline -0.004 -14"><span class='ocrx_word' id='word_1_580' title='bbox 1720 5085 2152 5147; x_wconf 84' lang='lat' dir='ltr'>Wernsdorfius</span> <span class='ocrx_word' id='word_1_581' title='bbox 2181 5084 2358 5142; x_wconf 79' lang='lat' dir='ltr'>vertit</span> <span class='ocrx_word' id='word_1_582' title='bbox 2387 5086 2622 5160; x_wconf 71' lang='lat' dir='ltr'>mit-fiee</span> <span class='ocrx_word' id='word_1_583' title='bbox 2643 5090 2893 5153; x_wconf 65' lang='lat' dir='ltr'>vat-imm</span> <span class='ocrx_word' id='word_1_584' title='bbox 2917 5082 3017 5141; x_wconf 89' lang='lat' dir='ltr'>sed</span> <span class='ocrx_word' id='word_1_585' title='bbox 3033 5084 3292 5162; x_wconf 86' lang='lat' dir='ltr'>recipere</span> 
     </span>
     <span class='ocr_line' id='line_1_80' title="bbox 1723 5179 3290 5261; baseline -0.003 -16"><span class='ocrx_word' id='word_1_586' title='bbox 1723 5206 1843 5245; x_wconf 91' lang='lat' dir='ltr'>non</span> <span class='ocrx_word' id='word_1_587' title='bbox 1868 5204 1996 5245; x_wconf 88' lang='lat' dir='ltr'>sum</span> <span class='ocrx_word' id='word_1_588' title='bbox 2035 5203 2238 5256; x_wconf 83' lang='lat' dir='ltr'>ausus,</span> <span class='ocrx_word' id='word_1_589' title='bbox 2263 5180 2418 5261; x_wconf 89' lang='lat' dir='ltr'>quod</span> <span class='ocrx_word' id='word_1_590' title='bbox 2445 5179 2601 5260; x_wconf 89' lang='lat' dir='ltr'>apud</span> <span class='ocrx_word' id='word_1_591' title='bbox 2630 5181 2784 5240; x_wconf 88' lang='lat' dir='ltr'>hunc</span> <span class='ocrx_word' id='word_1_592' title='bbox 2815 5181 3160 5259; x_wconf 85' lang='lat' dir='ltr'>scriptorem</span> <span class='ocrx_word' id='word_1_593' title='bbox 3191 5182 3290 5240; x_wconf 74' lang='grc' dir='ltr'>ὑπὸ</span> 
     </span>
    </p>
   </div>
  </div>
 </body>
</html>
