3767 5825
504 360 545 403 x
1898 340 2072 400 1³11AE
2081 339 2332 399 FATto.

504 472 693 530 libros
716 470 949 551 priores
990 470 1397 550 complectitur
1418 470 1623 531 eodem
1638 513 1655 542 ‚
1701 483 1767 529 ut
1792 471 2046 529 vidimus
2061 514 2076 540 ,
2163 470 2455 548 judicium
2471 484 2732 529 evertere
2742 471 2988 549 atquein
2999 472 3530 550 his'quoquelibris
3541 480 3696 537 varios

507 562 833 637 argumenti
873 560 975 618 filo
1007 558 1411 631 decurrentes,
1444 560 1633 616 —ita
1670 560 1843 617 etiam
1870 560 2079 617 ultimo

508 651 661 707 libro
686 646 940 727 (πυμάτῃ
982 647 1153 729 βίὸλῳ
1174 667 1233 705 V.
1256 649 1329 725 7)
1378 648 1434 707 ei
1476 646 1737 705 canenda
1778 646 1917 704 dent
1950 667 2080 724 quae

506 750 742 797 restant.
770 740 916 795 Tum
948 756 1153 795 novem
1192 737 1411 815 capita,
1442 739 1503 793 in
1542 756 1672 812 quae
1700 735 1851 793 hanc
1895 750 2078 795 mate-

504 826 650 883 riam
675 824 1022 903 dispescuit,
1042 824 1261 883 diserte
1282 838 1581 884 enumerat
1595 867 1613 895 ,
1633 824 1727 883 bis
1750 836 1972 882 tantum
1991 846 2082 883 or-

503 912 641 971 dine
680 926 929 985 mutato‚
962 925 1019 970 et
1050 912 1315 985 duobus,
1348 932 1481 991 quae
1506 926 1697 971 essent
1728 914 1958 989 cognati
1988 933 2081 971 ar·

500 1001 783 1075 gumenti,
800 1020 922 1060 uno
940 1002 1177 1061 nomine
1195 1002 1646 1081 comprehensis.
1674 1000 1787 1059 Sed
1803 1021 1876 1061 ne
1899 1002 2080 1059 lector

502 1090 657 1150 hunc
680 1089 948 1149 ordinem
979 1092 1153 1150 semel
1184 1091 1505 1150 indicatum
1532 1111 1566 1149 e
1600 1090 1881 1149 memoria
1909 1090 2078 1149 amit-

504 1193 615 1253 tat,
621 1193 771 1261 post
792 1180 1067 1259 quodque
1085 1194 1258 1260 caput
1280 1181 1507 1239 finitum
1532 1179 1803 1240 versibus
1827 1180 2076 1238 nonnul-

504 1270 575 1327 lis
618 1270 689 1329 ad
732 1270 792 1328 id
820 1270 981 1346 quod
1016 1270 1306 1347 sequitur,
1335 1270 1583 1328 lectores
1618 1288 1755 1328 suos
1795 1268 2074 1329 traduxit.

501 1357 709 1437 Capita
734 1372 926 1417 autem
947 1378 1161 1416 novem
1184 1357 1308 1417 haec
1332 1371 1467 1418 sunt
1492 1377 1509 1415 .·

500 1530 544 1591 Ι.
592 1530 729 1611 ἀμφὶ
758 1532 951 1611 τροφῆς
978 1562 1057 1575 ·--
1078 1528 1163 1603 ἠδ’
1190 1528 1441 1611 ἀτροφζης
1470 1529 1699 1611 βρεφίων
1732 1530 1831 1607 (v.
1864 1530 1902 1587 8
1922 1562 1948 1577 ·
1968 1551 2072 1603 10,

576 1620 712 1679 coll.
748 1641 819 1697 19
846 1632 904 1677 et
927 1620 1389 1695 11a):19-111.

501 1707 574 1768 11.
610 1707 749 1786 ἀμφὶ
776 1706 965 1786 γάμων
1010 1707 1106 1783 (v.
1159 1728 1256 1780 11,
1291 1707 1425 1765 coll.
1463 1706 1571 1763 113
1616 1719 1676 1763 et
1719 1726 1833 1763 aaa
1879 1703 2006 1786 sq.)
2056 1728 2070 1764 z

499 1817 609 1943 111?
625 1818 993 1965 ιάῑιζὶῖέὲινων
1020 1888 1199 1963 γενεῆς
1226 1884 1315 1964 (v.
1352 1884 1488 1955 225,
1516 1883 1652 1941 coll.
1688 1884 1835 1957 260)
1873 1906 1887 1940 :
1922 1904 2068 1956 ²27·

501 1974 757 2143 lV?5⁷t9s·pl
796 2060 1028 2120 ἀτέκνων
1072 2060 1163 2120 καὶ
1195 2060 1479 2140 dtr-stipium
1510 2060 1607 2141 (ν.
1639 2060 1753 2118 363
1783 2079 1902 2136 sq.,
1929 2060 2067 2120 coll.

582 2151 728 2227 305)
760 2172 773 2209 ε
802 2150 1091 2217 265-304.

660 2238 835 2315 (Haec
862 2238 981 2297 duo
1006 2238 1197 2318 capita
1214 2260 1271 2299 v.
1308 2259 1376 2296 ια
1406 2238 1501 2297 his
1526 2238 1671 2297 solis
1694 2236 1894 2296 verbis
1915 2237 2071 2296 indi·

576 2329 733 2386 cavit
757 2346 773 2387 ε
796 2324 994 2385 τέκνων
1016 2330 1213 2404 γενιῆς.
1237 2330 1255 2403 )

495 2415 561 2478 V.
592 2415 713 2496 περὶ
743 2416 1027 2497 ἀδιλφιιῶν
1058 2416 1155 2493 (v.
1188 2436 1279 2489 11,
1309 2416 1447 2475 coll.
1481 2416 1592 2489 307
1624 2434 1757 2492 sqq.
1779 2427 1838 2473 et
1870 2416 2018 2491 339)
2053 2458 2064 2473 .

493 2505 919 2673 Ὴῗιτέιχῖῗαῗιζαὶ
936 2588 1148 2671 πρήξας
1166 2590 1256 2650 καὶ
1277 2583 1403 2671 ἔργα
1427 2594 1520 2667 (v.
1554 2600 1625 2659 xl.
1648 2610 1766 2668 sq„
1790 2592 1926 2649 coll.
1954 2592 2068 2668 339

572 2701 642 2760 sq
668 2695 727 2740 et
746 2680 857 2750 541
884 2682 1047 2759 sqq.)
1076 2702 1091 2738 ε
1126 2679 1406 2749 341-540.

495 2771 618 2830 vlt.
653 2770 772 2841 σίνη
801 2768 891 2828 καὶ
916 2768 1058 2827 νόσοι
1106 2769 1200 2848 (v.
1251 2790 1319 2826 ια
1360 2788 1470 2846 sq.,
1505 2768 1640 2827 coll.
1685 2766 1801 2837 544
1830 2786 1962 2844 sqq.
2011 2782 2070 2826 et

572 2860 691 2918 630
714 2858 841 2938 sq.)
868 2876 884 2918 :
918 2858 1205 2934 548-629.

490 2947 650 3008 vm.
682 2948 843 3029 ἀμφὶς
860 2945 1040 3019 πενίης
1058 2949 1150 3026 (v.
1175 2947 1245 3003 16
1266 2965 1382 3024 sq.,
1400 2945 1668 3008 e011.632
1686 2965 1778 3022 sq.
1800 2959 1858 3004 et
1886 2947 2025 3023 683)
2049 2967 2064 3007 τ

498 3037 972 3204 ΙΧῗῖἒεέἏδομώων
996 3123 1239 3200 γενέθλης
1269 3124 1364 3201 (v.
1413 3123 1517 3196 18,
1549 3122 1684 3182 coll.
1734 3123 1851 3190 684
1882 3143 1973 3200 sq.
2011 3135 2067 3180 et

575 3215 689 3286 730
712 3215 845 3291 sq.)
878 3235 891 3272 z
923 3214 1219 3290 686-729.

571 3392 873 3450 Decimum
900 3393 1071 3450 etiam
1104 3403 1277 3471 caput
1298 3391 1673 3466 expositurus
1700 3405 1825 3450 erat
1851 3414 1910 3452 v.
1947 3396 2061 3465 732

492 3501 647 3558 sqq.‚
675 3482 836 3558 quod
856 3481 1043 3557 egisse
1078 3479 1153 3538 de
1172 3499 1365 3555 regum
1402 3487 1693 3538 nativitate
1714 3480 1850 3558 jure
1893 3485 2065 3544 nobis

490 3569 813 3647 conjecisse
828 3568 1119 3639 videmur,
1134 3569 1237 3627 sed
1250 3569 1666 3646 imperatorum
1680 3569 1825 3626 iram
1843 3573 2065 3631 veritus

490 3660 551 3717 id
575 3658 843 3718 consulto
869 3677 903 3716 a
932 3677 995 3716 se
1019 3658 1473 3736 praetermissum
1499 3669 1697 3716 monet
1722 3677 1781 3718 v.
1820 3660 2060 3734 734-37.

567 3747 717 3805 Tum
736 3790 753 3816 ,
777 3759 1082 3825 postquam
1111 3764 1230 3804 suae
1245 3745 1440 3823 ipsius
1468 3746 1787 3804 nativitatis
1816 3748 1982 3822 signa
2009 3764 2064 3808 et

488 3835 985 3895 constellationem
1006 3835 1326 3913 explicuit(
1346 3835 1667 3912 738-750)‚
1690 3835 1850 3911 quod
1871 3838 2061 3914 ipsum

490 3925 644 3983 hand
663 3925 940 3999 exiguum
964 3937 1052 3982 est
1078 3937 1482 4000 argumentum
1500 3924 1613 3982 hoc
1632 3942 1864 3982 carmen
1890 3927 2065 3985 unius

488 4032 613 4072 esse
633 4013 919 4085 auctoris,
946 4011 1128 4072 Musis
1156 4025 1213 4071 et
1244 4011 1552 4072 Sideribus
1578 4013 1940 4071 sollemniter
1961 4035 2059 4072 va-

486 4103 741 4160 ledicens
786 4101 1097 4182 (751-54)
1144 4121 1375 4160 carmen
1424 4104 1536 4160 rite
1584 4101 1875 4180 digneque
1927 4123 2063 4162 con-

486 4191 687 4251 cludit.
1523 4235 1532 4244 .

562 4279 675 4349 Qui
699 4276 1002 4336 nobiscum
1031 4277 1181 4336 hanc
1204 4278 1479 4336 carminis
1506 4279 1946 4336 continuitatem
1985 4301 2066 4338 se·

369 4427 377 4436 ,
484 4386 806 4445 verumque
844 4368 1168 4442 argumenti
1210 4368 1475 4424 ordinem
1518 4367 1706 4426 oculis
1744 4368 2063 4444 perlustra-

485 4456 665 4528 verit,
693 4457 745 4514 is
771 4455 1064 4533 profecto,
1092 4456 1143 4514 si
1171 4456 1404 4532 quidem
1432 4475 1505 4513 ex
1527 4456 1637 4514 hac
1666 4457 1792 4514 sola
1822 4477 1886 4514 re
1907 4457 2066 4534 judi-

483 4545 636 4602 cium
662 4543 850 4602 facere
868 4556 1131 4615 conetur,
1157 4545 1321 4602 nullo
1341 4546 1516 4601 modo
1539 4543 1808 4602 dubitare
1822 4548 2059 4623 poterit,

484 4633 628 4710 quin
653 4633 765 4690 hoc
791 4651 1022 4690 carmen
1038 4643 1094 4689 et
1112 4631 1185 4689 ab
1210 4653 1328 4690 uno
1350 4631 1695 4709 profectum,
1716 4634 1906 4690 et—si
1930 4653 1962 4690 a
1984 4636 2062 4694 la-

482 4722 647 4779 cunis
675 4720 1021 4798 quibusdam
1056 4720 1293 4778 levioris
1329 4722 1609 4778 momenti
1636 4722 2064 4780 discesseris-

480 4811 792 4884 integrum,
806 4823 862 4868 et
874 4829 1016 4866 vero
1030 4808 1105 4866 ab
1122 4808 1674 4887 interpolationibus
1692 4827 1942 4868 vacuum
1967 4813 2059 4871 sit.

482 4895 707 4973 ltaque,
740 4917 858 4973 quo
888 4896 1193 4954 clariorem
1218 4897 1279 4954 in
1306 4897 1490 4954 lucem
1514 4897 1625 4954 hoc
1652 4898 2058 4970 gravissimum

479 4997 879 5060 argumentum
902 4987 995 5042 vel
1018 4985 1266 5059 fugitivo
1283 4985 1456 5042 oculo
1486 4983 1866 5043 lustrantibus
1886 5005 2062 5062 pone-

412 5141 419 5146 .
482 5087 662 5142 retur,
706 5071 975 5132 versibus
1014 5074 1318 5151 literisque
1370 5089 1476 5150 per
1512 5073 1821 5131 intervalla
1854 5074 2060 5132 distin-

478 5159 724 5238 guendis
744 5159 943 5218 sedulo
963 5179 1197 5240 operam
1220 5162 1505 5220 dedimus.
1528 5162 1589 5217 Si
1612 5162 1744 5238 quis
1760 5163 1940 5235 igitur
1951 5163 2060 5220 hoc

2171 562 2461 617 variorum
2501 560 2852 635 scriptorum
2881 560 3054 619 foetus
3081 562 3426 619 commixtos
3449 584 3570 623 esse
3593 588 3696 643 pru-

2171 648 2310 705 bare
2345 648 2630 720 voluerit,
2654 648 2710 707 ei
2732 661 2790 705 et
2815 668 2888 707 ex
2915 647 3093 706 rebus
3111 662 3170 706 et
3197 669 3274 707 ex
3291 653 3574 710 sermonis
3597 674 3696 729 pm·

2173 739 2412 812 prietate
2441 750 2834 815 versuumque
2852 738 3081 796 ratione
3091 742 3340 813 plurima
3353 752 3414 797 et
3429 747 3694 797 cumulatis-

2167 832 2314 881 sima
2337 840 2673 900 argumenta
2694 839 2865 885 erunt
2895 825 3222 903 afferenda,
3248 827 3470 905 quibus
3493 832 3618 905 quid
3641 834 3694 889 sit

2171 914 2450 991 cujusque
2471 915 2726 973 auctoris
2749 916 2902 973 clare
2924 913 3245 987 discernat3
3269 917 3328 975 ei
3351 936 3552 993 porro,
3581 941 3694 995 quo-

2171 1002 2347 1061 modo
2388 1002 2758 1061 diversorum
2799 1016 3101 1062 auctorum
3157 1004 3480 1080 fragmenta
3523 1008 3580 1065 in
3611 1023 3694 1067 tam

2171 1092 2392 1149 firmam
2427 1093 2698 1171 perpetui
2755 1091 3034 1151 decursus
3079 1113 3420 1173 compagem
3465 1096 3694 1173 conjungi

2169 1181 2489 1258 potuerint,
2502 1181 3016 1240 demonstrandum
3028 1183 3160 1240 erit.
3176 1182 3368 1241 Exhis
3381 1188 3696 1259 argumentis

2169 1290 2288 1344 quo
2321 1271 2448 1329 solo
2481 1290 2620 1331 usus
2641 1282 2729 1328 est
2757 1268 3034 1329 Lehrsius
3058 1270 3132 1327 ad
3167 1270 3396 1329 hiatum
3421 1287 3694 1351 spectante,

2169 1358 2314 1434 quid
2341 1358 2488 1417 illud
2521 1359 2738 1429 valeat,
2771 1357 2980 1415 deinde
3017 1356 3354 1417 videbimus
3385 1380 3400 1417 :
3433 1359 3494 1418 id
3517 1374 3690 1419 tantum

2169 1442 2264 1501 hic
2285 1445 2408 1523 jam
2445 1448 2616 1505 nobis
2635 1445 2936 1503 vindicare
2953 1464 3072 1503 non
3089 1445 3456 1519 dubitamus,
3483 1450 3692 1507 solitaria

2167 1532 2455 1611 ejusmodi
2485 1534 2898 1595 observatione
2926 1548 3116 1610 poetae
3145 1554 3368 1613 corpus
3405 1548 3520 1593 tam
3551 1538 3690 1615 prebe

2165 1626 2550 1703 compositum
2580 1626 2646 1685 in
2671 1628 2933 1683 membra
2957 1624 3203 1683 dissolvi
3242 1646 3368 1685 non
3393 1648 3572 1705 posse.

2243 1712 2356 1771 Sed
2377 1734 2486 1773 nos
2499 1759 2514 1785 ,
2535 1727 2601 1772 ut
2619 1712 2740 1791 jam
2771 1714 3016 1792 propius
3039 1727 3222 1791 poetae
3246 1716 3440 1775 nostri
3457 1718 3518 1775 in
3539 1720 3688 1793 cogni·

2166 1800 2380 1859 tionem
2425 1803 2870 1881 perveniamus,
2909 1821 3070 1860 nunc
3095 1802 3168 1861 de
3207 1804 3396 1873 rebus,
3435 1825 3552 1881 quae
3575 1805 3688 1881 apud

2163 1908 2294 1947 eum
2310 1904 2774 1949 commemoratae
2795 1890 3198 1962 inveniuntur,
3225 1910 3494 1967 agemus,
3515 1912 3686 1949 numer

2163 1978 2238 2037 iis
2281 1980 2353 2037 de
2383 1992 2646 2057 tempore
2671 1999 2792 2056 quo
2819 1979 2922 2037 ille
2953 1980 3282 2055 scripserit,
3313 1994 3376 2037 et
3404 1980 3476 2038 de
3501 1982 3686 2055 regione

2163 2068 2332 2145 cujus
2351 2069 2453 2128 ille
2473 2068 2681 2138 fiterit,
2709 2067 2936 2145 aliquid
2957 2068 3228 2126 concludi
3247 2069 3460 2143 possit.
3487 2070 3686 2127 Protulit

2156 2154 2278 2231 jam
2307 2156 2592 2214 nonnulla
2617 2177 2692 2215 ex
2719 2178 2788 2213 eo
2819 2175 3028 2231 genere
3065 2158 3400 2231 Tyr-colimus
3434 2158 3498 2215 in
3521 2158 3683 2235 prefa-

2163 2245 2319 2301 tione
2342 2244 2414 2303 ad
2443 2243 2668 2303 Lithica
2693 2244 2944 2323 Orphei,
2972 2257 3037 2302 ut
3055 2243 3372 2322 probaret,
3397 2245 3506 2303 hoc
3529 2264 3686 2323 poema

2161 2331 2271 2390 sub
2295 2334 2548 2411 imperio
2579 2332 2844 2391 Romano
2871 2346 2929 2390 et
2955 2332 3190 2409 quidem
3215 2332 3290 2391 ad
3313 2354 3570 2393 occasum
3590 2353 3684 2391 ver·

2160 2435 2332 2495 gente
2355 2421 2542 2480 literis
2573 2419 2906 2479 mandatum
2941 2440 3083 2479 esse.
3137 2420 3251 2479 Sed
3287 2442 3472 2481 unum
3511 2436 3684 2479 tantum

2159 2510 2378 2581 locum,
2402 2510 2608 2587 dequo
2641 2509 2800 2568 infra
2817 2510 3067 2579 dicetur,
3101 2508 3188 2579 11,
3211 2512 3328 2567 ²62
3347 2530 3504 2587 sqq.‚
3519 2530 3580 2569 ex
3601 2511 3681 2567 hoc

2159 2610 2349 2675 poeta,
2375 2610 2594 2657 ceteros
2617 2611 2894 2675 quattuor
2917 2616 2951 2656 e
2972 2595 3130 2655 libro
3153 2595 3181 2653 1
3203 2611 3264 2655 et
3289 2597 3368 2655 IV
3389 2599 3680 2675 desumpsit.

2159 2692 2412 2761 Heym'us
2427 2688 2471 2745 l.
2495 2709 2546 2745 c.
2569 2688 2720 2745 duos
2739 2688 2898 2745 locos
2915 2686 3282 2757 memoravit,
3299 2706 3480 2745 unum
3493 2686 3678 2757 V1‚734

2159 2796 2316 2853 sqq.‚
2347 2778 2450 2853 qui
2479 2776 2552 2833 ad
2575 2775 2920 2854 Principum
2943 2773 3130 2833 edicta
3147 2787 3356 2833 contra
3379 2775 3681 2833 mathemati·

2159 2884 2258 2924 cos
2283 2866 2540 2924 animum
2563 2876 2828 2936 revocet3
2855 2862 3101 2922 alterum
3131 2861 3222 2935 11,
3249 2864 3392 2934 228,
3417 2863 3486 2922 de
3506 2864 3596 2934 iis,
3613 2884 3679 2937 qm

2155 2958 2212 3006 in
2257 2957 2480 3028 templis
2505 2975 2544 3009 a
2585 2957 2798 3028 populo
2831 2955 3220 3020 auscultem,
3277 2952 3442 3028 quod
3481 2953 3572 3010 vix
3595 2952 3676 3008 nisi

2157 3041 2620 3100 Christianorum
2635 3054 2800 3100 aetate
2813 3040 3034 3100 dictum
3047 3059 3174 3098 esse
3187 3040 3348 3116 possi
3357 3053 3396 3100 t.
3415 3039 3560 3098 ldem
3569 3037 3675 3095 Jah-

2156 3128 2368 3187 lonskii
2413 3131 2606 3188 attulit
2643 3128 2938 3205 judicium
2981 3125 3303 3186 dubitantis
3347 3147 3424 3186 an
3461 3125 3674 3184 Manetho
3712 3127 3713 3209 χ

2155 3218 2460 3296 AEgyptius
2495 3231 2696 3276 auctor
2737 3217 3014 3276 carminis
3051 3214 3358 3275 habendus
3395 3219 3496 3286 sit,
3539 3233 3670 3292 quum

2155 3305 2390 3376 Graeca,
2423 3327 2540 3364 non
2571 3305 2882 3364 barbarica
2908 3305 3138 3382 sphaera
3157 3320 3534 3382 proponatur.

2235 3394 2312 3452 Ut
2333 3395 2458 3472 jam
2479 3394 2554 3454 ab
2581 3395 2692 3454 hac
2713 3394 3126 3453 observatione
3151 3394 3392 3452 initium
3425 3395 3669 3458 facianuu.
3710 3439 3711 3482 1

2159 3483 2216 3540 in
2247 3475 2368 3541 toto
2395 3483 2508 3542 hoc
2551 3485 2844 3554 carmine,
2875 3483 2928 3542 si
2955 3503 3045 3539 ms
3069 3495 3432 3558 spectemus,
3461 3481 3586 3540 nihil
3613 3491 3672 3536 est
3709 3487 3711 3527 ¹

2157 3593 2269 3646 qua
2293 3593 2354 3629 re
2379 3585 2672 3631 auctorem
2706 3584 2805 3630 aut
2825 3569 3234 3628 Manethonem
3271 3584 3374 3628 aut
3401 3569 3668 3647 AEgyptium

2161 3663 2334 3718 fuisse
2371 3679 2729 3719 censeamus.
2761 3658 2904 3718 Nam
2945 3678 3066 3736 quo
3107 3659 3238 3716 loco
3271 3657 3525 3736 Heynius
3563 3659 3596 3714 1.
3633 3677 3668 3712 c.
3707 3705 3710 3712 .

2156 3750 2616 3807 Alexandrinum
2645 3749 2940 3806 hominem
2972 3747 3140 3823 argui
3165 3746 3442 3824 putabat,
3465 3745 3561 3812 Vl,
3587 3745 3662 3812 461

2155 3859 2273 3912 sq.,
2301 3839 2404 3896 ubi
2429 3838 2620 3914 agitur
2649 3838 2724 3894 de
2749 3835 3059 3894 conditura
3095 3855 3446 3912 corporum,
3472 3837 3516 3892 is
3553 3835 3670 3890 loms

2157 3927 2217 3982 in
2247 3940 2362 3984 tam
2391 3926 2623 4002 vulgata
2663 3927 2788 3999 ejus
2825 3924 2966 3982 artis
2993 3922 3333 3982 celebritate
3369 3924 3532 4000 plane
3565 3921 3668 3978 nihil
3705 3945 3707 4002 ζ

2157 4013 2386 4091 probat.
2429 4013 2602 4072 Recte
2629 4014 2812 4088 igitur
2834 4011 3196 4089 Tyrwhittus
3223 4011 3298 4070 ad
3323 4011 3588 4090 prooemia
3607 4028 3666 4066 re·

2155 4105 2411 4180 spiciens
2439 4103 2597 4160 solos
2620 4101 2808 4160 libros
2835 4101 3092 4179 primum
3121 4113 3180 4157 et
3213 4100 3480 4176 quintum
3505 4101 3668 4156 Mane-

2157 4192 2336 4246 thonis
2347 4211 2643 4266 personam
2660 4189 2938 4266 praeferre
2964 4189 3119 4247 dixit
3133 4232 3151 4260 ,
3183 4187 3406 4264 injuste
3429 4190 3668 4264 vitupera·

2157 4291 2248 4336 tus
2280 4298 2405 4336 eam
2455 4278 2532 4336 ob
2571 4297 2694 4336 rem
2737 4298 2772 4336 a
2811 4277 3152 4336 novissimis
3179 4274 3502 4334 editoribus
3525 4295 3576 4351 p.
3601 4291 3666 4329 u.

2157 4380 2460 4444 postquam
2488 4366 2846 4442 negligenter
2867 4365 3183 4442 Tyrwhitti
3213 4362 3396 4421 verba
3423 4365 3494 4420 ita
3513 4377 3664 4418 corru-

2157 4469 2365 4530 perunt
2381 4499 2396 4526 ,
2423 4456 2586 4533 quasi
2615 4455 2714 4514 ille
2741 4454 2899 4513 solos
2921 4454 3058 4511 illos
3085 4451 3273 4510 libros
3285 4454 3571 4526 proefiaeum
3591 4449 3664 4500 lm·
3701 4511 3703 4536 ἦ

2156 4547 2285 4600 bere
2329 4563 2530 4600 nomen
2577 4545 2937 4600 Manethom‘s
2981 4541 3328 4618 scripsisset.
3382 4539 3563 4616 ltaque
3595 4534 3664 4590 vix

2154 4632 2415 4690 dubitari
2436 4644 2648 4710 potest,
2671 4631 2818 4708 quin
2840 4630 3208 4690 Manethonis
3235 4647 3446 4688 nomen
3471 4641 3572 4684 tum
3595 4622 3662 4678 de·

2155 4740 2312 4780 mum
2336 4720 2428 4778 his
2456 4738 2690 4797 quoque
2714 4718 2888 4777 libris
2916 4717 3259 4777 attributum
3288 4721 3386 4788 sit,
3419 4727 3662 4794 postqum

2155 4809 2198 4866 ii
2219 4827 2351 4866 cum
2369 4810 2568 4884 primo
2593 4822 2650 4865 et
2664 4809 2894 4884 quinto,
2917 4827 3168 4885 quorum
3189 4806 3264 4864 de
3283 4797 3662 4892 praefationibus

2154 4911 2354 4974 postea
2380 4895 2728 4968 scribemus,
2759 4898 2824 4954 in
2847 4916 3023 4954 unam
3047 4895 3397 4970 farraginem
3425 4889 3660 4950 commitn

2153 4999 2340 5044 erant.

2233 5073 2452 5130 Contra
2479 5087 2633 5130 recte
2659 5073 2896 5148 quidem
2923 5072 3044 5150 jam
3074 5071 3150 5131 ab
3177 5073 3332 5144 illis,
3365 5089 3504 5148 quos
3520 5061 3658 5122 nomi-

2153 5163 2454 5233 navimus,
2487 5160 2858 5220 observatum
2895 5174 3015 5232 est,
3051 5162 3338 5239 plurimes
3365 5159 3436 5218 ad
3463 5158 3652 5230 impera-

3713 2828 3715 2888 1
