3767 5825
974 332 1282 393 OPPIANI
1326 335 1425 394 DE
1470 334 1918 396 PISCATIONE
1961 338 2097 396 LlB.
2141 335 2248 396 111.
3147 345 3210 398 ⁷5

174 470 367 538 ιίναλίας
398 466 688 546 στομίοισιν
718 466 969 539 ἐδήσατο,
997 471 1119 547 τῇσι
1146 466 1397 546 γάνυνται

171 561 337 620 σάλπαι
358 559 407 617 τ’
431 557 517 630 ἧδ’
538 555 686 616 ὅσσοι
718 553 1074 635 βοτανηφάγοι
1100 553 1274 634 ἰχθύες
1298 555 1469 616 ἄλλοι·

104 669 160 710 4²⁵
181 647 222 708 οἳ
240 647 331 707 τότ’
354 643 675 727 ἀγειρόμενοι
699 642 853 710 ποίας
877 641 1061 724 φάγον,
1090 641 1258 723 αὐτὰρ
1288 642 1466 703 ἔπειτα

170 725 217 802 ἐξ
235 735 387 816 μυχὸν
412 729 691 812 ἠΐχθησαν·
715 734 744 789 ὃ
771 730 815 788 δ’
844 729 1035 789 αὐτίκα
1056 729 1241 810 κύρτον
1266 731 1473 790 ἀνέλκει

174 825 309 904 ῥίμφα
338 819 707 901 μεταπλῶσας·
735 824 857 898 σιγῇ
880 815 939 878 δέ
965 822 1013 876 οἱ
1042 817 1226 877 ἅνυται
1258 817 1430 901 ἔργον,

170 909 359 991 ἀνδράσι
384 909 433 969 τ’
459 906 761 989 ἀφθόγγοισι
788 906 879 966 καὶ
900 904 1223 988 ἀσμαράγοις
1249 905 1481 987 ἐλάτῃσι·

171 997 269 1076 σιγὴ
292 995 389 1078 γὰρ
414 995 611 1062 πάσαις
634 993 729 1073 μὲν
755 993 1033 1076 ὄφέλσιμος
1060 992 1245 1053 ἔπλετο
1273 993 1483 1074 θήραις,

100 1107 161 1146 m
179 1085 309 1166 ἔξοχα
334 1087 381 1144 δ’
410 1086 465 1143 ἐν
495 1083 777 1162 σάλπῃσιν·
803 1082 918 1141 ἐπεὶ
940 1081 1086 1159 μάλα
1108 1087 1231 1162 τῇσι
1257 1081 1428 1160 νόημα

84 1214 93 1224 ·
168 1172 431 1232 πτοιαλὲον·
454 1170 611 1244 πτοίη
638 1171 695 1231 δὲ
720 1170 876 1231 πόνον
905 1169 1158 1252 δύσθηρον
1186 1169 1358 1242 ἔθηκε.

234 1261 451 1343 Τρίγλης
476 1261 523 1320 δ’
549 1259 729 1320 οὔτινα
755 1259 893 1341 φημὶ
918 1255 1297 1340 χερειοτέρῃσιν
1320 1258 1534 1323 ἐδωδαῖς

171 1349 443 1430 τέρπεσθαι·
472 1357 651 1407 πᾶσαν
678 1345 781 1428 γὰρ
808 1345 1104 1418 άσηνᾶλὸς,
1124 1345 1190 1417 ἤν
1213 1368 1272 1404 κε
1300 1343 1509 1425 κίχῃσι,

173 1437 410 1518 φέρὸεται·
437 1435 630 1519 ἱμείρει
652 1435 709 1495 δὲ
733 1435 947 1502 δυσαέος
976 1431 1133 1514 ἔξοχα
1160 1432 1349 1500 δαιτός·

100 1545 161 1585 425
182 1525 371 1604 σώμασι
396 1527 448 1583 δ’
476 1521 753 1600 ἐκπάγλως
775 1519 1109 1602 ἷπιτέρπεται
1134 1519 1463 1601 ἆνδρομέοισι

170 1613 477 1692 πυθομένοις,
508 1603 611 1670 εἶτ’
641 1611 705 1669 ἄν
731 1610 827 1669 τιν’
854 1608 949 1689 ἴλῃ
978 1607 1262 1670 στονόεσσα
1286 1609 1545 1670 θάλασσα.

162 1703 242 1781 Τῷ
261 1701 345 1760 καί
368 1723 461 1779 μιν
486 1695 759 1758 δελέασσιν
779 1695 1153 1757 ἃποπνείουσιν
1184 1695 1390 1773 ἀϋτμὴν

176 1787 359 1867 ῥηϊδίως
386 1784 646 1860 ἕλκουσιν,
664 1785 765 1845 ὅσα
786 1783 931 1844 πνέει
957 1783 1142 1866 ἐχθρὸν
1168 1784 1337 1862 ἄημα.

174 1873 351 1934 Εἶκελα
379 1874 437 1934 δὲ
456 1873 727 1957 τρίγλῃσιν
756 1871 904 1932 ὖεσσί
931 1896 989 1931 τε
1014 1872 1150 1955 φημὶ
1177 1871 1423 1952 τετύχθαι

98 1981 159 2020 uo
182 1962 325 2035 ἤθεα,
347 1960 710 2044 φυρομὲνοισιν
737 1959 821 2018 ἀεὶ
852 1958 974 2042 περὶ
1000 1958 1249 2042 γαστέρος
1274 1958 1459 2040 ὁρμήν·

173 2049 313 2131 ἄμφω
340 2052 388 2109 δ’
417 2053 474 2109 αἱ
508 2049 604 2128 μὲν
629 2048 748 2108 ἔασι
770 2047 1025 2128 διάκριτοι
1048 2051 1100 2107 ἐν
1124 2047 1448 2122 νεπόδεσσιν,

172 2140 211 2195 οἱ
239 2139 281 2197 δ’
302 2139 377 2197 ἑνὶ
396 2136 707 2220 χερσαίῃσιν
731 2133 1053 2217 ἀριστεύουσ’
1084 2134 1349 2214 ἀγέλῃσιν.

237 2227 311 2285 Οὔ
340 2223 438 2304 μὲν
464 2223 529 2296 δὴ
558 2221 874 2305 μελάνουρον
903 2220 1147 2282 ἀποίσεαι
1174 2221 1289 2280 οὗτῖ-
1320 2221 1395 2280 ἐνὶ
1424 2221 1597 2300 κύρτῳ

174 2312 367 2392 ῥηϊδίως
396 2315 618 2394 ἂπαφῶν
647 2310 751 2370 οὔτ’
782 2313 835 2370 ἐν
857 2309 1109 2392 λινοεργέῐ
1136 2309 1331 2390 κύκλῳ·
1466 2325 1473 2330 “

98 2418 157 2458 us
176 2399 315 2481 ἕοχα
340 2400 445 2483 γὰρ
474 2399 786 2479 μελάνουρος
811 2401 864 2458 ἐν
886 2399 1089 2479 ἰχθύσιν
1112 2397 1245 2475 ἠμὲν
1273 2397 1487 2465 ἄναλκις

170 2489 253 2559 ἠδὲ
274 2488 620 2571 σαοφρσνέων,
640 2487 798 2567 λίχνη
828 2485 885 2546 δέ
906 2491 953 2546 οἱ
980 2485 1159 2544 οὔποτ’
1188 2484 1354 2557 ἐδωδὴ

174 2579 411 2661 θυμήρης·
438 2575 547 2636 αἰεὶ
572 2573 629 2634 δὲ
648 2573 936 2654 γαληναίης
964 2573 1058 2653 μὲν
1086 2571 1271 2645 ἐούσης

169 2665 395 2725 κέκλιται
421 2666 477 2723 ἐν
504 2661 814 2745 ψαμάθοισι,
839 2662 932 2721 καὶ
958 2664 1052 2720 οὔκ
1080 2659 1361 2720 ἀναδύεται
1383 2659 1571 2737 ἅλμης·

174 2755 278 2812 ἀλλ’
304 2751 393 2813 ὅτε
416 2749 745 2829 κυμαίνουσα
764 2750 1150 2833 περισπέρχῃσι
1176 2749 1420 2808 θάλασσα

91 2861 159 2900 ιω
180 2841 381 2923 λάόρων
408 2839 461 2910 ἐξ
491 2837 717 2919 ἀνίμων,
738 2837 855 2898 τότε
882 2836 947 2910 δὴ
978 2844 1158 2916 μοῦνοι
1186 2837 1493 2918 μελάνουροι

171 2934 305 3007 κῦμα
330 2924 654 2989 διαΐσσουσιν
677 2925 911 2999 ἀολλέες,
940 2925 1057 2985 οὔτε
1084 2929 1185 2986 τιν’
1208 2928 1407 3005 ἀνδρῶν

171 3017 279 3077 οὔτε
299 3017 397 3076 τιν’
429 3014 667 3075 εἰναλίων
694 3014 1013 3097 πεφρικότες·
1045 3017 1092 3073 οἱ
1120 3012 1213 3093 μὲν
1238 3012 1461 3079 ἅπαντες

170 3108 217 3169 ἐς
236 3104 425 3177 νεάτην
450 3104 683 3185 κρηπῖδα
712 3101 860 3185 φόὸῳ
890 3103 1097 3161 δύνουσι
1119 3101 1409 3173 θαλάσσης,

170 3196 212 3250 οἱ
238 3190 291 3252 δὲ
312 3192 425 3253 τότ’
456 3190 635 3265 ἠῖόνας
654 3214 714 3250 τε
739 3189 1152 3273 πολυφλοίσὸους
1174 3187 1419 3271 ἐφέπουσι
1432 3232 1446 3259 ,

85 3300 153 3337 ⁴55
174 3279 385 3363 πέτραις
405 3282 453 3339 τ’
482 3278 830 3358 ἐμπελάουσιν
855 3278 1133 3355 ἀλήμονες,
1162 3275 1212 3335 εἴ
1230 3276 1326 3335 τιν’
1353 3273 1535 3347 ἐδητὺν

168 3367 461 3446 κοπτομένη
485 3366 689 3436 δείξειεν
717 3366 821 3425 ὑπὸ
844 3372 1025 3447 ῥιπῇσι
1048 3365 1307 3425 θάλασσα·

170 3456 381 3535 νήπιοι,
407 3456 517 3515 οὔδ’
544 3454 795 3528 ἐδάησαν,
824 3452 943 3513 ὅσον
971 3450 1309 3533 πινυτώτεροι
1337 3452 1541 3532 ἄνδρες,

166 3543 213 3603 οἳ
236 3544 441 3611 κείνους
459 3542 551 3604 καὶ
574 3542 805 3621 πάμπαν
833 3540 1174 3619 ἀλευομένους
1200 3540 1319 3599 ἕλον
1349 3537 1501 3621 ἄγρῃ.

164 3631 423 3712 Χειμερίη
448 3629 757 3711 πλημμυρὶς
782 3627 907 3687 ὅταν
930 3628 1019 3707 ζέῃ
1048 3627 1388 3709 ἀμφιτρίτης,

92 3738 157 3777 ιω
177 3718 349 3778 ἵστατ’
381 3719 468 3779 ἐπὶ
496 3716 832 3802 προύχουσαν
857 3715 990 3797 ἀνὴρ
1017 3715 1239 3795 ἃλιηγέα
1266 3714 1480 3796 πέτρην,

164 3805 687 3883 ὅξύτατοντόθικῧμα
708 3802 831 3884 περὶ
858 3802 1169 3861 σπιλάδεσσι
1199 3800 1457 3880 μέμυκεν.

170 3894 347 3954 εἴδατα
376 3895 425 3952 δ’
452 3892 812 3973 ἀγνυμένοισιν
839 3890 1127 3972 ἐπισπείρει
1153 3888 1393 3971 ῥοθίοισι,

171 3984 321 4063 τυρὸν
350 3986 485 4059 §yffi
509 3980 739 4060 δήμητρι
768 3979 1106 4057 μεμιγμένον·
1132 3981 1181 4036 οἱ
1208 3978 1253 4035 δ’
1278 3978 1366 4036 ἐπὶ
1394 3976 1593 4058 φορὸὴν

170 4069 441 4142 ἀσπασίην
469 4067 785 4148 θρώσκουσιν
811 4065 1137 4143 ἐπειγόμενοι
1163 4065 1489 4145 μελάνουροι.

84 4175 151 4215 teo
179 4157 319 4217 Ἀλλ’
348 4156 436 4217 ὅτε
458 4159 509 4215 οῖ
533 4154 791 4235 παρίασιν
813 4154 1021 4220 ἀολλέες
1044 4157 1092 4220 ἐς
1120 4152 1273 4234 βόλον
1303 4156 1492 4233 ἄγρης,

168 4246 324 4313 αὐτὸς
350 4243 447 4322 μὲν
474 4243 721 4325 τρέπεται
743 4240 889 4311 λοξὸν
917 4240 1105 4317 δέμας,
1134 4240 1267 4323 ὄφρα
1296 4243 1344 4298 οἱ
1373 4238 1511 4322 ὕδωρ

166 4332 297 4409 μήτι
325 4330 707 4391 κατασκιάοιτο
719 4376 736 4403 ,
764 4328 859 4389 καὶ
882 4328 1059 4408 ἰχθύσι
1085 4328 1274 4409 τάρὸος
1300 4328 1453 4398 ἐνείη·

166 4422 279 4479 ἔστι
309 4420 373 4479 δέ
394 4422 443 4479 οἱ
469 4417 655 4485 λεπτός
680 4442 739 4477 τε
765 4416 916 4485 δόναξ
944 4416 1079 4494 μετὰ
1103 4416 1283 4497 χερσὶν
1311 4420 1537 4493 ἑτοῖμος,

167 4508 341 4581 λεπτή
374 4510 418 4566 θ’
448 4506 606 4585 δρμιὴ
636 4504 832 4587 κούφης
851 4504 1058 4585 τριχὸς,
1085 4505 1310 4571 ἄπλοκος
1332 4505 1515 4570 αὕτως·

84 4616 159 4655 tw
179 4600 401 4664 λεπτοῖς
428 4596 473 4654 δ’
496 4594 849 4674 ἀγκίστροισιν
874 4592 1227 4652 ἀναπλέκεται
1252 4591 1526 4670 θαμέεσσι·

166 4694 274 4751 τοῖς
301 4682 531 4755 ἐπέθηκε
553 4682 811 4763 δέλετρον,
836 4680 865 4741 8
888 4680 977 4739 καὶ
1005 4680 1168 4762 πάρος
1190 4672 1288 4752 ἧκε
1314 4680 1431 4739 καθ’
1459 4680 1614 4761 ὕδωρ·

164 4772 385 4851 πέμπει
407 4771 451 4829 δ’
478 4773 529 4835 ἐς
560 4768 691 4849 βαθὺ
714 4775 859 4846 κῦμα
881 4769 1199 4845 κυκώμενον·
1229 4772 1277 4827 οἱ
1302 4768 1347 4827 δ’
1375 4767 1618 4849 ὁρόωντες

168 4860 343 4919 abactae
372 4856 753 4939 ἐπιθρώσκουσι
777 4856 868 4915 καὶ
896 4856 1209 4937 ἁρπάζουσιν
1234 4856 1460 4935 ὄλεθρον.

164 4950 303 5011 Οὐδ’
328 4946 513 5014 ἁλιεὺς
536 4944 753 5018 εὔκηλον
782 4945 891 5025 ἔχει
916 4944 1079 5027 χέρα,
1106 4942 1282 5002 πυκνὰ
1315 4944 1359 5001 δ’
1388 4943 1593 5003 ἀνέλκει

69 5054 141 5096 «¹¹5
164 5038 228 5095 tx
258 5035 415 5107 δίνης
442 5033 724 5113 ἄγκιστρα,
752 5031 843 5097 καὶ
870 5035 915 5090 εἷ
941 5031 1065 5091 κενὰ
1093 5029 1345 5097 πολλάκις
1372 5030 1470 5104 εἴη·

169 5126 229 5185 οὗ
258 5123 381 5205 γὰρ
404 5120 765 5204 βρασσομένης
792 5144 878 5180 κεν
902 5120 1283 5202 ἕπιφράσσαιτο
1308 5120 1573 5194 θαλάσσης

1620 495 1627 522 ι
1665 474 1873 523 marinas
1895 474 2032 523 ostiis
2059 474 2248 536 religat,
2266 475 2440 536 quibus
2463 475 2667 538 &nudent

1620 526 1627 656 ἱ
1665 562 1906 625 salpaeque
1925 565 1975 612 et
1993 565 2230 625 quotquot
2247 562 2498 626 plautivori
2518 564 2670 626 pisces
2687 565 2811 613 sunt
2831 563 2942 626 nlii;

1664 650 1747 712 qui
1769 653 1883 700 tunc
1901 651 2088 700 collecti
2106 651 2266 700 herbis
2296 655 2571 711 vescuntur,
2597 651 2681 702 sed
2701 655 2868 715 postea

1665 737 1714 787 in
1732 751 1972 788 recessum
1985 738 2199 802 irruunt3
2222 738 2325 802 ipss
2338 751 2452 789 vero
2465 741 2624 790 statim
2644 753 2832 789 nassam
2846 741 3201 791 sursuiutrahit
3211 775 3229 803 ,

1666 825 1881 876 celeriter
1912 826 2308 888 retro-navigans3
2332 826 2522 878 silentio
2547 840 2661 876 vero
2690 827 2782 890 ipsi
2815 826 3058 890 perficitur
3081 841 3228 893 opus.

1668 914 1879 976 virisque
1898 913 2054 963 tacitis
2075 915 2126 963 et
2142 913 2632 977 strepitu-carentibus
2648 913 2822 975 remis;

1669 1001 1913 1051 silentium
1935 1001 2064 1051 enim
2081 1002 2307 1051 omnibus
2329 1001 2526 1064 quidem
2548 1001 2844 1052 conducibile
2866 1004 2941 1052 est
2957 1003 3198 1066 capturis,

1669 1090 1877 1139 maxime
1895 1103 2011 1139 vero
2027 1089 2080 1139 in
2091 1089 2238 1153 salpis
2249 1126 2265 1152 ,
2281 1092 2510 1153 quoniam
2530 1089 2792 1140 admodum
2809 1091 2886 1140 his
2901 1091 3142 1154 ingenium
3157 1096 3232 1142 est

1669 1178 2024 1240 meticulosum,
2043 1181 2204 1228 metus
2217 1191 2333 1228 vero
2347 1177 2560 1228 laborem
2573 1177 3040 1242 capulare-infelicem
3059 1179 3229 1228 reddit.

1732 1266 1882 1317 Mullo
1904 1267 2067 1316 autem
2083 1267 2273 1316 nullum
2283 1269 2479 1330 piscem
2495 1264 2574 1328 aio
2591 1267 2908 1317 deterioribus
2927 1266 3050 1317 cibis

1670 1355 1921 1416 delectari;
1944 1367 2137 1404 omnem
2162 1354 2290 1404 enim
2317 1354 2488 1404 limum
2507 1355 2682 1416 maris,
2710 1369 3046 1418 quemcunque
3071 1355 3235 1417 depre-

1671 1441 1876 1506 hendit,]
1897 1443 2132 1506 pascitur;
2147 1442 2382 1493 desiderat
2393 1445 2554 1492 autem
2573 1442 2790 1493 t'oetidam
2801 1443 3040 1507 praecipue
3049 1456 3206 1494 escam
3218 1460 3234 1505 ;

1674 1530 1952 1593 corporibus
1968 1534 2130 1580 autem
2151 1529 2619 1582 mirum-in-modum
2636 1531 2902 1582 delectatur
2923 1531 3146 1581 humanis

1674 1618 2081 1681 putrescentibus,
2101 1618 2180 1669 ubi
2199 1632 2344 1682 quem
2363 1619 2546 1682 ceperit
2561 1619 2763 1682 lugubre
2779 1632 2929 1670 mare.

1674 1707 1906 1764 Quocirca
1927 1707 2070 1756 etiam
2091 1708 2252 1771 ipsum
2269 1706 2504 1758 illecebris
2522 1708 2856 1759 exhalantibus
2877 1707 3076 1761 odorem

1676 1794 1812 1844 facile
1830 1795 2056 1856 trabunt,
2080 1809 2384 1860 quaecunque
2401 1797 2584 1860 spirant
2604 1795 2850 1846 inimicum
2871 1796 3089 1847 halitum.

1676 1883 1866 1934 Similes
1887 1897 2005 1933 vero
2027 1885 2189 1936 mullis
2208 1885 2461 1949 porcisque
2482 1884 2592 1934 dico
2609 1898 2718 1934 esse

1677 1983 1833 2020 mores
1847 2007 1862 2031 ‚
1880 1970 2140 2034 inquinatis
2158 1985 2345 2034 semper
2361 1973 2486 2022 circa
2502 1971 2686 2022 ventris
2703 1972 2992 2036 appetituum

1678 2058 1822 2108 ambo
1838 2061 2031 2121 autem,
2055 2059 2108 2110 hi
2125 2059 2318 2123 quidem
2337 2059 2500 2110 eximii
2522 2064 2636 2110 sunt
2657 2059 2784 2111 inter
2800 2060 2981 2124 pisces,

1678 2146 1747 2196 illi
1768 2147 1955 2196 veroin
1980 2148 2282 2198 terrestribus
2303 2148 2543 2198 excellunt
2563 2148 2800 2212 gregibus.

1740 2235 1847 2284 Non
1868 2247 1985 2283 sane
2005 2234 2308 2284 melanurum
2329 2233 2586 2284 abstuleris
2603 2270 2619 2296 ,
2643 2249 2797 2300 neque
2817 2236 2867 2286 in
2889 2248 3029 2286 nassa

1684 2322 1821 2372 facile
1840 2321 2095 2386 deceptum
2107 2358 2122 2384 ,
2145 2337 2300 2386 neque
2320 2323 2373 2373 in
2389 2323 2570 2374 circulo
2590 2324 2916 2375 emino-iacto
2936 2325 3078 2388 (reti)
3089 2342 3105 2388 ς

1680 2409 1853 2459 eximie
1870 2423 2076 2472 namque
2095 2410 2369 2460 melanurus
2389 2412 2514 2462 iuter
2533 2411 2690 2475 pisces
2711 2416 2762 2462 et
2783 2410 3050 2463 imbecillus

1681 2500 1732 2546 et
1749 2503 2046 2560 temperans,
2070 2497 2272 2549 delicata
2293 2500 2458 2549 autem
2478 2499 2523 2548 ei
2543 2513 2789 2563 nunquam
2812 2514 2918 2550 esca

1680 2589 1813 2647 grata
1833 2588 1939 2643 est,-
1965 2599 2153 2648 semper
2177 2598 2290 2636 vero
2307 2587 2649 2650 tranquillitate
2661 2587 2859 2651 quidem
2876 2585 3111 2639 existente

1681 2673 1825 2722 cubat
1841 2672 1894 2722 in
1915 2674 2097 2733 arenis,
2121 2677 2170 2723 et
2188 2688 2286 2723 non
2307 2673 2507 2736 emergit
2527 2676 2755 2736 eit-mark

1683 2772 1849 2808 verum
1871 2758 1956 2808 ubi
1973 2761 2209 2810 fluctuans
2225 2760 2447 2809 turbatur
2468 2773 2600 2810 mare

1683 2846 1965 2911 impetuosis
1983 2861 2013 2895 a
2033 2849 2214 2908 venue,
2235 2853 2352 2897 tunc
2370 2861 2487 2897 sane
2509 2849 2596 2898 soli
2615 2847 2848 2898 melanuri

1684 2935 1884 2985 fluctum
1907 2940 2190 2998 percurrunt
2212 2936 2511 2999 statuentes,
2535 2949 2692 2999 neque
2707 2936 2864 2985 ullum
2885 2946 3095 2985 virorum

1685 3037 1839 3087 neque
1857 3023 2008 3072 ullum
2023 3024 2314 3072 marinorum
2333 3022 2351 3086 (
2353 3022 2608 3086 piscium)
2623 3024 3038 3087 pertimescentes;
3053 3024 3120 3074 illi
3145 3024 3244 3087 qui-

1684 3112 1795 3161 dem
1804 3110 1988 3179 omnes]
2004 3110 2214 3159 inimum
2224 3109 2585 3161 fundamentum
2593 3115 2844 3175 pra-metu
2855 3111 3066 3163 subeunt
3073 3112 3220 3161 maris
3231 3148 3246 3171 ‚

1685 3199 1735 3247 hi
1758 3212 1871 3249 vero
1890 3200 2008 3249 tunc
2032 3198 2286 3261 littoraque
2305 3199 2580 3262 obstrepere
2607 3201 2872 3263 motantur,

1687 3290 1939 3348 petrasque
1963 3288 2282 3349 propinquant
2297 3286 2584 3348 errabundi,
2607 3288 2652 3338 si
2672 3301 2819 3351 quam
2835 3301 2996 3339 eseam

1686 3375 1930 3437 pulsatum
1946 3373 2169 3424 ostendat
2183 3374 2246 3423 ab
2261 3374 2706 3426 ictibus-ventorum
2724 3388 2884 3439 mare3

1692 3462 1879 3523 stolidi,
1899 3475 2055 3525 neque
2071 3464 2278 3525 norunt,
2301 3464 2482 3526 quanto
2497 3463 2764 3515 callidiores
2786 3467 2900 3515 sint
2919 3465 3009 3515 viri
3021 3502 3037 3527 ‚

1690 3550 1775 3613 qui
1791 3550 1901 3599 illos
1923 3550 2068 3600 etiam
2087 3551 2286 3601 omnino
2311 3552 2520 3603 vitantes
2535 3553 2728 3616 capiant
2742 3552 3020 3616 piscatione.

1690 3635 1900 3687 Hiberna
1921 3637 2178 3688 exundatio
2195 3651 2309 3703 cum
2331 3638 2486 3690 servet
2506 3640 2834 3703 Amphitrite,

1690 3725 1908 3775 consistit
1924 3739 2069 3789 supra
2089 3726 2378 3777 eminentem
2400 3727 2475 3776 vir
2496 3713 2885 3778 mari-reductam
2910 3730 3094 3792 petram
3111 3764 3126 3779 .

1690 3814 2140 3864 vehementissimus
2158 3814 2242 3864 ubi
2264 3814 2438 3865 fluctus
2460 3815 2588 3881 cirea
2602 3815 2826 3879 scopulos
2846 3816 3080 3878 occultnt3
3159 3880 3163 3887 .

1691 3914 1827 3951 escas
1848 3914 1965 3951 vero
1983 3901 2145 3950 fractis
2168 3902 2398 3965 inspergit
2421 3901 2642 3965 liuentis,

1691 4002 1884 4038 caseum
1903 4002 2015 4038 cum
2033 3968 2194 4039 cerere
2214 3990 2422 4038 mixtum
2435 4006 2459 4055 ;⁷
2472 3990 2565 4053 ipsi
2587 4003 2704 4040 vero
2720 3990 2782 4041 ad
2803 3990 3034 4053 pabulum

1692 4081 1879 4137 gratum
1908 4076 2085 4125 saliunt
2101 4076 2378 4126 festinantes
2399 4077 2648 4127 melanuri.

1693 4166 1753 4211 At
1771 4162 1964 4225 quando
1982 4162 2073 4225 ipsi
2093 4162 2270 4212 adsunt
2291 4164 2491 4213 conserti
2513 4164 2574 4213 ad
2587 4164 2771 4227 jactum
2793 4169 3035 4230 capture,

1693 4249 1797 4312 ipse
1814 4249 2008 4313 quidem
2031 4250 2176 4299 vertit
2201 4263 2404 4299 curvum
2424 4264 2601 4314 corpus
2614 4288 2628 4312 ,
2651 4264 2714 4301 ne
2735 4252 2828 4301 sibi
2849 4264 2978 4315 aqua

1695 4337 1957 4400 quidquam
1977 4337 2424 4401 umbrae-exhibeat,
2443 4342 2492 4388 et
2509 4339 2720 4402 piscibus
2743 4340 2884 4389 timor
2899 4338 3166 4401 iniiciamr3

1694 4429 1765 4473 est
1784 4429 1946 4474 autem
1967 4424 2058 4489 ipsi
2079 4426 2332 4488 tenuisque
2349 4426 2481 4488 virga
2502 4428 2552 4476 in
2573 4426 2796 4477 manibus
2817 4432 3005 4489 parata,

1695 4515 1950 4576 tenuisque
1971 4513 2094 4563 linea
2113 4513 2257 4563 e-levi
2277 4514 2566 4576 pausada,
2589 4497 2842 4577 nen-plexa
2859 4517 3066 4577 temere,

1697 4602 1856 4663 parvis
1880 4614 1994 4650 vero
2015 4601 2171 4650 hamis
2189 4602 2479 4664 implectitur
2497 4602 2750 4664 confertis;

1698 4689 1774 4738 liis
1790 4690 1993 4751 imponit
2004 4689 2296 4751 illecebram,
2310 4703 2456 4752 quam
2471 4690 2616 4739 etiam
2634 4694 2745 4740 ante
2772 4690 2975 4754 projecit
2989 4692 3040 4741 in
3054 4702 3256 4755 aquam3

1700 4777 1844 4826 mittit
1862 4779 2022 4827 autem
2043 4778 2090 4826 in
2118 4777 2403 4840 profundum
2425 4778 2622 4830 fluctum
2649 4778 2928 4839 turbatum;
2952 4778 3024 4829 iili
3047 4790 3162 4829 vero
3192 4774 3259 4829 vi·

1697 4866 1884 4929 dentes]
1909 4865 2070 4915 statim
2089 4866 2338 4928 adsiliunt,
2357 4869 2408 4915 et
2427 4866 2616 4929 rapiunt
2635 4866 2908 4929 perniciem.

1698 4958 1863 5017 Neque
1884 4954 2092 5017 piscator
2119 4955 2330 5017 quietam
2362 4959 2496 5005 tenet
2525 4968 2746 5019 manum,
2767 4956 2854 5006 sed
2875 4956 3044 5007 crebro
3071 4964 3256 5007 sursum

1699 5040 1859 5104 trahit]
1880 5054 1941 5090 ex
1959 5042 2137 5091 vortice
2160 5042 2352 5103 hamos,
2374 5042 2464 5091 etsi
2491 5044 2628 5093 vacui
2649 5056 2778 5107 saepe
2801 5045 2921 5108 sint3

1700 5143 1795 5178 non
1811 5130 1940 5179 enim
1963 5128 2171 5181 fervente
2193 5131 2312 5179 mari
2329 5131 2753 5195 intelligere-queat

2901 5250 2978 5297 11.
