<?xml version="1.0" encoding="UTF-8"?>
<!DOCTYPE html PUBLIC "-//W3C//DTD XHTML 1.0 Transitional//EN"
    "http://www.w3.org/TR/xhtml1/DTD/xhtml1-transitional.dtd">
<html xmlns="http://www.w3.org/1999/xhtml" xml:lang="en" lang="en">
 <head>
  <title>
</title>
<meta http-equiv="Content-Type" content="text/html;charset=utf-8" />
  <meta name='ocr-system' content='tesseract 3.04.00' />
  <meta name='ocr-capabilities' content='ocr_page ocr_carea ocr_par ocr_line ocrx_word'/>
</head>
<body>
  <div class='ocr_page' id='page_1' title='image "./poetbucolicietd00ameigoog_0239.png"; bbox 0 0 3767 5825; ppageno 0'>
   <div class='ocr_carea' id='block_1_1' title="bbox 1137 333 3374 404">
    <p class='ocr_par' dir='ltr' id='par_1_1' title="bbox 1137 333 3374 404">
     <span class='ocr_line' id='line_1_1' title="bbox 1137 333 3374 404; baseline 0.005 -11"><span class='ocrx_word' id='word_1_1' title='bbox 1137 333 1450 396; x_wconf 83' lang='lat' dir='ltr'>OPPIANI</span> <span class='ocrx_word' id='word_1_2' title='bbox 1492 337 1593 396; x_wconf 80' lang='lat' dir='ltr'>DE</span> <span class='ocrx_word' id='word_1_3' title='bbox 1634 336 2084 396; x_wconf 79' lang='lat' dir='ltr'><strong>PISCATIONE</strong></span> <span class='ocrx_word' id='word_1_4' title='bbox 2127 337 2264 396; x_wconf 80' lang='lat' dir='ltr'>Lm.</span> <span class='ocrx_word' id='word_1_5' title='bbox 2312 336 2388 396; x_wconf 83' lang='lat' dir='ltr'>V.</span> <span class='ocrx_word' id='word_1_6' title='bbox 3299 351 3374 404; x_wconf 72' lang='lat' dir='ltr'><em>u</em></span> 
     </span>
    </p>
   </div>
   <div class='ocr_carea' id='block_1_2' title="bbox 183 463 1741 3175">
    <p class='ocr_par' dir='ltr' id='par_1_2' title="bbox 183 463 1741 3175">
     <span class='ocr_line' id='line_1_2' title="bbox 278 463 1605 548; baseline -0.002 -20"><span class='ocrx_word' id='word_1_7' title='bbox 278 463 437 528; x_wconf 73' lang='grc' dir='ltr'>Ἀλλ’</span> <span class='ocrx_word' id='word_1_8' title='bbox 468 463 641 546; x_wconf 77' lang='grc' dir='ltr'>ἔμπης</span> <span class='ocrx_word' id='word_1_9' title='bbox 666 463 757 524; x_wconf 77' lang='grc' dir='ltr'>καὶ</span> <span class='ocrx_word' id='word_1_10' title='bbox 781 465 943 525; x_wconf 72' lang='grc' dir='ltr'>τοῖσιν</span> <span class='ocrx_word' id='word_1_11' title='bbox 971 464 1365 548; x_wconf 76' lang='grc' dir='ltr'>ἕπεφράσσαντο</span> <span class='ocrx_word' id='word_1_12' title='bbox 1393 471 1605 546; x_wconf 87' lang='grc' dir='ltr'>βαρεῖαν</span> 
     </span>
     <span class='ocr_line' id='line_1_3' title="bbox 274 550 1495 635; baseline 0 -23"><span class='ocrx_word' id='word_1_13' title='bbox 274 552 419 626; x_wconf 69' lang='grc' dir='ltr'>ἄτην</span> <span class='ocrx_word' id='word_1_14' title='bbox 448 555 683 635; x_wconf 75' lang='grc' dir='ltr'><strong>ἡμερίων</strong></span> <span class='ocrx_word' id='word_1_15' title='bbox 708 553 917 633; x_wconf 79' lang='grc' dir='ltr'>ἄμαχον</span> <span class='ocrx_word' id='word_1_16' title='bbox 939 550 1106 630; x_wconf 84' lang='grc' dir='ltr'>γένος·</span> <span class='ocrx_word' id='word_1_17' title='bbox 1135 554 1197 612; x_wconf 77' lang='grc' dir='ltr'>ἐκ</span> <span class='ocrx_word' id='word_1_18' title='bbox 1220 555 1267 612; x_wconf 87' lang='grc' dir='ltr'>δ’</span> <span class='ocrx_word' id='word_1_19' title='bbox 1296 554 1495 626; x_wconf 81' lang='grc' dir='ltr'>ἁλιήων</span> 
     </span>
     <span class='ocr_line' id='line_1_4' title="bbox 276 639 1559 722; baseline 0 -20"><span class='ocrx_word' id='word_1_20' title='bbox 276 643 574 720; x_wconf 70' lang='lat' dir='ltr'>mov-tm,</span> <span class='ocrx_word' id='word_1_21' title='bbox 602 640 809 713; x_wconf 79' lang='grc' dir='ltr'>κήτειον</span> <span class='ocrx_word' id='word_1_22' title='bbox 836 639 911 698; x_wconf 79' lang='grc' dir='ltr'>ὅτ’</span> <span class='ocrx_word' id='word_1_23' title='bbox 938 643 993 709; x_wconf 77' lang='grc' dir='ltr'>ἐς</span> <span class='ocrx_word' id='word_1_24' title='bbox 1020 640 1175 718; x_wconf 84' lang='grc' dir='ltr'>μόθον</span> <span class='ocrx_word' id='word_1_25' title='bbox 1204 641 1559 722; x_wconf 80' lang='grc' dir='ltr'>ὁρμήσωνται.</span> 
     </span>
     <span class='ocr_line' id='line_1_5' title="bbox 277 725 1515 811; baseline -0.002 -21"><span class='ocrx_word' id='word_1_26' title='bbox 277 733 411 790; x_wconf 74' lang='grc' dir='ltr'>Τῶν</span> <span class='ocrx_word' id='word_1_27' title='bbox 442 727 576 811; x_wconf 78' lang='grc' dir='ltr'>ἐρέω</span> <span class='ocrx_word' id='word_1_28' title='bbox 602 729 765 810; x_wconf 81' lang='grc' dir='ltr'>θήρης</span> <span class='ocrx_word' id='word_1_29' title='bbox 794 728 970 808; x_wconf 72' lang='grc' dir='ltr'>βριθύν</span> <span class='ocrx_word' id='word_1_30' title='bbox 997 728 1179 787; x_wconf 88' lang='grc' dir='ltr'>πόνον·</span> <span class='ocrx_word' id='word_1_31' title='bbox 1212 729 1327 787; x_wconf 89' lang='grc' dir='ltr'>ἀλλ’</span> <span class='ocrx_word' id='word_1_32' title='bbox 1356 725 1515 789; x_wconf 79' lang='grc' dir='ltr'>ἀΐοιτε</span> 
     </span>
     <span class='ocr_line' id='line_1_6' title="bbox 183 814 1533 896; baseline -0.001 -18"><span class='ocrx_word' id='word_1_33' title='bbox 183 839 237 878; x_wconf 68' lang='grc' dir='ltr'>ιε</span> <span class='ocrx_word' id='word_1_34' title='bbox 278 815 567 896; x_wconf 79' lang='grc' dir='ltr'>εὐμενέται</span> <span class='ocrx_word' id='word_1_35' title='bbox 592 818 867 896; x_wconf 76' lang='grc' dir='ltr'><strong>βασιλῆες,</strong></span> <span class='ocrx_word' id='word_1_36' title='bbox 896 814 1130 894; x_wconf 83' lang='grc' dir='ltr'>ὀλύμπια</span> <span class='ocrx_word' id='word_1_37' title='bbox 1156 816 1335 896; x_wconf 84' lang='grc' dir='ltr'>τείχεα</span> <span class='ocrx_word' id='word_1_38' title='bbox 1363 817 1533 896; x_wconf 84' lang='grc' dir='ltr'><strong>γαίης.</strong></span> 
     </span>
     <span class='ocr_line' id='line_1_7' title="bbox 404 903 1737 988; baseline -0.002 -22"><span class='ocrx_word' id='word_1_39' title='bbox 404 903 597 976; x_wconf 78' lang='grc' dir='ltr'>Κήτεα</span> <span class='ocrx_word' id='word_1_40' title='bbox 620 903 961 985; x_wconf 87' lang='grc' dir='ltr'>μεσσοπόροις</span> <span class='ocrx_word' id='word_1_41' title='bbox 984 905 1078 982; x_wconf 81' lang='grc' dir='ltr'>μὲν</span> <span class='ocrx_word' id='word_1_42' title='bbox 1106 904 1422 988; x_wconf 76' lang='grc' dir='ltr'>ἐνιτρέφεται</span> <span class='ocrx_word' id='word_1_43' title='bbox 1451 906 1737 985; x_wconf 80' lang='grc' dir='ltr'>πελάγεσσι</span> 
     </span>
     <span class='ocr_line' id='line_1_8' title="bbox 276 989 1737 1075; baseline 0 -23"><span class='ocrx_word' id='word_1_44' title='bbox 276 993 515 1053; x_wconf 83' lang='grc' dir='ltr'>πλεῖστά</span> <span class='ocrx_word' id='word_1_45' title='bbox 525 1017 585 1052; x_wconf 86' lang='grc' dir='ltr'>τε</span> <span class='ocrx_word' id='word_1_46' title='bbox 597 989 687 1052; x_wconf 74' lang='grc' dir='ltr'>καὶ</span> <span class='ocrx_word' id='word_1_47' title='bbox 700 992 992 1075; x_wconf 81' lang='grc' dir='ltr'>περίμετρα</span> <span class='ocrx_word' id='word_1_48' title='bbox 1004 991 1095 1051; x_wconf 61' lang='lat' dir='ltr'>ur&amp;</span> <span class='ocrx_word' id='word_1_49' title='bbox 1106 993 1151 1051; x_wconf 89' lang='grc' dir='ltr'>δ’</span> <span class='ocrx_word' id='word_1_50' title='bbox 1164 996 1258 1052; x_wconf 88' lang='grc' dir='ltr'>οὐκ</span> <span class='ocrx_word' id='word_1_51' title='bbox 1270 994 1551 1052; x_wconf 80' lang='grc' dir='ltr'>ἀναδύεται</span> <span class='ocrx_word' id='word_1_52' title='bbox 1566 994 1737 1072; x_wconf 78' lang='grc' dir='ltr'>ἅλμης</span> 
     </span>
     <span class='ocr_line' id='line_1_9' title="bbox 274 1079 1658 1164; baseline 0.001 -24"><span class='ocrx_word' id='word_1_53' title='bbox 274 1081 531 1154; x_wconf 75' lang='grc' dir='ltr'>δηθάκις,</span> <span class='ocrx_word' id='word_1_54' title='bbox 560 1081 675 1140; x_wconf 82' lang='grc' dir='ltr'>ἀλλ’</span> <span class='ocrx_word' id='word_1_55' title='bbox 700 1079 975 1164; x_wconf 75' lang='grc' dir='ltr'>ὑπένερθεν</span> <span class='ocrx_word' id='word_1_56' title='bbox 1000 1079 1113 1161; x_wconf 77' lang='grc' dir='ltr'>ἔχει</span> <span class='ocrx_word' id='word_1_57' title='bbox 1137 1083 1368 1164; x_wconf 82' lang='grc' dir='ltr'>κρηπῖδα</span> <span class='ocrx_word' id='word_1_58' title='bbox 1394 1083 1658 1154; x_wconf 79' lang='grc' dir='ltr'>θαλάσσης</span> 
     </span>
     <span class='ocr_line' id='line_1_10' title="bbox 279 1165 1487 1249; baseline 0.001 -23"><span class='ocrx_word' id='word_1_59' title='bbox 279 1166 601 1249; x_wconf 78' lang='grc' dir='ltr'>βριθοσύνῃ,</span> <span class='ocrx_word' id='word_1_60' title='bbox 632 1177 809 1249; x_wconf 71' lang='grc' dir='ltr'>μαιμᾷ</span> <span class='ocrx_word' id='word_1_61' title='bbox 837 1165 891 1226; x_wconf 81' lang='grc' dir='ltr'>δὲ</span> <span class='ocrx_word' id='word_1_62' title='bbox 923 1171 1078 1249; x_wconf 78' lang='grc' dir='ltr'>βορῆς</span> <span class='ocrx_word' id='word_1_63' title='bbox 1105 1167 1293 1249; x_wconf 83' lang='grc' dir='ltr'>ἀζηχέῖ</span> <span class='ocrx_word' id='word_1_64' title='bbox 1315 1167 1487 1249; x_wconf 81' lang='grc' dir='ltr'>λύσσῃ</span> 
     </span>
     <span class='ocr_line' id='line_1_11' title="bbox 184 1254 1424 1328; baseline -0.001 -13"><span class='ocrx_word' id='word_1_65' title='bbox 184 1277 237 1316; x_wconf 82' lang='grc' dir='ltr'>ω</span> <span class='ocrx_word' id='word_1_66' title='bbox 276 1256 387 1315; x_wconf 78' lang='grc' dir='ltr'>αἰεὶ</span> <span class='ocrx_word' id='word_1_67' title='bbox 415 1255 708 1315; x_wconf 82' lang='grc' dir='ltr'>πεινώοντα</span> <span class='ocrx_word' id='word_1_68' title='bbox 735 1254 826 1314; x_wconf 78' lang='grc' dir='ltr'>καὶ</span> <span class='ocrx_word' id='word_1_69' title='bbox 848 1254 1039 1315; x_wconf 79' lang='grc' dir='ltr'>οὔποτε</span> <span class='ocrx_word' id='word_1_70' title='bbox 1067 1254 1250 1326; x_wconf 79' lang='grc' dir='ltr'>νηδύος</span> <span class='ocrx_word' id='word_1_71' title='bbox 1278 1260 1424 1328; x_wconf 74' lang='grc' dir='ltr'>αἰνῆς</span> 
     </span>
     <span class='ocr_line' id='line_1_12' title="bbox 278 1336 1734 1512; baseline 0.001 -111"><span class='ocrx_word' id='word_1_72' title='bbox 278 1341 1289 1512; x_wconf 35' lang='grc' dir='ltr'>ἕξὲγνοσέύγὲἷῆἀέιέγΐτασχέἑςγέάροςτόὲν</span> <span class='ocrx_word' id='word_1_73' title='bbox 1320 1342 1527 1454; x_wconf 59' lang='grc' dir='ltr'>ἔσσεται</span> <span class='ocrx_word' id='word_1_74' title='bbox 1557 1336 1702 1425; x_wconf 73' lang='grc' dir='ltr'>εἶδαρ</span> <span class='ocrx_word' id='word_1_75' title='bbox 1718 1390 1734 1422; x_wconf 90' lang='grc'>,</span> 
     </span>
     <span class='ocr_line' id='line_1_13' title="bbox 810 1454 1579 1503; baseline 0 -14"><span class='ocrx_word' id='word_1_76' title='bbox 810 1455 843 1489; x_wconf 86' lang='grc' dir='ltr'>α</span> <span class='ocrx_word' id='word_1_77' title='bbox 1020 1454 1034 1464; x_wconf 92' lang='grc'>·</span> <span class='ocrx_word' id='word_1_78' title='bbox 1160 1477 1178 1503; x_wconf 88' lang='grc'>,</span> <span class='ocrx_word' id='word_1_79' title='bbox 1266 1455 1354 1492; x_wconf 90' lang='grc' dir='ltr'>σον</span> <span class='ocrx_word' id='word_1_80' title='bbox 1380 1455 1579 1490; x_wconf 86' lang='grc' dir='ltr'>ααπτον</span> 
     </span>
     <span class='ocr_line' id='line_1_14' title="bbox 280 1516 1698 1598; baseline -0.001 -21"><span class='ocrx_word' id='word_1_81' title='bbox 280 1522 334 1585; x_wconf 80' lang='grc' dir='ltr'>ἐς</span> <span class='ocrx_word' id='word_1_82' title='bbox 360 1518 525 1598; x_wconf 88' lang='grc' dir='ltr'>κόρον</span> <span class='ocrx_word' id='word_1_83' title='bbox 554 1520 836 1596; x_wconf 77' lang='grc' dir='ltr'>ἀμπαῦσαι</span> <span class='ocrx_word' id='word_1_84' title='bbox 863 1517 1044 1576; x_wconf 88' lang='grc' dir='ltr'>κείνων</span> <span class='ocrx_word' id='word_1_85' title='bbox 1074 1516 1253 1596; x_wconf 70' lang='grc' dir='ltr'>γένυν,</span> <span class='ocrx_word' id='word_1_86' title='bbox 1282 1517 1332 1577; x_wconf 80' lang='grc' dir='ltr'>οἳ</span> <span class='ocrx_word' id='word_1_87' title='bbox 1355 1517 1410 1575; x_wconf 84' lang='grc' dir='ltr'>δὲ</span> <span class='ocrx_word' id='word_1_88' title='bbox 1433 1518 1525 1577; x_wconf 77' lang='grc' dir='ltr'>καὶ</span> <span class='ocrx_word' id='word_1_89' title='bbox 1553 1517 1698 1576; x_wconf 76' lang='grc' dir='ltr'>αὐτοὶ</span> 
     </span>
     <span class='ocr_line' id='line_1_15' title="bbox 280 1603 1541 1686; baseline 0.001 -24"><span class='ocrx_word' id='word_1_90' title='bbox 280 1603 553 1676; x_wconf 75' lang='grc' dir='ltr'>ἀλλήλους</span> <span class='ocrx_word' id='word_1_91' title='bbox 572 1603 839 1678; x_wconf 79' lang='grc' dir='ltr'>ὀλέκουσι,</span> <span class='ocrx_word' id='word_1_92' title='bbox 867 1604 1107 1686; x_wconf 86' lang='grc' dir='ltr'>χερείονα</span> <span class='ocrx_word' id='word_1_93' title='bbox 1137 1604 1379 1686; x_wconf 84' lang='grc' dir='ltr'>φέρτερος</span> <span class='ocrx_word' id='word_1_94' title='bbox 1405 1607 1541 1684; x_wconf 80' lang='grc' dir='ltr'>ἀλκῇ</span> 
     </span>
     <span class='ocr_line' id='line_1_16' title="bbox 190 1689 1531 1775; baseline -0.001 -23"><span class='ocrx_word' id='word_1_95' title='bbox 190 1713 241 1752; x_wconf 66' lang='grc' dir='ltr'>ιε</span> <span class='ocrx_word' id='word_1_96' title='bbox 278 1691 530 1774; x_wconf 71' lang='grc' dir='ltr'>πέφνων,</span> <span class='ocrx_word' id='word_1_97' title='bbox 558 1691 805 1764; x_wconf 76' lang='grc' dir='ltr'>ἀλλήλοις</span> <span class='ocrx_word' id='word_1_98' title='bbox 833 1691 888 1749; x_wconf 85' lang='grc' dir='ltr'>δὲ</span> <span class='ocrx_word' id='word_1_99' title='bbox 922 1689 1051 1775; x_wconf 81' lang='grc' dir='ltr'>βορὴ</span> <span class='ocrx_word' id='word_1_100' title='bbox 1079 1691 1169 1751; x_wconf 70' lang='grc' dir='ltr'>καὶ</span> <span class='ocrx_word' id='word_1_101' title='bbox 1199 1694 1371 1760; x_wconf 85' lang='grc' dir='ltr'>δαῖτες</span> <span class='ocrx_word' id='word_1_102' title='bbox 1399 1691 1531 1750; x_wconf 85' lang='grc' dir='ltr'>ἔασι.</span> 
     </span>
     <span class='ocr_line' id='line_1_17' title="bbox 282 1777 1491 1858; baseline -0.002 -19"><span class='ocrx_word' id='word_1_103' title='bbox 282 1777 541 1839; x_wconf 83' lang='grc' dir='ltr'>Πολλάκι</span> <span class='ocrx_word' id='word_1_104' title='bbox 565 1779 658 1838; x_wconf 78' lang='grc' dir='ltr'>καὶ</span> <span class='ocrx_word' id='word_1_105' title='bbox 682 1779 893 1851; x_wconf 78' lang='grc' dir='ltr'>νήεσσιν</span> <span class='ocrx_word' id='word_1_106' title='bbox 920 1777 1040 1858; x_wconf 77' lang='grc' dir='ltr'>ἄγει</span> <span class='ocrx_word' id='word_1_107' title='bbox 1068 1778 1179 1846; x_wconf 83' lang='grc' dir='ltr'>δέος</span> <span class='ocrx_word' id='word_1_108' title='bbox 1205 1778 1491 1838; x_wconf 83' lang='grc' dir='ltr'>ἀντιόωντα</span> 
     </span>
     <span class='ocr_line' id='line_1_18' title="bbox 282 1863 1637 1947; baseline 0.001 -23"><span class='ocrx_word' id='word_1_109' title='bbox 282 1863 537 1947; x_wconf 73' lang='grc' dir='ltr'>ἑσπέριον</span> <span class='ocrx_word' id='word_1_110' title='bbox 561 1864 701 1924; x_wconf 75' lang='grc' dir='ltr'>κατὰ</span> <span class='ocrx_word' id='word_1_111' title='bbox 724 1863 917 1924; x_wconf 83' lang='grc' dir='ltr'>πόντον</span> <span class='ocrx_word' id='word_1_112' title='bbox 946 1863 1227 1945; x_wconf 74' lang='grc' dir='ltr'>Ἰὅηρικὸν,</span> <span class='ocrx_word' id='word_1_113' title='bbox 1256 1864 1375 1924; x_wconf 79' lang='grc' dir='ltr'>ἔνθα</span> <span class='ocrx_word' id='word_1_114' title='bbox 1406 1865 1637 1944; x_wconf 86' lang='grc' dir='ltr'>μάλιστα</span> 
     </span>
     <span class='ocr_line' id='line_1_19' title="bbox 278 1952 1583 2036; baseline 0.001 -25"><span class='ocrx_word' id='word_1_115' title='bbox 278 1953 511 2030; x_wconf 79' lang='grc' dir='ltr'>γείτονος</span> <span class='ocrx_word' id='word_1_116' title='bbox 540 1953 809 2014; x_wconf 79' lang='grc' dir='ltr'>Ὠκεανοῖο</span> <span class='ocrx_word' id='word_1_117' title='bbox 834 1953 1097 2012; x_wconf 86' lang='grc' dir='ltr'>λελοιπότ’</span> <span class='ocrx_word' id='word_1_118' title='bbox 1127 1952 1417 2036; x_wconf 85' lang='grc' dir='ltr'>ἀθέσφατον</span> <span class='ocrx_word' id='word_1_119' title='bbox 1445 1953 1583 2036; x_wconf 76' lang='grc' dir='ltr'>ὕδωρ</span> 
     </span>
     <span class='ocr_line' id='line_1_20' title="bbox 282 2039 1371 2121; baseline 0.004 -23"><span class='ocrx_word' id='word_1_120' title='bbox 282 2041 540 2112; x_wconf 75' lang='grc' dir='ltr'>εἱλεῖται,</span> <span class='ocrx_word' id='word_1_121' title='bbox 566 2040 777 2110; x_wconf 75' lang='grc' dir='ltr'>νήεσσιν</span> <span class='ocrx_word' id='word_1_122' title='bbox 805 2039 1171 2121; x_wconf 76' lang='grc' dir='ltr'>ἕεικοσόροισιν</span> <span class='ocrx_word' id='word_1_123' title='bbox 1194 2042 1371 2118; x_wconf 79' lang='grc' dir='ltr'>ὁμοῖα.</span> 
     </span>
     <span class='ocr_line' id='line_1_21' title="bbox 197 2125 1647 2209; baseline 0 -23"><span class='ocrx_word' id='word_1_124' title='bbox 197 2148 247 2186; x_wconf 79' lang='grc' dir='ltr'>ω</span> <span class='ocrx_word' id='word_1_125' title='bbox 286 2127 543 2188; x_wconf 81' lang='grc' dir='ltr'>Πολλάκι</span> <span class='ocrx_word' id='word_1_126' title='bbox 565 2127 622 2186; x_wconf 82' lang='grc' dir='ltr'>δὲ</span> <span class='ocrx_word' id='word_1_127' title='bbox 644 2125 979 2209; x_wconf 80' lang='grc' dir='ltr'>πλαγχθέντα</span> <span class='ocrx_word' id='word_1_128' title='bbox 1005 2127 1099 2187; x_wconf 81' lang='grc' dir='ltr'>καὶ</span> <span class='ocrx_word' id='word_1_129' title='bbox 1120 2129 1271 2208; x_wconf 78' lang='grc' dir='ltr'>ᾐόνος</span> <span class='ocrx_word' id='word_1_130' title='bbox 1298 2128 1453 2208; x_wconf 81' lang='grc' dir='ltr'>ἐγγὺς</span> <span class='ocrx_word' id='word_1_131' title='bbox 1479 2129 1647 2188; x_wconf 80' lang='grc' dir='ltr'>ἱκάνει</span> 
     </span>
     <span class='ocr_line' id='line_1_22' title="bbox 282 2215 1587 2297; baseline 0.001 -23"><span class='ocrx_word' id='word_1_132' title='bbox 282 2215 639 2296; x_wconf 77' lang='grc' dir='ltr'>ἀγχιὸαθοῢς,</span> <span class='ocrx_word' id='word_1_133' title='bbox 668 2215 753 2274; x_wconf 81' lang='grc' dir='ltr'>ὅτε</span> <span class='ocrx_word' id='word_1_134' title='bbox 780 2215 869 2275; x_wconf 87' lang='grc' dir='ltr'>κέν</span> <span class='ocrx_word' id='word_1_135' title='bbox 893 2240 972 2284; x_wconf 90' lang='grc' dir='ltr'>τις</span> <span class='ocrx_word' id='word_1_136' title='bbox 996 2215 1086 2274; x_wconf 78' lang='grc' dir='ltr'>ἐπί</span> <span class='ocrx_word' id='word_1_137' title='bbox 1110 2240 1283 2297; x_wconf 89' lang='grc' dir='ltr'>σφισιν</span> <span class='ocrx_word' id='word_1_138' title='bbox 1312 2217 1587 2286; x_wconf 76' lang='grc' dir='ltr'>ὁπλίζοντο.</span> 
     </span>
     <span class='ocr_line' id='line_1_23' title="bbox 366 2302 1665 2384; baseline 0.001 -23"><span class='ocrx_word' id='word_1_139' title='bbox 366 2305 525 2362; x_wconf 76' lang='grc' dir='ltr'>Πᾶσι</span> <span class='ocrx_word' id='word_1_140' title='bbox 550 2303 595 2360; x_wconf 84' lang='grc' dir='ltr'>δ’</span> <span class='ocrx_word' id='word_1_141' title='bbox 618 2302 965 2383; x_wconf 77' lang='grc' dir='ltr'>ὖπερφυέεσσι</span> <span class='ocrx_word' id='word_1_142' title='bbox 986 2303 1135 2362; x_wconf 82' lang='grc' dir='ltr'>πέλει</span> <span class='ocrx_word' id='word_1_143' title='bbox 1158 2303 1371 2384; x_wconf 80' lang='grc' dir='ltr'>θήρεσσι</span> <span class='ocrx_word' id='word_1_144' title='bbox 1396 2303 1665 2375; x_wconf 81' lang='grc' dir='ltr'>θαλάσσης</span> 
     </span>
     <span class='ocr_line' id='line_1_24' title="bbox 280 2389 1741 2473; baseline -0.001 -24"><span class='ocrx_word' id='word_1_145' title='bbox 280 2389 437 2473; x_wconf 80' lang='grc' dir='ltr'>νόσφι</span> <span class='ocrx_word' id='word_1_146' title='bbox 464 2393 639 2448; x_wconf 76' lang='grc' dir='ltr'>κυνῶν</span> <span class='ocrx_word' id='word_1_147' title='bbox 670 2389 928 2473; x_wconf 86' lang='grc' dir='ltr'>βαρύγυια</span> <span class='ocrx_word' id='word_1_148' title='bbox 956 2390 1050 2450; x_wconf 70' lang='grc' dir='ltr'>καὶ</span> <span class='ocrx_word' id='word_1_149' title='bbox 1076 2393 1172 2450; x_wconf 78' lang='grc' dir='ltr'>οὐκ</span> <span class='ocrx_word' id='word_1_150' title='bbox 1198 2389 1469 2472; x_wconf 79' lang='grc' dir='ltr'>εὐπρηκτα</span> <span class='ocrx_word' id='word_1_151' title='bbox 1496 2391 1741 2450; x_wconf 87' lang='grc' dir='ltr'>κέλευθα·</span> 
     </span>
     <span class='ocr_line' id='line_1_25' title="bbox 289 2471 1661 2560; baseline 0 -22"><span class='ocrx_word' id='word_1_152' title='bbox 289 2477 411 2538; x_wconf 78' lang='grc' dir='ltr'>οὔτε</span> <span class='ocrx_word' id='word_1_153' title='bbox 439 2477 549 2558; x_wconf 77' lang='grc' dir='ltr'>γὰρ</span> <span class='ocrx_word' id='word_1_154' title='bbox 576 2471 887 2559; x_wconf 57' lang='grc' dir='ltr'>ἐἰσορόωσιν</span> <span class='ocrx_word' id='word_1_155' title='bbox 904 2477 1218 2560; x_wconf 83' lang='grc' dir='ltr'>ἀπόπροθεν,</span> <span class='ocrx_word' id='word_1_156' title='bbox 1248 2477 1364 2538; x_wconf 84' lang='grc' dir='ltr'>οὕτε</span> <span class='ocrx_word' id='word_1_157' title='bbox 1395 2480 1661 2539; x_wconf 88' lang='grc' dir='ltr'>θάλασσαν</span> 
     </span>
     <span class='ocr_line' id='line_1_26' title="bbox 202 2563 1535 2648; baseline -0.002 -22"><span class='ocrx_word' id='word_1_158' title='bbox 202 2585 251 2626; x_wconf 62' lang='grc' dir='ltr'><strong><em>κ</em></strong></span> <span class='ocrx_word' id='word_1_159' title='bbox 286 2575 473 2624; x_wconf 69' lang='grc' dir='ltr'>πᾶσαν</span> <span class='ocrx_word' id='word_1_160' title='bbox 503 2563 862 2645; x_wconf 77' lang='grc' dir='ltr'>ἐπιστείχουσι</span> <span class='ocrx_word' id='word_1_161' title='bbox 892 2565 1234 2648; x_wconf 81' lang='grc' dir='ltr'>βαρυνόμενοι</span> <span class='ocrx_word' id='word_1_162' title='bbox 1262 2565 1535 2644; x_wconf 81' lang='grc' dir='ltr'>μελέεσσιν</span> 
     </span>
     <span class='ocr_line' id='line_1_27' title="bbox 287 2652 1669 2736; baseline 0.002 -24"><span class='ocrx_word' id='word_1_163' title='bbox 287 2653 599 2727; x_wconf 76' lang='grc' dir='ltr'>ἠλιὸάτοις,</span> <span class='ocrx_word' id='word_1_164' title='bbox 632 2652 778 2730; x_wconf 85' lang='grc' dir='ltr'>μάλα</span> <span class='ocrx_word' id='word_1_165' title='bbox 804 2653 851 2712; x_wconf 87' lang='grc' dir='ltr'>δ’</span> <span class='ocrx_word' id='word_1_166' title='bbox 875 2653 971 2735; x_wconf 71' lang='grc' dir='ltr'>ὀψὲ</span> <span class='ocrx_word' id='word_1_167' title='bbox 997 2653 1355 2732; x_wconf 82' lang='grc' dir='ltr'>κυλινδόμενοι</span> <span class='ocrx_word' id='word_1_168' title='bbox 1382 2657 1669 2736; x_wconf 80' lang='grc' dir='ltr'>φορέονται.</span> 
     </span>
     <span class='ocr_line' id='line_1_28' title="bbox 288 2739 1687 2824; baseline 0.001 -23"><span class='ocrx_word' id='word_1_169' title='bbox 288 2741 534 2802; x_wconf 79' lang='grc' dir='ltr'>Τοῦνεκα</span> <span class='ocrx_word' id='word_1_170' title='bbox 563 2740 655 2800; x_wconf 81' lang='grc' dir='ltr'>καὶ</span> <span class='ocrx_word' id='word_1_171' title='bbox 680 2739 963 2800; x_wconf 80' lang='grc' dir='ltr'>πάντεσσιν</span> <span class='ocrx_word' id='word_1_172' title='bbox 993 2741 1274 2819; x_wconf 80' lang='grc' dir='ltr'>ὁμόστολος</span> <span class='ocrx_word' id='word_1_173' title='bbox 1302 2740 1513 2824; x_wconf 84' lang='grc' dir='ltr'>ἔρχεται</span> <span class='ocrx_word' id='word_1_174' title='bbox 1542 2742 1687 2824; x_wconf 78' lang='grc' dir='ltr'>ἰχθὺς</span> 
     </span>
     <span class='ocr_line' id='line_1_29' title="bbox 292 2827 1686 2912; baseline 0 -24"><span class='ocrx_word' id='word_1_175' title='bbox 292 2829 443 2911; x_wconf 84' lang='grc' dir='ltr'>φαιὸς</span> <span class='ocrx_word' id='word_1_176' title='bbox 472 2830 623 2907; x_wconf 82' lang='grc' dir='ltr'>ἰδεῖν,</span> <span class='ocrx_word' id='word_1_177' title='bbox 653 2827 857 2908; x_wconf 86' lang='grc' dir='ltr'>δολιχός</span> <span class='ocrx_word' id='word_1_178' title='bbox 879 2852 938 2888; x_wconf 87' lang='grc' dir='ltr'>τε</span> <span class='ocrx_word' id='word_1_179' title='bbox 961 2829 1151 2906; x_wconf 82' lang='grc' dir='ltr'>δέμας,</span> <span class='ocrx_word' id='word_1_180' title='bbox 1179 2829 1345 2902; x_wconf 82' lang='grc' dir='ltr'>λεπτὴ</span> <span class='ocrx_word' id='word_1_181' title='bbox 1376 2831 1433 2890; x_wconf 86' lang='grc' dir='ltr'>δέ</span> <span class='ocrx_word' id='word_1_182' title='bbox 1458 2836 1505 2889; x_wconf 77' lang='grc' dir='ltr'>οἱ</span> <span class='ocrx_word' id='word_1_183' title='bbox 1533 2831 1686 2912; x_wconf 83' lang='grc' dir='ltr'>οὐρὴ,</span> 
     </span>
     <span class='ocr_line' id='line_1_30' title="bbox 294 2916 1596 3000; baseline 0.002 -24"><span class='ocrx_word' id='word_1_184' title='bbox 294 2917 471 2998; x_wconf 78' lang='grc' dir='ltr'>ἔξοχος</span> <span class='ocrx_word' id='word_1_185' title='bbox 498 2916 554 2985; x_wconf 82' lang='grc' dir='ltr'>ὃς</span> <span class='ocrx_word' id='word_1_186' title='bbox 581 2916 928 3000; x_wconf 83' lang='grc' dir='ltr'>προπάροιθεν</span> <span class='ocrx_word' id='word_1_187' title='bbox 956 2917 1082 2984; x_wconf 77' lang='grc' dir='ltr'>ἁλὸς</span> <span class='ocrx_word' id='word_1_188' title='bbox 1105 2917 1263 2998; x_wconf 87' lang='grc' dir='ltr'>πόρον</span> <span class='ocrx_word' id='word_1_189' title='bbox 1292 2918 1596 2998; x_wconf 80' lang='grc' dir='ltr'>ἡγεμονεύει</span> 
     </span>
     <span class='ocr_line' id='line_1_31' title="bbox 207 3003 1525 3088; baseline 0.001 -24"><span class='ocrx_word' id='word_1_190' title='bbox 207 3024 259 3064; x_wconf 70' lang='grc' dir='ltr'>π)</span> <span class='ocrx_word' id='word_1_191' title='bbox 294 3005 603 3085; x_wconf 80' lang='grc' dir='ltr'>σημαίνων·</span> <span class='ocrx_word' id='word_1_192' title='bbox 633 3008 709 3086; x_wconf 80' lang='grc' dir='ltr'>τῷ</span> <span class='ocrx_word' id='word_1_193' title='bbox 736 3003 828 3063; x_wconf 84' lang='grc' dir='ltr'>καί</span> <span class='ocrx_word' id='word_1_194' title='bbox 856 3029 945 3082; x_wconf 90' lang='grc' dir='ltr'>μιν</span> <span class='ocrx_word' id='word_1_195' title='bbox 972 3005 1235 3087; x_wconf 79' lang='grc' dir='ltr'>ἐφήμισαν</span> <span class='ocrx_word' id='word_1_196' title='bbox 1264 3010 1525 3088; x_wconf 77' lang='grc' dir='ltr'>ἡγητῆρα.</span> 
     </span>
     <span class='ocr_line' id='line_1_32' title="bbox 294 3092 1663 3175; baseline -0.001 -22"><span class='ocrx_word' id='word_1_197' title='bbox 294 3092 467 3164; x_wconf 76' lang='grc' dir='ltr'>Κήτει</span> <span class='ocrx_word' id='word_1_198' title='bbox 494 3094 541 3151; x_wconf 85' lang='grc' dir='ltr'>δ’</span> <span class='ocrx_word' id='word_1_199' title='bbox 564 3092 841 3169; x_wconf 74' lang='grc' dir='ltr'>ἐκπάγλως</span> <span class='ocrx_word' id='word_1_200' title='bbox 867 3092 1242 3174; x_wconf 82' lang='grc' dir='ltr'>κεχαρισμένος</span> <span class='ocrx_word' id='word_1_201' title='bbox 1268 3093 1406 3152; x_wconf 80' lang='grc' dir='ltr'>ἐστὶν</span> <span class='ocrx_word' id='word_1_202' title='bbox 1435 3097 1663 3175; x_wconf 83' lang='grc' dir='ltr'>ἑταῖρος,</span> 
     </span>
    </p>
   </div>
   <div class='ocr_carea' id='block_1_3' title="bbox 294 3173 1765 3261">
    <p class='ocr_par' dir='ltr' id='par_1_3' title="bbox 294 3173 1765 3261">
     <span class='ocr_line' id='line_1_33' title="bbox 294 3173 1765 3261; baseline -0.001 -23"><span class='ocrx_word' id='word_1_203' title='bbox 294 3180 507 3257; x_wconf 85' lang='grc' dir='ltr'>πομπός</span> <span class='ocrx_word' id='word_1_204' title='bbox 534 3204 595 3238; x_wconf 86' lang='grc' dir='ltr'>τε</span> <span class='ocrx_word' id='word_1_205' title='bbox 622 3178 839 3261; x_wconf 88' lang='grc' dir='ltr'>φρουρός</span> <span class='ocrx_word' id='word_1_206' title='bbox 862 3201 945 3237; x_wconf 86' lang='grc' dir='ltr'>τε·</span> <span class='ocrx_word' id='word_1_207' title='bbox 976 3177 1119 3261; x_wconf 83' lang='grc' dir='ltr'>φέρει</span> <span class='ocrx_word' id='word_1_208' title='bbox 1147 3178 1204 3237; x_wconf 89' lang='grc' dir='ltr'>δέ</span> <span class='ocrx_word' id='word_1_209' title='bbox 1234 3203 1321 3257; x_wconf 91' lang='grc' dir='ltr'>μιν</span> <span class='ocrx_word' id='word_1_210' title='bbox 1347 3173 1385 3259; x_wconf 73' lang='grc' dir='ltr'>ᾗ</span> <span class='ocrx_word' id='word_1_211' title='bbox 1411 3180 1459 3238; x_wconf 88' lang='grc' dir='ltr'>κ’</span> <span class='ocrx_word' id='word_1_212' title='bbox 1484 3180 1689 3257; x_wconf 82' lang='grc' dir='ltr'>ἐθέλῃσι</span> <span class='ocrx_word' id='word_1_213' title='bbox 1748 3184 1765 3199; x_wconf 80' lang='grc'><em>“</em></span> 
     </span>
    </p>
   </div>
   <div class='ocr_carea' id='block_1_4' title="bbox 210 3264 1703 3612">
    <p class='ocr_par' dir='ltr' id='par_1_4' title="bbox 299 3264 1526 3349">
     <span class='ocr_line' id='line_1_34' title="bbox 299 3264 1526 3349; baseline 0 -24"><span class='ocrx_word' id='word_1_214' title='bbox 299 3267 531 3349; x_wconf 77' lang='grc' dir='ltr'>ῥηϊδίως·</span> <span class='ocrx_word' id='word_1_215' title='bbox 565 3267 719 3348; x_wconf 80' lang='grc' dir='ltr'>κείνῳ</span> <span class='ocrx_word' id='word_1_216' title='bbox 744 3266 847 3347; x_wconf 76' lang='grc' dir='ltr'>γὰρ</span> <span class='ocrx_word' id='word_1_217' title='bbox 875 3264 1155 3348; x_wconf 80' lang='grc' dir='ltr'>ἐφέσπεται</span> <span class='ocrx_word' id='word_1_218' title='bbox 1183 3266 1325 3346; x_wconf 83' lang='grc' dir='ltr'>ἷχθύῖ</span> <span class='ocrx_word' id='word_1_219' title='bbox 1352 3266 1526 3348; x_wconf 86' lang='grc' dir='ltr'>μούνῳ</span> 
     </span>
    </p>

    <p class='ocr_par' dir='ltr' id='par_1_5' title="bbox 210 3352 1661 3525">
     <span class='ocr_line' id='line_1_35' title="bbox 296 3352 1643 3437; baseline -0.001 -24"><span class='ocrx_word' id='word_1_220' title='bbox 296 3358 499 3437; x_wconf 77' lang='grc' dir='ltr'>πιστῷ,</span> <span class='ocrx_word' id='word_1_221' title='bbox 528 3354 715 3413; x_wconf 80' lang='grc' dir='ltr'>πιστὸν</span> <span class='ocrx_word' id='word_1_222' title='bbox 744 3352 879 3434; x_wconf 79' lang='grc' dir='ltr'>ἔχων</span> <span class='ocrx_word' id='word_1_223' title='bbox 909 3352 1011 3412; x_wconf 69' lang='grc' dir='ltr'>αἰεὶ</span> <span class='ocrx_word' id='word_1_224' title='bbox 1038 3352 1178 3413; x_wconf 84' lang='grc' dir='ltr'>νόον·</span> <span class='ocrx_word' id='word_1_225' title='bbox 1210 3354 1385 3433; x_wconf 85' lang='grc' dir='ltr'>ἐγγύθι</span> <span class='ocrx_word' id='word_1_226' title='bbox 1412 3357 1459 3413; x_wconf 89' lang='grc' dir='ltr'>δ’</span> <span class='ocrx_word' id='word_1_227' title='bbox 1488 3358 1643 3413; x_wconf 80' lang='grc' dir='ltr'>αὐτοῦ</span> 
     </span>
     <span class='ocr_line' id='line_1_36' title="bbox 210 3438 1661 3525; baseline -0.004 -20"><span class='ocrx_word' id='word_1_228' title='bbox 210 3464 259 3505; x_wconf 76' lang='grc' dir='ltr'>π</span> <span class='ocrx_word' id='word_1_229' title='bbox 298 3452 637 3525; x_wconf 73' lang='grc' dir='ltr'>στρωφᾶται,</span> <span class='ocrx_word' id='word_1_230' title='bbox 664 3438 839 3501; x_wconf 81' lang='grc' dir='ltr'>τανύει</span> <span class='ocrx_word' id='word_1_231' title='bbox 874 3439 931 3500; x_wconf 73' lang='grc' dir='ltr'>δὲ</span> <span class='ocrx_word' id='word_1_232' title='bbox 957 3442 1293 3523; x_wconf 84' lang='grc' dir='ltr'>παρασχεδὸν</span> <span class='ocrx_word' id='word_1_233' title='bbox 1320 3444 1661 3523; x_wconf 70' lang='grc' dir='ltr'>ὀφθαλμοῖσιν</span> 
     </span>
    </p>

    <p class='ocr_par' dir='ltr' id='par_1_6' title="bbox 299 3526 1703 3612">
     <span class='ocr_line' id='line_1_37' title="bbox 299 3526 1703 3612; baseline -0.001 -22"><span class='ocrx_word' id='word_1_234' title='bbox 299 3530 479 3612; x_wconf 77' lang='grc' dir='ltr'>οὐρὴν,</span> <span class='ocrx_word' id='word_1_235' title='bbox 506 3528 543 3597; x_wconf 79' lang='grc' dir='ltr'>ἤ</span> <span class='ocrx_word' id='word_1_236' title='bbox 574 3532 623 3587; x_wconf 77' lang='grc' dir='ltr'>οἱ</span> <span class='ocrx_word' id='word_1_237' title='bbox 649 3526 849 3587; x_wconf 75' lang='grc' dir='ltr'>ἕκαστα</span> <span class='ocrx_word' id='word_1_238' title='bbox 874 3527 1261 3611; x_wconf 78' lang='grc' dir='ltr'>πιφαύσκεται,</span> <span class='ocrx_word' id='word_1_239' title='bbox 1290 3528 1392 3588; x_wconf 81' lang='grc' dir='ltr'>εἴτε</span> <span class='ocrx_word' id='word_1_240' title='bbox 1418 3535 1515 3587; x_wconf 90' lang='grc' dir='ltr'>τιν’</span> <span class='ocrx_word' id='word_1_241' title='bbox 1540 3530 1703 3611; x_wconf 80' lang='grc' dir='ltr'>ἄγρην</span> 
     </span>
    </p>
   </div>
   <div class='ocr_carea' id='block_1_5' title="bbox 300 3606 1695 3698">
    <p class='ocr_par' dir='ltr' id='par_1_7' title="bbox 300 3606 1695 3698">
     <span class='ocr_line' id='line_1_38' title="bbox 300 3606 1695 3698; baseline -0.001 -22"><span class='ocrx_word' id='word_1_242' title='bbox 300 3618 443 3677; x_wconf 73' lang='grc' dir='ltr'>ἐστὶν</span> <span class='ocrx_word' id='word_1_243' title='bbox 471 3618 629 3687; x_wconf 69' lang='grc' dir='ltr'>ἑλεῖν,</span> <span class='ocrx_word' id='word_1_244' title='bbox 656 3613 751 3674; x_wconf 76' lang='grc' dir='ltr'>εἶτ’</span> <span class='ocrx_word' id='word_1_245' title='bbox 777 3606 866 3675; x_wconf 71' lang='grc' dir='ltr'>οὗν</span> <span class='ocrx_word' id='word_1_246' title='bbox 890 3639 944 3676; x_wconf 91' lang='grc' dir='ltr'>τι</span> <span class='ocrx_word' id='word_1_247' title='bbox 969 3615 1284 3698; x_wconf 77' lang='grc' dir='ltr'>κορύσσεται</span> <span class='ocrx_word' id='word_1_248' title='bbox 1312 3616 1486 3695; x_wconf 80' lang='grc' dir='ltr'>ἐγγύθι</span> <span class='ocrx_word' id='word_1_249' title='bbox 1515 3623 1695 3695; x_wconf 73' lang='grc' dir='ltr'>πῆμα,</span> 
     </span>
    </p>
   </div>
   <div class='ocr_carea' id='block_1_6' title="bbox 190 3701 1750 5187">
    <p class='ocr_par' dir='ltr' id='par_1_8' title="bbox 190 3701 1750 5187">
     <span class='ocr_line' id='line_1_39' title="bbox 302 3701 1545 3785; baseline -0.001 -22"><span class='ocrx_word' id='word_1_250' title='bbox 302 3704 391 3765; x_wconf 75' lang='grc' dir='ltr'>εἶτ’</span> <span class='ocrx_word' id='word_1_251' title='bbox 418 3704 573 3781; x_wconf 80' lang='grc' dir='ltr'>ὀλίγη</span> <span class='ocrx_word' id='word_1_252' title='bbox 600 3702 811 3762; x_wconf 87' lang='grc' dir='ltr'>πόντοιο</span> <span class='ocrx_word' id='word_1_253' title='bbox 834 3702 986 3763; x_wconf 78' lang='grc' dir='ltr'>πέλει</span> <span class='ocrx_word' id='word_1_254' title='bbox 1006 3701 1185 3785; x_wconf 85' lang='grc' dir='ltr'>χύσις,</span> <span class='ocrx_word' id='word_1_255' title='bbox 1209 3704 1274 3776; x_wconf 81' lang='grc' dir='ltr'>ἣν</span> <span class='ocrx_word' id='word_1_256' title='bbox 1303 3704 1545 3763; x_wconf 88' lang='grc' dir='ltr'>ἀλεείνειν</span> 
     </span>
     <span class='ocr_line' id='line_1_40' title="bbox 302 3788 1609 3875; baseline 0 -24"><span class='ocrx_word' id='word_1_257' title='bbox 302 3792 575 3873; x_wconf 77' lang='grc' dir='ltr'>βέλτερον·</span> <span class='ocrx_word' id='word_1_258' title='bbox 606 3791 875 3864; x_wconf 75' lang='grc' dir='ltr'>αὐδήεσσα</span> <span class='ocrx_word' id='word_1_259' title='bbox 902 3790 947 3849; x_wconf 85' lang='grc' dir='ltr'>δ’</span> <span class='ocrx_word' id='word_1_260' title='bbox 974 3788 1117 3860; x_wconf 67' lang='grc' dir='ltr'>ὅπως</span> <span class='ocrx_word' id='word_1_261' title='bbox 1142 3792 1457 3851; x_wconf 76' lang='grc' dir='ltr'>ἐνδείκνυται</span> <span class='ocrx_word' id='word_1_262' title='bbox 1485 3793 1609 3875; x_wconf 82' lang='grc' dir='ltr'>οὐρὴ</span> 
     </span>
     <span class='ocr_line' id='line_1_41' title="bbox 216 3876 1743 3961; baseline 0.002 -24"><span class='ocrx_word' id='word_1_263' title='bbox 216 3898 267 3937; x_wconf 71' lang='grc' dir='ltr'>ω</span> <span class='ocrx_word' id='word_1_264' title='bbox 302 3881 477 3939; x_wconf 80' lang='grc' dir='ltr'>πάντα</span> <span class='ocrx_word' id='word_1_265' title='bbox 500 3878 627 3957; x_wconf 87' lang='grc' dir='ltr'>μάλ’</span> <span class='ocrx_word' id='word_1_266' title='bbox 648 3876 933 3961; x_wconf 76' lang='grc' dir='ltr'>ἀτρεκέως·</span> <span class='ocrx_word' id='word_1_267' title='bbox 951 3878 1012 3938; x_wconf 80' lang='grc' dir='ltr'>τὸ</span> <span class='ocrx_word' id='word_1_268' title='bbox 1035 3878 1091 3938; x_wconf 81' lang='grc' dir='ltr'>δὲ</span> <span class='ocrx_word' id='word_1_269' title='bbox 1108 3880 1345 3939; x_wconf 87' lang='grc' dir='ltr'>πείθεται</span> <span class='ocrx_word' id='word_1_270' title='bbox 1364 3878 1545 3947; x_wconf 77' lang='grc' dir='ltr'>ὕδατος</span> <span class='ocrx_word' id='word_1_271' title='bbox 1566 3882 1743 3960; x_wconf 80' lang='grc' dir='ltr'>ἄχθος·</span> 
     </span>
     <span class='ocr_line' id='line_1_42' title="bbox 301 3962 1726 4050; baseline 0 -25"><span class='ocrx_word' id='word_1_272' title='bbox 301 3976 471 4034; x_wconf 82' lang='grc' dir='ltr'>κεῖνος</span> <span class='ocrx_word' id='word_1_273' title='bbox 496 3964 601 4047; x_wconf 75' lang='grc' dir='ltr'>γὰρ</span> <span class='ocrx_word' id='word_1_274' title='bbox 627 3962 904 4048; x_wconf 74' lang='grc' dir='ltr'>πρόμαχόέ</span> <span class='ocrx_word' id='word_1_275' title='bbox 921 3989 980 4026; x_wconf 84' lang='grc' dir='ltr'>τε</span> <span class='ocrx_word' id='word_1_276' title='bbox 1006 3965 1097 4025; x_wconf 78' lang='grc' dir='ltr'>καὶ</span> <span class='ocrx_word' id='word_1_277' title='bbox 1125 3966 1289 4026; x_wconf 82' lang='grc' dir='ltr'>οὔατα</span> <span class='ocrx_word' id='word_1_278' title='bbox 1312 3968 1402 4025; x_wconf 79' lang='grc' dir='ltr'>καὶ</span> <span class='ocrx_word' id='word_1_279' title='bbox 1425 3967 1553 4050; x_wconf 83' lang='grc' dir='ltr'>φάος</span> <span class='ocrx_word' id='word_1_280' title='bbox 1581 3968 1726 4048; x_wconf 79' lang='grc' dir='ltr'>ἰχθὺς</span> 
     </span>
     <span class='ocr_line' id='line_1_43' title="bbox 304 4052 1585 4138; baseline 0 -25"><span class='ocrx_word' id='word_1_281' title='bbox 304 4054 423 4137; x_wconf 79' lang='grc' dir='ltr'>θηρὶ</span> <span class='ocrx_word' id='word_1_282' title='bbox 450 4055 628 4113; x_wconf 82' lang='grc' dir='ltr'>πέλει·</span> <span class='ocrx_word' id='word_1_283' title='bbox 654 4054 807 4134; x_wconf 82' lang='grc' dir='ltr'>κείνῳ</span> <span class='ocrx_word' id='word_1_284' title='bbox 833 4054 879 4112; x_wconf 84' lang='grc' dir='ltr'>δ’</span> <span class='ocrx_word' id='word_1_285' title='bbox 908 4052 1039 4129; x_wconf 80' lang='grc' dir='ltr'>ἀΐει,</span> <span class='ocrx_word' id='word_1_286' title='bbox 1066 4054 1221 4137; x_wconf 82' lang='grc' dir='ltr'>κείνῳ</span> <span class='ocrx_word' id='word_1_287' title='bbox 1249 4054 1303 4115; x_wconf 81' lang='grc' dir='ltr'>δὲ</span> <span class='ocrx_word' id='word_1_288' title='bbox 1329 4056 1585 4138; x_wconf 80' lang='grc' dir='ltr'>δέδορκεν,</span> 
     </span>
     <span class='ocr_line' id='line_1_44' title="bbox 304 4139 1545 4223; baseline 0.001 -23"><span class='ocrx_word' id='word_1_289' title='bbox 304 4144 405 4213; x_wconf 80' lang='grc' dir='ltr'>ἡνί’</span> <span class='ocrx_word' id='word_1_290' title='bbox 436 4140 715 4223; x_wconf 78' lang='grc' dir='ltr'>ἐπιτρέψας</span> <span class='ocrx_word' id='word_1_291' title='bbox 743 4139 989 4223; x_wconf 72' lang='grc' dir='ltr'>σφετέρου</span> <span class='ocrx_word' id='word_1_292' title='bbox 1022 4140 1217 4222; x_wconf 90' lang='grc' dir='ltr'>βιότοιο</span> <span class='ocrx_word' id='word_1_293' title='bbox 1243 4142 1545 4223; x_wconf 82' lang='grc' dir='ltr'>φυλάσσειν.</span> 
     </span>
     <span class='ocr_line' id='line_1_45' title="bbox 307 4228 1689 4309; baseline -0.002 -20"><span class='ocrx_word' id='word_1_294' title='bbox 307 4228 400 4297; x_wconf 85' lang='grc' dir='ltr'>Ὡς</span> <span class='ocrx_word' id='word_1_295' title='bbox 428 4229 485 4288; x_wconf 80' lang='grc' dir='ltr'>δὲ</span> <span class='ocrx_word' id='word_1_296' title='bbox 512 4228 637 4295; x_wconf 79' lang='grc' dir='ltr'>πάϊς</span> <span class='ocrx_word' id='word_1_297' title='bbox 661 4233 914 4309; x_wconf 78' lang='grc' dir='ltr'>γενετῆρα</span> <span class='ocrx_word' id='word_1_298' title='bbox 944 4228 1258 4309; x_wconf 83' lang='grc' dir='ltr'>παλαίτερον</span> <span class='ocrx_word' id='word_1_299' title='bbox 1288 4230 1689 4309; x_wconf 76' lang='grc' dir='ltr'>ἀμφαγαπάζει,</span> 
     </span>
     <span class='ocr_line' id='line_1_46' title="bbox 190 4314 1574 4398; baseline -0.001 -23"><span class='ocrx_word' id='word_1_300' title='bbox 190 4336 269 4375; x_wconf 60' lang='lat' dir='ltr'>wa</span> <span class='ocrx_word' id='word_1_301' title='bbox 306 4316 543 4398; x_wconf 84' lang='grc' dir='ltr'>φροντίσι</span> <span class='ocrx_word' id='word_1_302' title='bbox 568 4314 936 4397; x_wconf 76' lang='grc' dir='ltr'>γηροκόμοισιν</span> <span class='ocrx_word' id='word_1_303' title='bbox 963 4316 1067 4375; x_wconf 82' lang='grc' dir='ltr'>ἀπὸ</span> <span class='ocrx_word' id='word_1_304' title='bbox 1096 4316 1379 4398; x_wconf 85' lang='grc' dir='ltr'>θρεπτήρια</span> <span class='ocrx_word' id='word_1_305' title='bbox 1403 4318 1574 4389; x_wconf 81' lang='grc' dir='ltr'>τίνων,</span> 
     </span>
     <span class='ocr_line' id='line_1_47' title="bbox 308 4402 1597 4485; baseline -0.001 -22"><span class='ocrx_word' id='word_1_306' title='bbox 308 4405 395 4463; x_wconf 76' lang='grc' dir='ltr'>τὸν</span> <span class='ocrx_word' id='word_1_307' title='bbox 424 4406 473 4463; x_wconf 86' lang='grc' dir='ltr'>δ’</span> <span class='ocrx_word' id='word_1_308' title='bbox 500 4404 605 4477; x_wconf 87' lang='grc' dir='ltr'>ἤδη</span> <span class='ocrx_word' id='word_1_309' title='bbox 637 4402 879 4481; x_wconf 80' lang='grc' dir='ltr'>μελέεσσι</span> <span class='ocrx_word' id='word_1_310' title='bbox 904 4404 997 4463; x_wconf 77' lang='grc' dir='ltr'>καὶ</span> <span class='ocrx_word' id='word_1_311' title='bbox 1024 4404 1260 4481; x_wconf 82' lang='grc' dir='ltr'>ὄμμασιν</span> <span class='ocrx_word' id='word_1_312' title='bbox 1286 4405 1597 4485; x_wconf 86' lang='grc' dir='ltr'>ἀδρανέοντα</span> 
     </span>
     <span class='ocr_line' id='line_1_48' title="bbox 310 4489 1750 4572; baseline -0.001 -23"><span class='ocrx_word' id='word_1_313' title='bbox 310 4490 559 4558; x_wconf 77' lang='grc' dir='ltr'>ἐνδυκέως</span> <span class='ocrx_word' id='word_1_314' title='bbox 584 4490 823 4568; x_wconf 82' lang='grc' dir='ltr'>μεθέπων</span> <span class='ocrx_word' id='word_1_315' title='bbox 849 4489 1300 4572; x_wconf 88' lang='grc' dir='ltr'>προσπτύσσεται,</span> <span class='ocrx_word' id='word_1_316' title='bbox 1330 4491 1381 4549; x_wconf 83' lang='grc' dir='ltr'>ἕν</span> <span class='ocrx_word' id='word_1_317' title='bbox 1410 4516 1467 4549; x_wconf 89' lang='grc' dir='ltr'>τε</span> <span class='ocrx_word' id='word_1_318' title='bbox 1496 4490 1750 4557; x_wconf 80' lang='grc' dir='ltr'>κελεύθοις</span> 
     </span>
     <span class='ocr_line' id='line_1_49' title="bbox 310 4576 1747 4662; baseline -0.001 -24"><span class='ocrx_word' id='word_1_319' title='bbox 310 4578 445 4662; x_wconf 81' lang='grc' dir='ltr'>χεῖρ’</span> <span class='ocrx_word' id='word_1_320' title='bbox 465 4576 659 4659; x_wconf 80' lang='grc' dir='ltr'>ὀρέγων</span> <span class='ocrx_word' id='word_1_321' title='bbox 687 4576 781 4637; x_wconf 77' lang='grc' dir='ltr'>καὶ</span> <span class='ocrx_word' id='word_1_322' title='bbox 805 4586 969 4637; x_wconf 75' lang='grc' dir='ltr'>πᾶσιν</span> <span class='ocrx_word' id='word_1_323' title='bbox 988 4580 1041 4635; x_wconf 82' lang='grc' dir='ltr'>ἐν</span> <span class='ocrx_word' id='word_1_324' title='bbox 1066 4576 1317 4657; x_wconf 82' lang='grc' dir='ltr'>ἔργμασιν</span> <span class='ocrx_word' id='word_1_325' title='bbox 1338 4578 1491 4645; x_wconf 82' lang='grc' dir='ltr'>αὐτὸς</span> <span class='ocrx_word' id='word_1_326' title='bbox 1510 4580 1721 4657; x_wconf 84' lang='grc' dir='ltr'>ἀμύνων</span> <span class='ocrx_word' id='word_1_327' title='bbox 1734 4602 1747 4615; x_wconf 91' lang='grc'>·</span> 
     </span>
     <span class='ocr_line' id='line_1_50' title="bbox 310 4653 1575 4747; baseline -0.002 -23"><span class='ocrx_word' id='word_1_328' title='bbox 310 4664 475 4747; x_wconf 78' lang='grc' dir='ltr'>πατρὶ</span> <span class='ocrx_word' id='word_1_329' title='bbox 502 4663 559 4726; x_wconf 78' lang='grc' dir='ltr'>δὲ</span> <span class='ocrx_word' id='word_1_330' title='bbox 584 4662 906 4746; x_wconf 79' lang='grc' dir='ltr'>γηράσκοντι</span> <span class='ocrx_word' id='word_1_331' title='bbox 934 4662 1046 4723; x_wconf 81' lang='grc' dir='ltr'>νέον</span> <span class='ocrx_word' id='word_1_332' title='bbox 1074 4662 1248 4731; x_wconf 86' lang='grc' dir='ltr'>σθένος</span> <span class='ocrx_word' id='word_1_333' title='bbox 1275 4653 1379 4731; x_wconf 72' lang='grc' dir='ltr'>υἷες</span> <span class='ocrx_word' id='word_1_334' title='bbox 1406 4664 1549 4723; x_wconf 84' lang='grc' dir='ltr'>ἔασιν</span> <span class='ocrx_word' id='word_1_335' title='bbox 1564 4690 1575 4701; x_wconf 94' lang='grc'>·</span> 
     </span>
     <span class='ocr_line' id='line_1_51' title="bbox 228 4749 1583 4835; baseline -0.002 -23"><span class='ocrx_word' id='word_1_336' title='bbox 228 4772 279 4812; x_wconf 71' lang='grc' dir='ltr'>σο</span> <span class='ocrx_word' id='word_1_337' title='bbox 314 4752 385 4822; x_wconf 78' lang='grc' dir='ltr'>ὣς</span> <span class='ocrx_word' id='word_1_338' title='bbox 408 4754 573 4821; x_wconf 84' lang='grc' dir='ltr'>κεῖνος</span> <span class='ocrx_word' id='word_1_339' title='bbox 598 4751 841 4835; x_wconf 75' lang='grc' dir='ltr'>φιλότητι</span> <span class='ocrx_word' id='word_1_340' title='bbox 864 4749 1203 4833; x_wconf 88' lang='grc' dir='ltr'>περιπτύσσει</span> <span class='ocrx_word' id='word_1_341' title='bbox 1234 4750 1384 4819; x_wconf 89' lang='grc' dir='ltr'>δάκος</span> <span class='ocrx_word' id='word_1_342' title='bbox 1413 4752 1583 4826; x_wconf 80' lang='grc' dir='ltr'>ἅλμης</span> 
     </span>
     <span class='ocr_line' id='line_1_52' title="bbox 314 4837 1385 4953; baseline -0.001 -54"><span class='ocrx_word' id='word_1_343' title='bbox 314 4838 487 4953; x_wconf 51' lang='grc' dir='ltr'>ἰχθὺς,</span> <span class='ocrx_word' id='word_1_344' title='bbox 514 4837 644 4913; x_wconf 74' lang='grc' dir='ltr'>ἠΰτε</span> <span class='ocrx_word' id='word_1_345' title='bbox 673 4844 777 4913; x_wconf 79' lang='grc' dir='ltr'>νῆα</span> <span class='ocrx_word' id='word_1_346' title='bbox 800 4838 971 4918; x_wconf 80' lang='grc' dir='ltr'>νέμων</span> <span class='ocrx_word' id='word_1_347' title='bbox 1001 4838 1140 4911; x_wconf 81' lang='grc' dir='ltr'>οἴηκι</span> <span class='ocrx_word' id='word_1_348' title='bbox 1166 4841 1385 4918; x_wconf 83' lang='grc' dir='ltr'>χαλινῷ.</span> 
     </span>
     <span class='ocr_line' id='line_1_53' title="bbox 342 4919 1625 5008; baseline -0.004 -19"><span class='ocrx_word' id='word_1_349' title='bbox 342 4931 395 4989; x_wconf 86' lang='grc' dir='ltr'><strong>Η</strong></span> <span class='ocrx_word' id='word_1_350' title='bbox 420 4927 523 4989; x_wconf 84' lang='grc' dir='ltr'>πού</span> <span class='ocrx_word' id='word_1_351' title='bbox 551 4931 601 4989; x_wconf 74' lang='grc' dir='ltr'>οἱ</span> <span class='ocrx_word' id='word_1_352' title='bbox 626 4933 803 5008; x_wconf 75' lang='grc' dir='ltr'>γενεῆς</span> <span class='ocrx_word' id='word_1_353' title='bbox 828 4927 1039 5006; x_wconf 81' lang='grc' dir='ltr'>πρώτης</span> <span class='ocrx_word' id='word_1_354' title='bbox 1065 4926 1169 4985; x_wconf 81' lang='grc' dir='ltr'>ἄπο</span> <span class='ocrx_word' id='word_1_355' title='bbox 1198 4925 1463 5007; x_wconf 80' lang='grc' dir='ltr'>σύμφυτον</span> <span class='ocrx_word' id='word_1_356' title='bbox 1492 4919 1625 5004; x_wconf 72' lang='grc' dir='ltr'>αἷμα</span> 
     </span>
     <span class='ocr_line' id='line_1_54' title="bbox 320 5013 1643 5097; baseline -0.002 -22"><span class='ocrx_word' id='word_1_357' title='bbox 320 5015 559 5097; x_wconf 78' lang='grc' dir='ltr'>ἔλλαχεν,</span> <span class='ocrx_word' id='word_1_358' title='bbox 586 5016 652 5089; x_wconf 75' lang='grc' dir='ltr'>ἠέ</span> <span class='ocrx_word' id='word_1_359' title='bbox 680 5038 770 5093; x_wconf 92' lang='grc' dir='ltr'>μιν</span> <span class='ocrx_word' id='word_1_360' title='bbox 798 5014 951 5080; x_wconf 85' lang='grc' dir='ltr'>αὐτὸς</span> <span class='ocrx_word' id='word_1_361' title='bbox 979 5013 1107 5073; x_wconf 82' lang='grc' dir='ltr'>ἑλὼν</span> <span class='ocrx_word' id='word_1_362' title='bbox 1140 5013 1451 5094; x_wconf 82' lang='grc' dir='ltr'>ἓταρίσσατο</span> <span class='ocrx_word' id='word_1_363' title='bbox 1478 5018 1643 5093; x_wconf 85' lang='grc' dir='ltr'>θυμῷ.</span> 
     </span>
     <span class='ocr_line' id='line_1_55' title="bbox 326 5100 1516 5187; baseline -0.007 -23"><span class='ocrx_word' id='word_1_364' title='bbox 326 5100 432 5171; x_wconf 81' lang='grc' dir='ltr'>Ὣς</span> <span class='ocrx_word' id='word_1_365' title='bbox 456 5103 563 5163; x_wconf 59' lang='grc' dir='ltr'>οὔτ’</span> <span class='ocrx_word' id='word_1_366' title='bbox 590 5101 799 5187; x_wconf 76' lang='grc' dir='ltr'>ἧνορίης</span> <span class='ocrx_word' id='word_1_367' title='bbox 825 5100 930 5160; x_wconf 74' lang='grc' dir='ltr'>οὔτ’</span> <span class='ocrx_word' id='word_1_368' title='bbox 960 5100 1115 5166; x_wconf 82' lang='grc' dir='ltr'>εἴδεος</span> <span class='ocrx_word' id='word_1_369' title='bbox 1148 5100 1317 5157; x_wconf 77' lang='grc' dir='ltr'>ἔπλετ’</span> <span class='ocrx_word' id='word_1_370' title='bbox 1346 5100 1516 5178; x_wconf 84' lang='grc' dir='ltr'>ὄνειαρ</span> 
     </span>
    </p>
   </div>
   <div class='ocr_carea' id='block_1_7' title="bbox 1822 473 3384 1940">
    <p class='ocr_par' dir='ltr' id='par_1_9' title="bbox 1822 473 3378 890">
     <span class='ocr_line' id='line_1_56' title="bbox 1822 473 3189 539; baseline 0.002 -15"><span class='ocrx_word' id='word_1_371' title='bbox 1822 473 1917 524; x_wconf 89' lang='lat' dir='ltr'>Sed</span> <span class='ocrx_word' id='word_1_372' title='bbox 1935 479 2098 526; x_wconf 83' lang='lat' dir='ltr'><strong>tamen</strong></span> <span class='ocrx_word' id='word_1_373' title='bbox 2120 475 2266 524; x_wconf 76' lang='lat' dir='ltr'><strong>etiam</strong></span> <span class='ocrx_word' id='word_1_374' title='bbox 2289 474 2520 525; x_wconf 77' lang='lat' dir='ltr'><strong>adversus</strong></span> <span class='ocrx_word' id='word_1_375' title='bbox 2543 475 2632 526; x_wconf 81' lang='lat' dir='ltr'><strong>has</strong></span> <span class='ocrx_word' id='word_1_376' title='bbox 2647 476 2978 538; x_wconf 75' lang='lat' dir='ltr'><strong>excogitarunt</strong></span> <span class='ocrx_word' id='word_1_377' title='bbox 2999 489 3189 539; x_wconf 81' lang='lat' dir='ltr'><strong>gravem</strong></span> 
     </span>
     <span class='ocr_line' id='line_1_57' title="bbox 1822 562 3378 626; baseline 0.003 -16"><span class='ocrx_word' id='word_1_378' title='bbox 1822 575 1996 612; x_wconf 82' lang='lat' dir='ltr'><strong>noxam</strong></span> <span class='ocrx_word' id='word_1_379' title='bbox 2009 562 2259 612; x_wconf 82' lang='lat' dir='ltr'><strong>homiuum</strong></span> <span class='ocrx_word' id='word_1_380' title='bbox 2275 562 2640 625; x_wconf 78' lang='lat' dir='ltr'>inexpugnabile</span> <span class='ocrx_word' id='word_1_381' title='bbox 2651 575 2800 625; x_wconf 81' lang='lat' dir='ltr'><strong>genus</strong></span> <span class='ocrx_word' id='word_1_382' title='bbox 2814 579 2830 624; x_wconf 83' lang='lat'><em>3</em></span> <span class='ocrx_word' id='word_1_383' title='bbox 2843 576 2873 613; x_wconf 88' lang='lat' dir='ltr'><strong>a</strong></span> <span class='ocrx_word' id='word_1_384' title='bbox 2886 563 3200 626; x_wconf 74' lang='lat' dir='ltr'>piscatoribus</span> <span class='ocrx_word' id='word_1_385' title='bbox 3218 565 3378 614; x_wconf 83' lang='lat' dir='ltr'><strong>autem</strong></span> 
     </span>
     <span class='ocr_line' id='line_1_58' title="bbox 1822 650 3132 714; baseline -0.001 -13"><span class='ocrx_word' id='word_1_386' title='bbox 1822 651 2146 713; x_wconf 87' lang='lat' dir='ltr'><strong>perimuntur,</strong></span> <span class='ocrx_word' id='word_1_387' title='bbox 2168 655 2350 700; x_wconf 85' lang='lat' dir='ltr'><strong>ceteam</strong></span> <span class='ocrx_word' id='word_1_388' title='bbox 2375 650 2564 711; x_wconf 86' lang='lat' dir='ltr'><strong>quando</strong></span> <span class='ocrx_word' id='word_1_389' title='bbox 2588 651 2640 699; x_wconf 85' lang='lat' dir='ltr'>in</span> <span class='ocrx_word' id='word_1_390' title='bbox 2661 663 2871 714; x_wconf 81' lang='lat' dir='ltr'><strong>pugnam</strong></span> <span class='ocrx_word' id='word_1_391' title='bbox 2895 651 3132 700; x_wconf 77' lang='lat' dir='ltr'><strong>seruntur.</strong></span> 
     </span>
     <span class='ocr_line' id='line_1_59' title="bbox 1822 738 3320 802; baseline 0.001 -15"><span class='ocrx_word' id='word_1_392' title='bbox 1822 742 2038 796; x_wconf 91' lang='lat' dir='ltr'><strong>Quorum</strong></span> <span class='ocrx_word' id='word_1_393' title='bbox 2061 738 2216 788; x_wconf 77' lang='lat' dir='ltr'><strong>dicam</strong></span> <span class='ocrx_word' id='word_1_394' title='bbox 2239 744 2452 802; x_wconf 80' lang='lat' dir='ltr'><strong>capturae</strong></span> <span class='ocrx_word' id='word_1_395' title='bbox 2472 751 2666 801; x_wconf 77' lang='lat' dir='ltr'><strong>gravem</strong></span> <span class='ocrx_word' id='word_1_396' title='bbox 2687 740 2916 790; x_wconf 87' lang='lat' dir='ltr'><strong>laborem.</strong></span> <span class='ocrx_word' id='word_1_397' title='bbox 2939 739 3032 790; x_wconf 89' lang='lat' dir='ltr'>sed</span> <span class='ocrx_word' id='word_1_398' title='bbox 3057 747 3320 790; x_wconf 68' lang='lat' dir='ltr'><strong>auscultate</strong></span> 
     </span>
     <span class='ocr_line' id='line_1_60' title="bbox 1824 827 2842 890; baseline 0.002 -15"><span class='ocrx_word' id='word_1_399' title='bbox 1824 827 2056 886; x_wconf 83' lang='lat' dir='ltr'><strong>benevoli,</strong></span> <span class='ocrx_word' id='word_1_400' title='bbox 2075 840 2259 890; x_wconf 76' lang='lat' dir='ltr'><strong>o·reges</strong></span> <span class='ocrx_word' id='word_1_401' title='bbox 2271 863 2286 888; x_wconf 92' lang='lat'>,</span> <span class='ocrx_word' id='word_1_402' title='bbox 2309 828 2525 878; x_wconf 82' lang='lat' dir='ltr'><strong>coelestes</strong></span> <span class='ocrx_word' id='word_1_403' title='bbox 2543 827 2666 876; x_wconf 91' lang='lat' dir='ltr'><strong>muri</strong></span> <span class='ocrx_word' id='word_1_404' title='bbox 2685 829 2842 877; x_wconf 81' lang='lat' dir='ltr'><strong>terroe.</strong></span> 
     </span>
    </p>

    <p class='ocr_par' dir='ltr' id='par_1_10' title="bbox 1822 914 3384 1940">
     <span class='ocr_line' id='line_1_61' title="bbox 1884 914 2920 978; baseline 0 -14"><span class='ocrx_word' id='word_1_405' title='bbox 1884 917 2001 964; x_wconf 85' lang='lat' dir='ltr'><strong>cete</strong></span> <span class='ocrx_word' id='word_1_406' title='bbox 2026 915 2182 964; x_wconf 85' lang='lat' dir='ltr'><strong>medio</strong></span> <span class='ocrx_word' id='word_1_407' title='bbox 2205 915 2398 978; x_wconf 88' lang='lat' dir='ltr'><strong>quidem</strong></span> <span class='ocrx_word' id='word_1_408' title='bbox 2419 915 2661 978; x_wconf 76' lang='lat' dir='ltr'><strong>degunt-in</strong></span> <span class='ocrx_word' id='word_1_409' title='bbox 2686 914 2920 965; x_wconf 81' lang='lat' dir='ltr'><strong>mari-alto</strong></span> 
     </span>
     <span class='ocr_line' id='line_1_62' title="bbox 1822 1001 3356 1066; baseline 0.001 -15"><span class='ocrx_word' id='word_1_410' title='bbox 1822 1003 2122 1066; x_wconf 85' lang='lat' dir='ltr'><strong>plurimaque</strong></span> <span class='ocrx_word' id='word_1_411' title='bbox 2144 1005 2194 1053; x_wconf 82' lang='lat' dir='ltr'>et</span> <span class='ocrx_word' id='word_1_412' title='bbox 2219 1001 2502 1066; x_wconf 76' lang='lat' dir='ltr'><strong>vegrandia3</strong></span> <span class='ocrx_word' id='word_1_413' title='bbox 2529 1003 2636 1052; x_wconf 76' lang='lat' dir='ltr'>haec</span> <span class='ocrx_word' id='word_1_414' title='bbox 2657 1015 2772 1052; x_wconf 81' lang='lat' dir='ltr'><strong>vero</strong></span> <span class='ocrx_word' id='word_1_415' title='bbox 2801 1016 2894 1051; x_wconf 90' lang='lat' dir='ltr'>non</span> <span class='ocrx_word' id='word_1_416' title='bbox 2917 1008 3238 1064; x_wconf 76' lang='lat' dir='ltr'><strong>emergunt-sa</strong></span> <span class='ocrx_word' id='word_1_417' title='bbox 3255 1004 3356 1052; x_wconf 83' lang='lat' dir='ltr'><strong>salo</strong></span> 
     </span>
     <span class='ocr_line' id='line_1_63' title="bbox 1824 1090 2942 1154; baseline 0 -14"><span class='ocrx_word' id='word_1_418' title='bbox 1824 1103 1954 1152; x_wconf 82' lang='lat' dir='ltr'><strong>saepe</strong></span> <span class='ocrx_word' id='word_1_419' title='bbox 1969 1127 1984 1152; x_wconf 91' lang='lat'>‚</span> <span class='ocrx_word' id='word_1_420' title='bbox 2003 1091 2085 1140; x_wconf 85' lang='lat' dir='ltr'>sed</span> <span class='ocrx_word' id='word_1_421' title='bbox 2109 1090 2291 1140; x_wconf 81' lang='lat' dir='ltr'><strong>inferne</strong></span> <span class='ocrx_word' id='word_1_422' title='bbox 2312 1093 2550 1154; x_wconf 85' lang='lat' dir='ltr'><strong>occupant</strong></span> <span class='ocrx_word' id='word_1_423' title='bbox 2572 1090 2775 1139; x_wconf 78' lang='lat' dir='ltr'><strong>fundum</strong></span> <span class='ocrx_word' id='word_1_424' title='bbox 2796 1090 2942 1140; x_wconf 86' lang='lat' dir='ltr'><strong>maris</strong></span> 
     </span>
     <span class='ocr_line' id='line_1_64' title="bbox 1823 1177 3256 1241; baseline -0.001 -13"><span class='ocrx_word' id='word_1_425' title='bbox 1823 1178 2217 1240; x_wconf 58' lang='lat' dir='ltr'><strong>ohgr-avitatem,</strong></span> <span class='ocrx_word' id='word_1_426' title='bbox 2237 1180 2470 1241; x_wconf 88' lang='lat' dir='ltr'><strong>appetunt</strong></span> <span class='ocrx_word' id='word_1_427' title='bbox 2494 1190 2608 1227; x_wconf 80' lang='lat' dir='ltr'><strong>vero</strong></span> <span class='ocrx_word' id='word_1_428' title='bbox 2627 1177 2855 1240; x_wconf 83' lang='lat' dir='ltr'><strong>pabulum</strong></span> <span class='ocrx_word' id='word_1_429' title='bbox 2879 1181 3104 1240; x_wconf 80' lang='lat' dir='ltr'><strong>perpetua</strong></span> <span class='ocrx_word' id='word_1_430' title='bbox 3129 1177 3256 1226; x_wconf 86' lang='lat' dir='ltr'><strong>rabie</strong></span> 
     </span>
     <span class='ocr_line' id='line_1_65' title="bbox 1824 1243 3030 1329; baseline -0.002 -14"><span class='ocrx_word' id='word_1_431' title='bbox 1824 1279 2012 1329; x_wconf 78' lang='lat' dir='ltr'>semper</span> <span class='ocrx_word' id='word_1_432' title='bbox 2035 1265 2254 1314; x_wconf 73' lang='lat' dir='ltr'><strong>famelica</strong></span> <span class='ocrx_word' id='word_1_433' title='bbox 2277 1267 2328 1314; x_wconf 85' lang='lat' dir='ltr'>et</span> <span class='ocrx_word' id='word_1_434' title='bbox 2347 1277 2594 1328; x_wconf 85' lang='lat' dir='ltr'><strong>nunquam</strong></span> <span class='ocrx_word' id='word_1_435' title='bbox 2616 1264 2802 1313; x_wconf 76' lang='lat' dir='ltr'><strong>ventris</strong></span> <span class='ocrx_word' id='word_1_436' title='bbox 2823 1243 3030 1312; x_wconf 76' lang='lat' dir='ltr'><strong>difficilis</strong></span> 
     </span>
     <span class='ocr_line' id='line_1_66' title="bbox 1824 1351 3172 1415; baseline -0.001 -13"><span class='ocrx_word' id='word_1_437' title='bbox 1824 1353 2133 1402; x_wconf 76' lang='lat' dir='ltr'>voracitatem</span> <span class='ocrx_word' id='word_1_438' title='bbox 2158 1352 2472 1414; x_wconf 79' lang='lat' dir='ltr'><strong>remittentia3</strong></span> <span class='ocrx_word' id='word_1_439' title='bbox 2497 1363 2608 1415; x_wconf 75' lang='lat' dir='ltr'><strong>quie</strong></span> <span class='ocrx_word' id='word_1_440' title='bbox 2623 1351 2752 1402; x_wconf 86' lang='lat' dir='ltr'><strong>enim</strong></span> <span class='ocrx_word' id='word_1_441' title='bbox 2776 1352 2908 1401; x_wconf 73' lang='lat' dir='ltr'><strong>tauta</strong></span> <span class='ocrx_word' id='word_1_442' title='bbox 2929 1351 3021 1401; x_wconf 89' lang='lat' dir='ltr'><strong>erit</strong></span> <span class='ocrx_word' id='word_1_443' title='bbox 3041 1363 3172 1412; x_wconf 81' lang='lat' dir='ltr'><strong>esca,</strong></span> 
     </span>
     <span class='ocr_line' id='line_1_67' title="bbox 1825 1420 3121 1505; baseline -0.002 -15"><span class='ocrx_word' id='word_1_444' title='bbox 1825 1454 1937 1504; x_wconf 78' lang='lat' dir='ltr'>quae</span> <span class='ocrx_word' id='word_1_445' title='bbox 1961 1442 2157 1505; x_wconf 88' lang='lat' dir='ltr'><strong>impleat</strong></span> <span class='ocrx_word' id='word_1_446' title='bbox 2176 1441 2357 1491; x_wconf 76' lang='lat' dir='ltr'><strong>ventris</strong></span> <span class='ocrx_word' id='word_1_447' title='bbox 2373 1451 2574 1503; x_wconf 75' lang='lat' dir='ltr'><strong>cavum,</strong></span> <span class='ocrx_word' id='word_1_448' title='bbox 2597 1452 2709 1502; x_wconf 75' lang='lat' dir='ltr'>quae</span> <span class='ocrx_word' id='word_1_449' title='bbox 2731 1438 2971 1489; x_wconf 82' lang='lat' dir='ltr'><strong>crudelem</strong></span> <span class='ocrx_word' id='word_1_450' title='bbox 3112 1420 3121 1429; x_wconf 42' lang='lat'><em>²</em></span> 
     </span>
     <span class='ocr_line' id='line_1_68' title="bbox 1826 1527 3384 1594; baseline -0.004 -16"><span class='ocrx_word' id='word_1_451' title='bbox 1826 1530 1888 1578; x_wconf 89' lang='lat' dir='ltr'><strong>ad</strong></span> <span class='ocrx_word' id='word_1_452' title='bbox 1911 1530 2178 1579; x_wconf 83' lang='lat' dir='ltr'><strong>satietatem</strong></span> <span class='ocrx_word' id='word_1_453' title='bbox 2197 1533 2451 1592; x_wconf 82' lang='lat' dir='ltr'><strong>componat</strong></span> <span class='ocrx_word' id='word_1_454' title='bbox 2471 1528 2686 1591; x_wconf 83' lang='lat' dir='ltr'><strong>ipsorum</strong></span> <span class='ocrx_word' id='word_1_455' title='bbox 2715 1527 2988 1594; x_wconf 71' lang='lat' dir='ltr'><strong>maxillam?</strong></span> <span class='ocrx_word' id='word_1_456' title='bbox 3013 1527 3080 1575; x_wconf 90' lang='lat' dir='ltr'><strong>illi</strong></span> <span class='ocrx_word' id='word_1_457' title='bbox 3107 1539 3219 1576; x_wconf 79' lang='lat' dir='ltr'><strong>vero</strong></span> <span class='ocrx_word' id='word_1_458' title='bbox 3246 1535 3384 1576; x_wconf 76' lang='lat' dir='ltr'><strong>enan.</strong></span> 
     </span>
     <span class='ocr_line' id='line_1_69' title="bbox 1825 1614 3356 1681; baseline -0.005 -15"><span class='ocrx_word' id='word_1_459' title='bbox 1825 1617 1938 1681; x_wconf 89' lang='lat' dir='ltr'><strong>ipsi]</strong></span> <span class='ocrx_word' id='word_1_460' title='bbox 1963 1619 2196 1666; x_wconf 68' lang='lat' dir='ltr'><strong>semetuo</strong></span> <span class='ocrx_word' id='word_1_461' title='bbox 2216 1615 2450 1679; x_wconf 85' lang='lat' dir='ltr'><strong>perdunt,</strong></span> <span class='ocrx_word' id='word_1_462' title='bbox 2469 1614 2828 1665; x_wconf 86' lang='lat' dir='ltr'><strong>imbecilliorem</strong></span> <span class='ocrx_word' id='word_1_463' title='bbox 2855 1615 3155 1677; x_wconf 80' lang='lat' dir='ltr'><strong>proestantior</strong></span> <span class='ocrx_word' id='word_1_464' title='bbox 3177 1614 3356 1662; x_wconf 64' lang='lat' dir='ltr'><strong>virilium</strong></span> 
     </span>
     <span class='ocr_line' id='line_1_70' title="bbox 1826 1701 3242 1764; baseline 0 -14"><span class='ocrx_word' id='word_1_465' title='bbox 1826 1702 2079 1763; x_wconf 85' lang='lat' dir='ltr'><strong>occidens,</strong></span> <span class='ocrx_word' id='word_1_466' title='bbox 2105 1701 2419 1751; x_wconf 80' lang='lat' dir='ltr'><strong>sibi-invicem</strong></span> <span class='ocrx_word' id='word_1_467' title='bbox 2441 1714 2557 1752; x_wconf 80' lang='lat' dir='ltr'><strong>vero</strong></span> <span class='ocrx_word' id='word_1_468' title='bbox 2575 1701 2803 1764; x_wconf 84' lang='lat' dir='ltr'><strong>pabulum</strong></span> <span class='ocrx_word' id='word_1_469' title='bbox 2827 1707 2876 1752; x_wconf 83' lang='lat' dir='ltr'>et</span> <span class='ocrx_word' id='word_1_470' title='bbox 2899 1703 3093 1764; x_wconf 89' lang='lat' dir='ltr'><strong>epulum</strong></span> <span class='ocrx_word' id='word_1_471' title='bbox 3115 1707 3242 1750; x_wconf 81' lang='lat' dir='ltr'><strong>sunt.</strong></span> 
     </span>
     <span class='ocr_line' id='line_1_71' title="bbox 1826 1787 3110 1853; baseline -0.002 -13"><span class='ocrx_word' id='word_1_472' title='bbox 1826 1793 1964 1853; x_wconf 76' lang='lat' dir='ltr'><strong>Soepe</strong></span> <span class='ocrx_word' id='word_1_473' title='bbox 1982 1791 2128 1839; x_wconf 87' lang='lat' dir='ltr'><strong>etiam</strong></span> <span class='ocrx_word' id='word_1_474' title='bbox 2152 1788 2357 1838; x_wconf 81' lang='lat' dir='ltr'><strong>navibus</strong></span> <span class='ocrx_word' id='word_1_475' title='bbox 2377 1787 2587 1838; x_wconf 72' lang='lat' dir='ltr'><strong>inierunt</strong></span> <span class='ocrx_word' id='word_1_476' title='bbox 2606 1793 2788 1839; x_wconf 85' lang='lat' dir='ltr'><strong>metum</strong></span> <span class='ocrx_word' id='word_1_477' title='bbox 2811 1790 3110 1839; x_wconf 78' lang='lat' dir='ltr'><strong>occurrentia</strong></span> 
     </span>
     <span class='ocr_line' id='line_1_72' title="bbox 1826 1876 2960 1940; baseline 0.001 -14"><span class='ocrx_word' id='word_1_478' title='bbox 1826 1877 2082 1927; x_wconf 87' lang='lat' dir='ltr'><strong>occiduum</strong></span> <span class='ocrx_word' id='word_1_479' title='bbox 2102 1890 2187 1940; x_wconf 89' lang='lat' dir='ltr'>per</span> <span class='ocrx_word' id='word_1_480' title='bbox 2209 1890 2340 1926; x_wconf 88' lang='lat' dir='ltr'><strong>mare</strong></span> <span class='ocrx_word' id='word_1_481' title='bbox 2362 1876 2628 1938; x_wconf 84' lang='lat' dir='ltr'><strong>Ibericum,</strong></span> <span class='ocrx_word' id='word_1_482' title='bbox 2647 1877 2730 1926; x_wconf 88' lang='lat' dir='ltr'>ubi</span> <span class='ocrx_word' id='word_1_483' title='bbox 2751 1877 2960 1927; x_wconf 81' lang='lat' dir='ltr'><strong>maxime</strong></span> 
     </span>
    </p>
   </div>
   <div class='ocr_carea' id='block_1_8' title="bbox 1762 1964 2758 2052">
    <p class='ocr_par' dir='ltr' id='par_1_11' title="bbox 1762 1964 2758 2052">
     <span class='ocr_line' id='line_1_73' title="bbox 1762 1964 2758 2052; baseline 0.002 -40"><span class='ocrx_word' id='word_1_484' title='bbox 1762 2034 1771 2052; x_wconf 37' lang='lat' dir='ltr'><em>O</em></span> <span class='ocrx_word' id='word_1_485' title='bbox 1828 1964 1974 2014; x_wconf 83' lang='lat' dir='ltr'><strong>vicini</strong></span> <span class='ocrx_word' id='word_1_486' title='bbox 1997 1965 2177 2015; x_wconf 79' lang='lat' dir='ltr'><strong>Oceani</strong></span> <span class='ocrx_word' id='word_1_487' title='bbox 2200 1965 2362 2014; x_wconf 82' lang='lat' dir='ltr'><strong>relicta</strong></span> <span class='ocrx_word' id='word_1_488' title='bbox 2383 1964 2616 2014; x_wconf 83' lang='lat' dir='ltr'><strong>immensa</strong></span> <span class='ocrx_word' id='word_1_489' title='bbox 2634 1979 2758 2028; x_wconf 87' lang='lat' dir='ltr'><strong>aqua</strong></span> 
     </span>
    </p>
   </div>
   <div class='ocr_carea' id='block_1_9' title="bbox 1827 2049 3388 5179">
    <p class='ocr_par' dir='ltr' id='par_1_12' title="bbox 1827 2049 3126 2288">
     <span class='ocr_line' id='line_1_74' title="bbox 1828 2049 2963 2112; baseline 0 -12"><span class='ocrx_word' id='word_1_490' title='bbox 1828 2051 2108 2112; x_wconf 79' lang='lat' dir='ltr'><strong>volvuntur,</strong></span> <span class='ocrx_word' id='word_1_491' title='bbox 2133 2051 2336 2100; x_wconf 80' lang='lat' dir='ltr'><strong>navibus</strong></span> <span class='ocrx_word' id='word_1_492' title='bbox 2359 2049 2744 2112; x_wconf 79' lang='lat' dir='ltr'><strong>vigintiremibus</strong></span> <span class='ocrx_word' id='word_1_493' title='bbox 2773 2050 2963 2100; x_wconf 85' lang='lat' dir='ltr'><strong>similia.</strong></span> 
     </span>
     <span class='ocr_line' id='line_1_75' title="bbox 1827 2137 3126 2201; baseline -0.002 -13"><span class='ocrx_word' id='word_1_494' title='bbox 1827 2142 1966 2201; x_wconf 78' lang='lat' dir='ltr'><strong>Saepe</strong></span> <span class='ocrx_word' id='word_1_495' title='bbox 1985 2151 2097 2188; x_wconf 85' lang='lat' dir='ltr'><strong>vero</strong></span> <span class='ocrx_word' id='word_1_496' title='bbox 2115 2137 2328 2187; x_wconf 82' lang='lat' dir='ltr'><strong>errantia</strong></span> <span class='ocrx_word' id='word_1_497' title='bbox 2345 2137 2489 2186; x_wconf 85' lang='lat' dir='ltr'><strong>etiam</strong></span> <span class='ocrx_word' id='word_1_498' title='bbox 2512 2151 2662 2201; x_wconf 82' lang='lat' dir='ltr'><strong>prope</strong></span> <span class='ocrx_word' id='word_1_499' title='bbox 2683 2137 2822 2188; x_wconf 81' lang='lat' dir='ltr'><strong>littus</strong></span> <span class='ocrx_word' id='word_1_500' title='bbox 2839 2137 3126 2201; x_wconf 81' lang='lat' dir='ltr'><strong>perveniunt</strong></span> 
     </span>
     <span class='ocr_line' id='line_1_76' title="bbox 1828 2223 3010 2288; baseline -0.002 -14"><span class='ocrx_word' id='word_1_501' title='bbox 1828 2224 2304 2288; x_wconf 80' lang='lat' dir='ltr'><strong>profundo-vicinum</strong></span> <span class='ocrx_word' id='word_1_502' title='bbox 2317 2261 2332 2286; x_wconf 92' lang='lat'>,</span> <span class='ocrx_word' id='word_1_503' title='bbox 2351 2224 2435 2274; x_wconf 89' lang='lat' dir='ltr'>ubi</span> <span class='ocrx_word' id='word_1_504' title='bbox 2453 2225 2565 2288; x_wconf 87' lang='lat' dir='ltr'><strong>quis</strong></span> <span class='ocrx_word' id='word_1_505' title='bbox 2587 2224 2638 2274; x_wconf 88' lang='lat' dir='ltr'>iu</span> <span class='ocrx_word' id='word_1_506' title='bbox 2661 2223 2762 2286; x_wconf 78' lang='lat' dir='ltr'><strong>ipsa</strong></span> <span class='ocrx_word' id='word_1_507' title='bbox 2783 2227 3010 2272; x_wconf 76' lang='lat' dir='ltr'><strong>armatur.</strong></span> 
     </span>
    </p>

    <p class='ocr_par' dir='ltr' id='par_1_13' title="bbox 1827 2310 3386 2724">
     <span class='ocr_line' id='line_1_77' title="bbox 1894 2310 3170 2374; baseline -0.003 -12"><span class='ocrx_word' id='word_1_508' title='bbox 1894 2313 2132 2368; x_wconf 87' lang='lat' dir='ltr'><strong>Omnibus</strong></span> <span class='ocrx_word' id='word_1_509' title='bbox 2155 2315 2314 2362; x_wconf 89' lang='lat' dir='ltr'><strong>autem</strong></span> <span class='ocrx_word' id='word_1_510' title='bbox 2336 2311 2656 2374; x_wconf 79' lang='lat' dir='ltr'><strong>vegrandibus</strong></span> <span class='ocrx_word' id='word_1_511' title='bbox 2673 2316 2789 2361; x_wconf 83' lang='lat' dir='ltr'><strong>suut</strong></span> <span class='ocrx_word' id='word_1_512' title='bbox 2805 2310 2978 2360; x_wconf 80' lang='lat' dir='ltr'><strong>belluis</strong></span> <span class='ocrx_word' id='word_1_513' title='bbox 2999 2311 3170 2365; x_wconf 77' lang='lat' dir='ltr'><strong>maris,</strong></span> 
     </span>
     <span class='ocr_line' id='line_1_78' title="bbox 1830 2396 3386 2464; baseline -0.004 -14"><span class='ocrx_word' id='word_1_514' title='bbox 1830 2401 2044 2464; x_wconf 82' lang='lat' dir='ltr'><strong>exceptis</strong></span> <span class='ocrx_word' id='word_1_515' title='bbox 2065 2401 2267 2450; x_wconf 86' lang='lat' dir='ltr'><strong>canibus</strong></span> <span class='ocrx_word' id='word_1_516' title='bbox 2279 2437 2294 2460; x_wconf 90' lang='lat'><strong>,</strong></span> <span class='ocrx_word' id='word_1_517' title='bbox 2315 2399 2532 2449; x_wconf 81' lang='lat' dir='ltr'><strong>difficiles</strong></span> <span class='ocrx_word' id='word_1_518' title='bbox 2550 2405 2602 2448; x_wconf 80' lang='lat' dir='ltr'>et</span> <span class='ocrx_word' id='word_1_519' title='bbox 2615 2412 2714 2447; x_wconf 84' lang='lat' dir='ltr'>nou</span> <span class='ocrx_word' id='word_1_520' title='bbox 2731 2396 3152 2448; x_wconf 80' lang='lat' dir='ltr'><strong>bene-conficiendi</strong></span> <span class='ocrx_word' id='word_1_521' title='bbox 3179 2401 3386 2456; x_wconf 46' lang='lat' dir='ltr'><strong>meatum</strong></span> 
     </span>
     <span class='ocr_line' id='line_1_79' title="bbox 1827 2487 2859 2551; baseline -0.003 -14"><span class='ocrx_word' id='word_1_522' title='bbox 1827 2501 1986 2551; x_wconf 87' lang='lat' dir='ltr'><strong>neque</strong></span> <span class='ocrx_word' id='word_1_523' title='bbox 2006 2488 2134 2536; x_wconf 89' lang='lat' dir='ltr'><strong>enim</strong></span> <span class='ocrx_word' id='word_1_524' title='bbox 2151 2487 2317 2537; x_wconf 80' lang='lat' dir='ltr'><strong>vident</strong></span> <span class='ocrx_word' id='word_1_525' title='bbox 2341 2487 2534 2551; x_wconf 84' lang='lat' dir='ltr'><strong>procul,</strong></span> <span class='ocrx_word' id='word_1_526' title='bbox 2554 2499 2709 2549; x_wconf 87' lang='lat' dir='ltr'><strong>neque</strong></span> <span class='ocrx_word' id='word_1_527' title='bbox 2730 2497 2859 2534; x_wconf 87' lang='lat' dir='ltr'><strong>mare</strong></span> 
     </span>
     <span class='ocr_line' id='line_1_80' title="bbox 1828 2573 2716 2639; baseline -0.005 -13"><span class='ocrx_word' id='word_1_528' title='bbox 1828 2589 1974 2626; x_wconf 86' lang='lat' dir='ltr'><strong>omne</strong></span> <span class='ocrx_word' id='word_1_529' title='bbox 1995 2580 2243 2639; x_wconf 87' lang='lat' dir='ltr'><strong>permeant</strong></span> <span class='ocrx_word' id='word_1_530' title='bbox 2259 2577 2465 2636; x_wconf 79' lang='lat' dir='ltr'><strong>gravatae</strong></span> <span class='ocrx_word' id='word_1_531' title='bbox 2483 2573 2716 2624; x_wconf 85' lang='lat' dir='ltr'><strong>membris</strong></span> 
     </span>
     <span class='ocr_line' id='line_1_81' title="bbox 1829 2659 2961 2724; baseline -0.005 -11"><span class='ocrx_word' id='word_1_532' title='bbox 1829 2664 2004 2724; x_wconf 77' lang='lat' dir='ltr'><strong>vastis,</strong></span> <span class='ocrx_word' id='word_1_533' title='bbox 2031 2663 2168 2712; x_wconf 83' lang='lat' dir='ltr'><strong>valde</strong></span> <span class='ocrx_word' id='word_1_534' title='bbox 2190 2666 2350 2712; x_wconf 82' lang='lat' dir='ltr'><strong>autem</strong></span> <span class='ocrx_word' id='word_1_535' title='bbox 2367 2659 2502 2712; x_wconf 84' lang='lat' dir='ltr'><strong>tarde</strong></span> <span class='ocrx_word' id='word_1_536' title='bbox 2524 2661 2706 2710; x_wconf 76' lang='lat' dir='ltr'><strong>volutae</strong></span> <span class='ocrx_word' id='word_1_537' title='bbox 2729 2659 2961 2709; x_wconf 80' lang='lat' dir='ltr'><strong>seruntur.</strong></span> 
     </span>
    </p>

    <p class='ocr_par' dir='ltr' id='par_1_14' title="bbox 1833 2746 2976 2811">
     <span class='ocr_line' id='line_1_82' title="bbox 1833 2746 2976 2811; baseline -0.004 -11"><span class='ocrx_word' id='word_1_538' title='bbox 1833 2753 2066 2811; x_wconf 82' lang='lat' dir='ltr'><strong>Quocirca</strong></span> <span class='ocrx_word' id='word_1_539' title='bbox 2084 2753 2228 2800; x_wconf 87' lang='lat' dir='ltr'><strong>etiam</strong></span> <span class='ocrx_word' id='word_1_540' title='bbox 2245 2750 2472 2800; x_wconf 83' lang='lat' dir='ltr'><strong>omnibus</strong></span> <span class='ocrx_word' id='word_1_541' title='bbox 2493 2761 2658 2799; x_wconf 74' lang='lat' dir='ltr'><strong>comes</strong></span> <span class='ocrx_word' id='word_1_542' title='bbox 2677 2747 2810 2798; x_wconf 78' lang='lat' dir='ltr'><strong>venit</strong></span> <span class='ocrx_word' id='word_1_543' title='bbox 2830 2746 2976 2809; x_wconf 84' lang='lat' dir='ltr'><strong>piscis</strong></span> 
     </span>
    </p>

    <p class='ocr_par' dir='ltr' id='par_1_15' title="bbox 1829 2831 3388 2989">
     <span class='ocr_line' id='line_1_83' title="bbox 1829 2831 3388 2902; baseline -0.008 -12"><span class='ocrx_word' id='word_1_544' title='bbox 1829 2839 1970 2890; x_wconf 83' lang='lat' dir='ltr'><strong>albus</strong></span> <span class='ocrx_word' id='word_1_545' title='bbox 2006 2841 2201 2902; x_wconf 85' lang='lat' dir='ltr'><strong>aspectu</strong></span> <span class='ocrx_word' id='word_1_546' title='bbox 2215 2874 2230 2898; x_wconf 91' lang='lat'><strong>,</strong></span> <span class='ocrx_word' id='word_1_547' title='bbox 2272 2838 2537 2900; x_wconf 76' lang='lat' dir='ltr'><strong>longusque</strong></span> <span class='ocrx_word' id='word_1_548' title='bbox 2577 2847 2806 2898; x_wconf 86' lang='lat' dir='ltr'><strong>corpore,</strong></span> <span class='ocrx_word' id='word_1_549' title='bbox 2841 2832 3002 2882; x_wconf 82' lang='lat' dir='ltr'><strong>tenuis</strong></span> <span class='ocrx_word' id='word_1_550' title='bbox 3037 2843 3151 2880; x_wconf 80' lang='lat' dir='ltr'><strong>vero</strong></span> <span class='ocrx_word' id='word_1_551' title='bbox 3191 2831 3278 2891; x_wconf 81' lang='lat' dir='ltr'><strong>ipsi</strong></span> <span class='ocrx_word' id='word_1_552' title='bbox 3315 2835 3388 2879; x_wconf 73' lang='lat' dir='ltr'>esi</span> 
     </span>
     <span class='ocr_line' id='line_1_84' title="bbox 1831 2920 2989 2989; baseline -0.006 -14"><span class='ocrx_word' id='word_1_553' title='bbox 1831 2927 1984 2976; x_wconf 83' lang='lat' dir='ltr'><strong>cauda</strong></span> <span class='ocrx_word' id='word_1_554' title='bbox 1994 2925 2028 2989; x_wconf 87' lang='lat'>‚]</span> <span class='ocrx_word' id='word_1_555' title='bbox 2050 2926 2254 2975; x_wconf 81' lang='lat' dir='ltr'><strong>eximius</strong></span> <span class='ocrx_word' id='word_1_556' title='bbox 2267 2962 2282 2986; x_wconf 87' lang='lat'>‚</span> <span class='ocrx_word' id='word_1_557' title='bbox 2307 2924 2390 2989; x_wconf 88' lang='lat' dir='ltr'>qui</span> <span class='ocrx_word' id='word_1_558' title='bbox 2412 2926 2522 2974; x_wconf 77' lang='lat' dir='ltr'><strong>anta</strong></span> <span class='ocrx_word' id='word_1_559' title='bbox 2540 2923 2686 2972; x_wconf 85' lang='lat' dir='ltr'><strong>maris</strong></span> <span class='ocrx_word' id='word_1_560' title='bbox 2708 2921 2837 2971; x_wconf 81' lang='lat' dir='ltr'><strong>viam</strong></span> <span class='ocrx_word' id='word_1_561' title='bbox 2857 2920 2989 2970; x_wconf 80' lang='lat' dir='ltr'><strong>ducit</strong></span> 
     </span>
    </p>

    <p class='ocr_par' dir='ltr' id='par_1_16' title="bbox 1830 3004 3384 3163">
     <span class='ocr_line' id='line_1_85' title="bbox 1830 3004 3384 3076; baseline -0.007 -13"><span class='ocrx_word' id='word_1_562' title='bbox 1830 3013 2102 3075; x_wconf 86' lang='lat' dir='ltr'><strong>ostendens;</strong></span> <span class='ocrx_word' id='word_1_563' title='bbox 2113 3026 2262 3076; x_wconf 87' lang='lat' dir='ltr'><strong>quare</strong></span> <span class='ocrx_word' id='word_1_564' title='bbox 2270 3013 2415 3062; x_wconf 85' lang='lat' dir='ltr'><strong>etiam</strong></span> <span class='ocrx_word' id='word_1_565' title='bbox 2423 3012 2584 3075; x_wconf 83' lang='lat' dir='ltr'><strong>ipsum</strong></span> <span class='ocrx_word' id='word_1_566' title='bbox 2595 3009 2894 3073; x_wconf 82' lang='lat' dir='ltr'><strong>appellarunt</strong></span> <span class='ocrx_word' id='word_1_567' title='bbox 2903 3007 3132 3069; x_wconf 64' lang='lat' dir='ltr'><strong>negetura</strong></span> <span class='ocrx_word' id='word_1_568' title='bbox 3147 3004 3384 3069; x_wconf 79' lang='lat' dir='ltr'><strong>(ducem).</strong></span> 
     </span>
     <span class='ocr_line' id='line_1_86' title="bbox 1832 3094 3012 3163; baseline -0.007 -12"><span class='ocrx_word' id='word_1_569' title='bbox 1832 3106 1948 3151; x_wconf 82' lang='lat' dir='ltr'><strong>ceto</strong></span> <span class='ocrx_word' id='word_1_570' title='bbox 1971 3104 2132 3151; x_wconf 88' lang='lat' dir='ltr'><strong>autem</strong></span> <span class='ocrx_word' id='word_1_571' title='bbox 2151 3100 2506 3163; x_wconf 88' lang='lat' dir='ltr'><strong>supra-modum</strong></span> <span class='ocrx_word' id='word_1_572' title='bbox 2524 3100 2686 3161; x_wconf 78' lang='lat' dir='ltr'><strong>gratus</strong></span> <span class='ocrx_word' id='word_1_573' title='bbox 2707 3097 2784 3146; x_wconf 81' lang='lat' dir='ltr'>est</span> <span class='ocrx_word' id='word_1_574' title='bbox 2805 3094 2984 3144; x_wconf 82' lang='lat' dir='ltr'><strong>sodalis</strong></span> <span class='ocrx_word' id='word_1_575' title='bbox 2997 3130 3012 3155; x_wconf 91' lang='lat'><strong>,</strong></span> 
     </span>
    </p>

    <p class='ocr_par' dir='ltr' id='par_1_17' title="bbox 1829 3180 3366 3337">
     <span class='ocr_line' id='line_1_87' title="bbox 1829 3180 3366 3251; baseline -0.005 -14"><span class='ocrx_word' id='word_1_576' title='bbox 1829 3189 2024 3251; x_wconf 83' lang='lat' dir='ltr'><strong>duxque</strong></span> <span class='ocrx_word' id='word_1_577' title='bbox 2047 3192 2336 3251; x_wconf 77' lang='lat' dir='ltr'><strong>custosque3</strong></span> <span class='ocrx_word' id='word_1_578' title='bbox 2362 3186 2456 3235; x_wconf 74' lang='lat' dir='ltr'><strong>fert</strong></span> <span class='ocrx_word' id='word_1_579' title='bbox 2472 3190 2636 3235; x_wconf 86' lang='lat' dir='ltr'><strong>autem</strong></span> <span class='ocrx_word' id='word_1_580' title='bbox 2657 3184 2814 3245; x_wconf 88' lang='lat' dir='ltr'><strong>illum,</strong></span> <span class='ocrx_word' id='word_1_581' title='bbox 2839 3194 3127 3245; x_wconf 85' lang='lat' dir='ltr'><strong>quocunque</strong></span> <span class='ocrx_word' id='word_1_582' title='bbox 3147 3180 3366 3240; x_wconf 79' lang='lat' dir='ltr'><strong>voluerit,</strong></span> 
     </span>
     <span class='ocr_line' id='line_1_88' title="bbox 1833 3269 2924 3337; baseline -0.005 -14"><span class='ocrx_word' id='word_1_583' title='bbox 1833 3274 2001 3337; x_wconf 81' lang='lat' dir='ltr'><strong>saci1e3</strong></span> <span class='ocrx_word' id='word_1_584' title='bbox 2021 3275 2158 3323; x_wconf 88' lang='lat' dir='ltr'><strong>illum</strong></span> <span class='ocrx_word' id='word_1_585' title='bbox 2181 3274 2311 3323; x_wconf 89' lang='lat' dir='ltr'><strong>enim</strong></span> <span class='ocrx_word' id='word_1_586' title='bbox 2334 3273 2544 3322; x_wconf 79' lang='lat' dir='ltr'><strong>sectatur</strong></span> <span class='ocrx_word' id='word_1_587' title='bbox 2559 3270 2740 3335; x_wconf 83' lang='lat' dir='ltr'><strong>piscem</strong></span> <span class='ocrx_word' id='word_1_588' title='bbox 2762 3269 2924 3319; x_wconf 80' lang='lat' dir='ltr'><strong>solnm</strong></span> 
     </span>
    </p>

    <p class='ocr_par' dir='ltr' id='par_1_18' title="bbox 1830 3355 3341 3511">
     <span class='ocr_line' id='line_1_89' title="bbox 1830 3355 3341 3423; baseline -0.005 -12"><span class='ocrx_word' id='word_1_589' title='bbox 1830 3362 2007 3420; x_wconf 77' lang='lat' dir='ltr'><strong>lidum,</strong></span> <span class='ocrx_word' id='word_1_590' title='bbox 2031 3360 2180 3410; x_wconf 75' lang='lat' dir='ltr'><strong>lidum</strong></span> <span class='ocrx_word' id='word_1_591' title='bbox 2203 3360 2384 3410; x_wconf 84' lang='lat' dir='ltr'><strong>habens</strong></span> <span class='ocrx_word' id='word_1_592' title='bbox 2403 3372 2591 3423; x_wconf 81' lang='lat' dir='ltr'><strong>semper</strong></span> <span class='ocrx_word' id='word_1_593' title='bbox 2611 3357 2853 3419; x_wconf 82' lang='lat' dir='ltr'><strong>animum3</strong></span> <span class='ocrx_word' id='word_1_594' title='bbox 2879 3368 3028 3420; x_wconf 83' lang='lat' dir='ltr'><strong>prope</strong></span> <span class='ocrx_word' id='word_1_595' title='bbox 3044 3368 3160 3405; x_wconf 79' lang='lat' dir='ltr'><strong>vero</strong></span> <span class='ocrx_word' id='word_1_596' title='bbox 3183 3355 3341 3419; x_wconf 78' lang='lat' dir='ltr'><strong>ipsum</strong></span> 
     </span>
     <span class='ocr_line' id='line_1_90' title="bbox 1832 3445 2898 3511; baseline -0.005 -12"><span class='ocrx_word' id='word_1_597' title='bbox 1832 3455 2078 3510; x_wconf 59' lang='lat' dir='ltr'><strong>versatum</strong></span> <span class='ocrx_word' id='word_1_598' title='bbox 2097 3448 2314 3499; x_wconf 81' lang='lat' dir='ltr'><strong>extendit</strong></span> <span class='ocrx_word' id='word_1_599' title='bbox 2331 3452 2496 3498; x_wconf 84' lang='lat' dir='ltr'><strong>autem</strong></span> <span class='ocrx_word' id='word_1_600' title='bbox 2514 3450 2706 3511; x_wconf 84' lang='lat' dir='ltr'><strong>propter</strong></span> <span class='ocrx_word' id='word_1_601' title='bbox 2728 3445 2898 3495; x_wconf 87' lang='lat' dir='ltr'><strong>oculos</strong></span> 
     </span>
    </p>

    <p class='ocr_par' dir='ltr' id='par_1_19' title="bbox 1829 3531 3236 3599">
     <span class='ocr_line' id='line_1_91' title="bbox 1829 3531 3236 3599; baseline -0.005 -12"><span class='ocrx_word' id='word_1_602' title='bbox 1829 3537 2034 3587; x_wconf 83' lang='lat' dir='ltr'><strong>caudam</strong></span> <span class='ocrx_word' id='word_1_603' title='bbox 2046 3573 2061 3598; x_wconf 92' lang='lat'>,</span> <span class='ocrx_word' id='word_1_604' title='bbox 2081 3550 2193 3599; x_wconf 78' lang='lat' dir='ltr'>quae</span> <span class='ocrx_word' id='word_1_605' title='bbox 2212 3536 2303 3599; x_wconf 86' lang='lat' dir='ltr'><strong>ipsi</strong></span> <span class='ocrx_word' id='word_1_606' title='bbox 2328 3535 2511 3598; x_wconf 81' lang='lat' dir='ltr'><strong>singula</strong></span> <span class='ocrx_word' id='word_1_607' title='bbox 2527 3534 2750 3596; x_wconf 87' lang='lat' dir='ltr'><strong>nunciat,</strong></span> <span class='ocrx_word' id='word_1_608' title='bbox 2773 3533 2877 3583; x_wconf 80' lang='lat' dir='ltr'><strong>aive</strong></span> <span class='ocrx_word' id='word_1_609' title='bbox 2897 3532 3057 3595; x_wconf 77' lang='lat' dir='ltr'><strong>aliqua</strong></span> <span class='ocrx_word' id='word_1_610' title='bbox 3075 3531 3236 3595; x_wconf 76' lang='lat' dir='ltr'><strong>praeda</strong></span> 
     </span>
    </p>

    <p class='ocr_par' dir='ltr' id='par_1_20' title="bbox 1832 3623 3286 3775">
     <span class='ocr_line' id='line_1_92' title="bbox 1832 3623 3286 3688; baseline -0.006 -13"><span class='ocrx_word' id='word_1_611' title='bbox 1832 3629 1908 3675; x_wconf 87' lang='lat' dir='ltr'>est</span> <span class='ocrx_word' id='word_1_612' title='bbox 1923 3625 2150 3688; x_wconf 84' lang='lat' dir='ltr'><strong>capienda</strong></span> <span class='ocrx_word' id='word_1_613' title='bbox 2160 3660 2175 3686; x_wconf 92' lang='lat'>,</span> <span class='ocrx_word' id='word_1_614' title='bbox 2200 3625 2300 3675; x_wconf 82' lang='lat' dir='ltr'><strong>sive</strong></span> <span class='ocrx_word' id='word_1_615' title='bbox 2317 3623 2513 3687; x_wconf 75' lang='lat' dir='ltr'><strong>aliquod</strong></span> <span class='ocrx_word' id='word_1_616' title='bbox 2529 3624 2725 3687; x_wconf 84' lang='lat' dir='ltr'><strong>paratur</strong></span> <span class='ocrx_word' id='word_1_617' title='bbox 2749 3634 2896 3685; x_wconf 85' lang='lat' dir='ltr'><strong>prope</strong></span> <span class='ocrx_word' id='word_1_618' title='bbox 2917 3626 3286 3676; x_wconf 75' lang='lat' dir='ltr'><strong>nocumentum,</strong></span> 
     </span>
     <span class='ocr_line' id='line_1_93' title="bbox 1832 3707 3165 3775; baseline -0.007 -12"><span class='ocrx_word' id='word_1_619' title='bbox 1832 3714 1936 3763; x_wconf 82' lang='lat' dir='ltr'><strong>aive</strong></span> <span class='ocrx_word' id='word_1_620' title='bbox 1956 3714 2124 3773; x_wconf 75' lang='lat' dir='ltr'><strong>exigua</strong></span> <span class='ocrx_word' id='word_1_621' title='bbox 2145 3714 2292 3762; x_wconf 85' lang='lat' dir='ltr'><strong>maris</strong></span> <span class='ocrx_word' id='word_1_622' title='bbox 2315 3714 2390 3762; x_wconf 85' lang='lat' dir='ltr'>est</span> <span class='ocrx_word' id='word_1_623' title='bbox 2413 3711 2737 3775; x_wconf 72' lang='lat' dir='ltr'><strong>profunditaS,</strong></span> <span class='ocrx_word' id='word_1_624' title='bbox 2761 3722 2908 3772; x_wconf 89' lang='lat' dir='ltr'><strong>quam</strong></span> <span class='ocrx_word' id='word_1_625' title='bbox 2927 3707 3165 3757; x_wconf 83' lang='lat' dir='ltr'><strong>declinare</strong></span> 
     </span>
    </p>

    <p class='ocr_par' dir='ltr' id='par_1_21' title="bbox 1833 3791 3081 3863">
     <span class='ocr_line' id='line_1_94' title="bbox 1833 3791 3081 3863; baseline -0.01 -12"><span class='ocrx_word' id='word_1_626' title='bbox 1833 3802 1986 3852; x_wconf 86' lang='lat' dir='ltr'><strong>satius</strong></span> <span class='ocrx_word' id='word_1_627' title='bbox 2009 3805 2114 3863; x_wconf 77' lang='lat' dir='ltr'><strong>est;</strong></span> <span class='ocrx_word' id='word_1_628' title='bbox 2134 3800 2270 3863; x_wconf 84' lang='lat' dir='ltr'><strong>quasi</strong></span> <span class='ocrx_word' id='word_1_629' title='bbox 2289 3800 2467 3849; x_wconf 83' lang='lat' dir='ltr'><strong>vocalis</strong></span> <span class='ocrx_word' id='word_1_630' title='bbox 2489 3801 2652 3849; x_wconf 86' lang='lat' dir='ltr'><strong>autem</strong></span> <span class='ocrx_word' id='word_1_631' title='bbox 2675 3799 2908 3847; x_wconf 85' lang='lat' dir='ltr'><strong>monstrat</strong></span> <span class='ocrx_word' id='word_1_632' title='bbox 2927 3791 3081 3841; x_wconf 84' lang='lat' dir='ltr'><strong>cauda</strong></span> 
     </span>
    </p>

    <p class='ocr_par' dir='ltr' id='par_1_22' title="bbox 1831 3879 3222 3949">
     <span class='ocr_line' id='line_1_95' title="bbox 1831 3879 3222 3949; baseline -0.007 -10"><span class='ocrx_word' id='word_1_633' title='bbox 1831 3890 1996 3939; x_wconf 89' lang='lat' dir='ltr'><strong>omnia</strong></span> <span class='ocrx_word' id='word_1_634' title='bbox 2019 3889 2154 3939; x_wconf 84' lang='lat' dir='ltr'><strong>valde</strong></span> <span class='ocrx_word' id='word_1_635' title='bbox 2175 3894 2328 3949; x_wconf 76' lang='lat' dir='ltr'><strong>certo,</strong></span> <span class='ocrx_word' id='word_1_636' title='bbox 2347 3888 2644 3949; x_wconf 82' lang='lat' dir='ltr'><strong>obtemperat</strong></span> <span class='ocrx_word' id='word_1_637' title='bbox 2665 3890 2828 3934; x_wconf 88' lang='lat' dir='ltr'><strong>autem</strong></span> <span class='ocrx_word' id='word_1_638' title='bbox 2845 3893 2984 3944; x_wconf 80' lang='lat' dir='ltr'><strong>aquae</strong></span> <span class='ocrx_word' id='word_1_639' title='bbox 3008 3879 3195 3941; x_wconf 88' lang='lat' dir='ltr'><strong>pondus</strong></span> <span class='ocrx_word' id='word_1_640' title='bbox 3207 3904 3222 3947; x_wconf 78' lang='lat'>3</span> 
     </span>
    </p>

    <p class='ocr_par' dir='ltr' id='par_1_23' title="bbox 1832 3974 3161 4042">
     <span class='ocr_line' id='line_1_96' title="bbox 1832 3974 3161 4042; baseline 0.002 -17"><span class='ocrx_word' id='word_1_641' title='bbox 1832 3978 1912 4026; x_wconf 90' lang='lat' dir='ltr'><strong>ille</strong></span> <span class='ocrx_word' id='word_1_642' title='bbox 1934 3978 2062 4025; x_wconf 88' lang='lat' dir='ltr'><strong>enim</strong></span> <span class='ocrx_word' id='word_1_643' title='bbox 2079 3976 2508 4037; x_wconf 82' lang='lat' dir='ltr'><strong>antesignanusque</strong></span> <span class='ocrx_word' id='word_1_644' title='bbox 2529 3974 2580 4023; x_wconf 88' lang='lat' dir='ltr'>et</span> <span class='ocrx_word' id='word_1_645' title='bbox 2597 3987 2734 4022; x_wconf 87' lang='lat' dir='ltr'><strong>aures</strong></span> <span class='ocrx_word' id='word_1_646' title='bbox 2757 3975 2990 4026; x_wconf 86' lang='lat' dir='ltr'><strong>etlumen</strong></span> <span class='ocrx_word' id='word_1_647' title='bbox 3016 3980 3161 4042; x_wconf 86' lang='lat' dir='ltr'><strong>piscis</strong></span> 
     </span>
    </p>

    <p class='ocr_par' dir='ltr' id='par_1_24' title="bbox 1834 4060 3259 4212">
     <span class='ocr_line' id='line_1_97' title="bbox 1835 4060 3259 4129; baseline 0 -14"><span class='ocrx_word' id='word_1_648' title='bbox 1835 4066 2012 4115; x_wconf 79' lang='lat' dir='ltr'><strong>belluae</strong></span> <span class='ocrx_word' id='word_1_649' title='bbox 2030 4066 2134 4125; x_wconf 87' lang='lat' dir='ltr'><strong>est;</strong></span> <span class='ocrx_word' id='word_1_650' title='bbox 2157 4062 2401 4126; x_wconf 88' lang='lat' dir='ltr'><strong>per-illum</strong></span> <span class='ocrx_word' id='word_1_651' title='bbox 2425 4075 2539 4111; x_wconf 84' lang='lat' dir='ltr'><strong>vero</strong></span> <span class='ocrx_word' id='word_1_652' title='bbox 2557 4060 2718 4121; x_wconf 85' lang='lat' dir='ltr'><strong>audit,</strong></span> <span class='ocrx_word' id='word_1_653' title='bbox 2742 4075 2826 4125; x_wconf 87' lang='lat' dir='ltr'>per</span> <span class='ocrx_word' id='word_1_654' title='bbox 2845 4063 3077 4129; x_wconf 88' lang='lat' dir='ltr'><strong>illumque</strong></span> <span class='ocrx_word' id='word_1_655' title='bbox 3101 4068 3259 4125; x_wconf 77' lang='lat' dir='ltr'><strong>videt,</strong></span> 
     </span>
     <span class='ocr_line' id='line_1_98' title="bbox 1834 4148 3048 4212; baseline -0.001 -10"><span class='ocrx_word' id='word_1_656' title='bbox 1834 4154 2030 4202; x_wconf 85' lang='lat' dir='ltr'><strong>habenis</strong></span> <span class='ocrx_word' id='word_1_657' title='bbox 2053 4150 2318 4200; x_wconf 79' lang='lat' dir='ltr'><strong>commissis</strong></span> <span class='ocrx_word' id='word_1_658' title='bbox 2339 4152 2439 4212; x_wconf 71' lang='lat' dir='ltr'><strong>ipsi</strong></span> <span class='ocrx_word' id='word_1_659' title='bbox 2457 4160 2559 4199; x_wconf 79' lang='lat' dir='ltr'><strong>auae</strong></span> <span class='ocrx_word' id='word_1_660' title='bbox 2577 4148 2690 4198; x_wconf 81' lang='lat' dir='ltr'><strong>vitae</strong></span> <span class='ocrx_word' id='word_1_661' title='bbox 2707 4149 3048 4201; x_wconf 73' lang='lat' dir='ltr'><strong>custodiendis.</strong></span> 
     </span>
    </p>

    <p class='ocr_par' dir='ltr' id='par_1_25' title="bbox 1832 4236 2892 4301">
     <span class='ocr_line' id='line_1_99' title="bbox 1832 4236 2892 4301; baseline -0.005 -9"><span class='ocrx_word' id='word_1_662' title='bbox 1832 4244 1901 4292; x_wconf 84' lang='lat' dir='ltr'><strong>Ut</strong></span> <span class='ocrx_word' id='word_1_663' title='bbox 1921 4244 2084 4289; x_wconf 83' lang='lat' dir='ltr'><strong>autem</strong></span> <span class='ocrx_word' id='word_1_664' title='bbox 2107 4238 2232 4288; x_wconf 72' lang='lat' dir='ltr'><strong>filius</strong></span> <span class='ocrx_word' id='word_1_665' title='bbox 2255 4241 2438 4301; x_wconf 85' lang='lat' dir='ltr'><strong>patrem</strong></span> <span class='ocrx_word' id='word_1_666' title='bbox 2462 4236 2698 4286; x_wconf 79' lang='lat' dir='ltr'><strong>seniorem</strong></span> <span class='ocrx_word' id='word_1_667' title='bbox 2715 4236 2892 4299; x_wconf 82' lang='lat' dir='ltr'><strong>diligit,</strong></span> 
     </span>
    </p>

    <p class='ocr_par' dir='ltr' id='par_1_26' title="bbox 1833 4322 3383 4475">
     <span class='ocr_line' id='line_1_100' title="bbox 1833 4322 3383 4387; baseline -0.001 -11"><span class='ocrx_word' id='word_1_668' title='bbox 1833 4327 1964 4377; x_wconf 79' lang='lat' dir='ltr'><strong>curis</strong></span> <span class='ocrx_word' id='word_1_669' title='bbox 1995 4323 2454 4375; x_wconf 74' lang='lat' dir='ltr'><strong>senem-foventibus</strong></span> <span class='ocrx_word' id='word_1_670' title='bbox 2476 4322 2990 4387; x_wconf 64' lang='lat' dir='ltr'><strong>educationis-praemia</strong></span> <span class='ocrx_word' id='word_1_671' title='bbox 3016 4330 3062 4373; x_wconf 83' lang='lat' dir='ltr'>ei</span> <span class='ocrx_word' id='word_1_672' title='bbox 3087 4326 3383 4387; x_wconf 64' lang='lat' dir='ltr'><strong>persolvens,</strong></span> 
     </span>
     <span class='ocr_line' id='line_1_101' title="bbox 1834 4410 3071 4475; baseline -0.002 -12"><span class='ocrx_word' id='word_1_673' title='bbox 1834 4415 1972 4463; x_wconf 82' lang='lat' dir='ltr'><strong>hunc</strong></span> <span class='ocrx_word' id='word_1_674' title='bbox 1986 4418 2148 4462; x_wconf 85' lang='lat' dir='ltr'><strong>autem</strong></span> <span class='ocrx_word' id='word_1_675' title='bbox 2166 4412 2267 4475; x_wconf 85' lang='lat' dir='ltr'><strong>jam</strong></span> <span class='ocrx_word' id='word_1_676' title='bbox 2289 4410 2518 4461; x_wconf 83' lang='lat' dir='ltr'><strong>membris</strong></span> <span class='ocrx_word' id='word_1_677' title='bbox 2540 4413 2589 4461; x_wconf 84' lang='lat' dir='ltr'>et</span> <span class='ocrx_word' id='word_1_678' title='bbox 2607 4410 3071 4461; x_wconf 69' lang='lat' dir='ltr'><strong>oculisiimhecillum</strong></span> 
     </span>
    </p>

    <p class='ocr_par' dir='ltr' id='par_1_27' title="bbox 1836 4496 2887 4559">
     <span class='ocr_line' id='line_1_102' title="bbox 1836 4496 2887 4559; baseline -0.003 -10"><span class='ocrx_word' id='word_1_679' title='bbox 1836 4500 2026 4549; x_wconf 83' lang='lat' dir='ltr'><strong>assidue</strong></span> <span class='ocrx_word' id='word_1_680' title='bbox 2043 4498 2277 4547; x_wconf 81' lang='lat' dir='ltr'><strong>comitans</strong></span> <span class='ocrx_word' id='word_1_681' title='bbox 2293 4500 2340 4546; x_wconf 82' lang='lat' dir='ltr'>ei</span> <span class='ocrx_word' id='word_1_682' title='bbox 2365 4496 2605 4559; x_wconf 65' lang='lat' dir='ltr'><strong>adhaeret,</strong></span> <span class='ocrx_word' id='word_1_683' title='bbox 2629 4496 2774 4559; x_wconf 86' lang='lat' dir='ltr'><strong>inque</strong></span> <span class='ocrx_word' id='word_1_684' title='bbox 2795 4497 2887 4546; x_wconf 82' lang='lat' dir='ltr'><strong>viis</strong></span> 
     </span>
    </p>

    <p class='ocr_par' dir='ltr' id='par_1_28' title="bbox 1836 4585 3359 4739">
     <span class='ocr_line' id='line_1_103' title="bbox 1837 4585 3359 4650; baseline -0.005 -12"><span class='ocrx_word' id='word_1_685' title='bbox 1837 4600 2032 4638; x_wconf 86' lang='lat' dir='ltr'><strong>manum</strong></span> <span class='ocrx_word' id='word_1_686' title='bbox 2055 4586 2276 4650; x_wconf 66' lang='lat' dir='ltr'><strong>praebens</strong></span> <span class='ocrx_word' id='word_1_687' title='bbox 2292 4589 2342 4635; x_wconf 88' lang='lat' dir='ltr'>et</span> <span class='ocrx_word' id='word_1_688' title='bbox 2358 4586 2582 4635; x_wconf 86' lang='lat' dir='ltr'><strong>omnihus</strong></span> <span class='ocrx_word' id='word_1_689' title='bbox 2599 4586 2649 4634; x_wconf 86' lang='lat' dir='ltr'>in</span> <span class='ocrx_word' id='word_1_690' title='bbox 2671 4585 2932 4648; x_wconf 70' lang='lat' dir='ltr'><strong>rebuaipse</strong></span> <span class='ocrx_word' id='word_1_691' title='bbox 2949 4598 3068 4637; x_wconf 79' lang='lat' dir='ltr'>eum</span> <span class='ocrx_word' id='word_1_692' title='bbox 3085 4585 3359 4642; x_wconf 72' lang='lat' dir='ltr'><strong>‹loss-nclen·:;</strong></span> 
     </span>
     <span class='ocr_line' id='line_1_104' title="bbox 1836 4670 3034 4739; baseline -0.003 -14"><span class='ocrx_word' id='word_1_693' title='bbox 1836 4676 1960 4739; x_wconf 78' lang='lat' dir='ltr'><strong>pat-ri</strong></span> <span class='ocrx_word' id='word_1_694' title='bbox 1984 4687 2096 4725; x_wconf 83' lang='lat' dir='ltr'><strong>vero</strong></span> <span class='ocrx_word' id='word_1_695' title='bbox 2115 4674 2376 4723; x_wconf 81' lang='lat' dir='ltr'><strong>senescenti</strong></span> <span class='ocrx_word' id='word_1_696' title='bbox 2404 4685 2585 4723; x_wconf 82' lang='lat' dir='ltr'><strong>novum</strong></span> <span class='ocrx_word' id='word_1_697' title='bbox 2608 4672 2755 4721; x_wconf 86' lang='lat' dir='ltr'><strong>robur</strong></span> <span class='ocrx_word' id='word_1_698' title='bbox 2779 4670 2862 4721; x_wconf 83' lang='lat' dir='ltr'><strong>filii</strong></span> <span class='ocrx_word' id='word_1_699' title='bbox 2887 4676 3000 4723; x_wconf 77' lang='lat' dir='ltr'>sum</span> <span class='ocrx_word' id='word_1_700' title='bbox 3022 4690 3034 4721; x_wconf 75' lang='grc' dir='ltr'>ε</span> 
     </span>
    </p>

    <p class='ocr_par' dir='ltr' id='par_1_29' title="bbox 1839 4758 2815 4823">
     <span class='ocr_line' id='line_1_105' title="bbox 1839 4758 2815 4823; baseline -0.002 -12"><span class='ocrx_word' id='word_1_701' title='bbox 1839 4762 1911 4811; x_wconf 83' lang='lat' dir='ltr'>sic</span> <span class='ocrx_word' id='word_1_702' title='bbox 1933 4762 2012 4811; x_wconf 89' lang='lat' dir='ltr'><strong>ille</strong></span> <span class='ocrx_word' id='word_1_703' title='bbox 2033 4774 2194 4811; x_wconf 84' lang='lat' dir='ltr'><strong>amore</strong></span> <span class='ocrx_word' id='word_1_704' title='bbox 2213 4760 2422 4823; x_wconf 87' lang='lat' dir='ltr'><strong>implicat</strong></span> <span class='ocrx_word' id='word_1_705' title='bbox 2442 4758 2652 4809; x_wconf 88' lang='lat' dir='ltr'><strong>belluam</strong></span> <span class='ocrx_word' id='word_1_706' title='bbox 2670 4758 2815 4809; x_wconf 83' lang='lat' dir='ltr'><strong>maris</strong></span> 
     </span>
    </p>

    <p class='ocr_par' dir='ltr' id='par_1_30' title="bbox 1840 4846 3084 4913">
     <span class='ocr_line' id='line_1_106' title="bbox 1840 4846 3084 4913; baseline -0.002 -16"><span class='ocrx_word' id='word_1_707' title='bbox 1840 4850 2011 4913; x_wconf 83' lang='lat' dir='ltr'><strong>piscis,</strong></span> <span class='ocrx_word' id='word_1_708' title='bbox 2029 4854 2257 4911; x_wconf 81' lang='lat' dir='ltr'><strong>tanquam</strong></span> <span class='ocrx_word' id='word_1_709' title='bbox 2276 4860 2448 4897; x_wconf 82' lang='lat' dir='ltr'><strong>navem</strong></span> <span class='ocrx_word' id='word_1_710' title='bbox 2466 4846 2734 4909; x_wconf 80' lang='lat' dir='ltr'><strong>gubernans</strong></span> <span class='ocrx_word' id='word_1_711' title='bbox 2752 4848 2914 4910; x_wconf 81' lang='lat' dir='ltr'><strong>clavo,</strong></span> <span class='ocrx_word' id='word_1_712' title='bbox 2937 4850 3084 4897; x_wconf 77' lang='lat' dir='ltr'><strong>freno.</strong></span> 
     </span>
    </p>

    <p class='ocr_par' dir='ltr' id='par_1_31' title="bbox 1840 4934 3014 4999">
     <span class='ocr_line' id='line_1_107' title="bbox 1840 4934 3014 4999; baseline -0.003 -13"><span class='ocrx_word' id='word_1_713' title='bbox 1840 4936 2058 4987; x_wconf 79' lang='lat' dir='ltr'><strong>Profecto</strong></span> <span class='ocrx_word' id='word_1_714' title='bbox 2080 4934 2173 4999; x_wconf 84' lang='lat' dir='ltr'><strong>ipsi</strong></span> <span class='ocrx_word' id='word_1_715' title='bbox 2191 4935 2254 4984; x_wconf 88' lang='lat' dir='ltr'><strong>ab</strong></span> <span class='ocrx_word' id='word_1_716' title='bbox 2269 4939 2382 4985; x_wconf 82' lang='lat' dir='ltr'><strong>ortu</strong></span> <span class='ocrx_word' id='word_1_717' title='bbox 2401 4934 2556 4996; x_wconf 90' lang='lat' dir='ltr'><strong>primo</strong></span> <span class='ocrx_word' id='word_1_718' title='bbox 2574 4937 2803 4995; x_wconf 76' lang='lat' dir='ltr'><strong>cognatus</strong></span> <span class='ocrx_word' id='word_1_719' title='bbox 2822 4934 3014 4997; x_wconf 81' lang='lat' dir='ltr'><strong>sanguis</strong></span> 
     </span>
    </p>

    <p class='ocr_par' dir='ltr' id='par_1_32' title="bbox 1840 5016 3028 5082">
     <span class='ocr_line' id='line_1_108' title="bbox 1840 5016 3028 5082; baseline -0.003 -11"><span class='ocrx_word' id='word_1_720' title='bbox 1840 5022 2036 5082; x_wconf 83' lang='lat' dir='ltr'><strong>obtigit,</strong></span> <span class='ocrx_word' id='word_1_721' title='bbox 2060 5025 2141 5069; x_wconf 83' lang='lat' dir='ltr'>aut</span> <span class='ocrx_word' id='word_1_722' title='bbox 2159 5020 2318 5082; x_wconf 85' lang='lat' dir='ltr'><strong>ipsum</strong></span> <span class='ocrx_word' id='word_1_723' title='bbox 2341 5018 2420 5069; x_wconf 89' lang='lat' dir='ltr'><strong>ille</strong></span> <span class='ocrx_word' id='word_1_724' title='bbox 2436 5018 2614 5080; x_wconf 80' lang='lat' dir='ltr'><strong>eligens</strong></span> <span class='ocrx_word' id='word_1_725' title='bbox 2631 5016 2832 5067; x_wconf 84' lang='lat' dir='ltr'><strong>sociavit</strong></span> <span class='ocrx_word' id='word_1_726' title='bbox 2852 5020 3028 5067; x_wconf 85' lang='lat' dir='ltr'><strong>auimo.</strong></span> 
     </span>
    </p>

    <p class='ocr_par' dir='ltr' id='par_1_33' title="bbox 1848 5104 2988 5179">
     <span class='ocr_line' id='line_1_109' title="bbox 1848 5104 2988 5179; baseline 0 -22"><span class='ocrx_word' id='word_1_727' title='bbox 1848 5110 1925 5179; x_wconf 64' lang='lat' dir='ltr'><strong>Sic</strong></span> <span class='ocrx_word' id='word_1_728' title='bbox 1949 5122 2099 5170; x_wconf 86' lang='lat' dir='ltr'><strong>neque</strong></span> <span class='ocrx_word' id='word_1_729' title='bbox 2117 5107 2301 5156; x_wconf 86' lang='lat' dir='ltr'><strong>roboris</strong></span> <span class='ocrx_word' id='word_1_730' title='bbox 2315 5143 2329 5167; x_wconf 89' lang='lat'><em>,</em></span> <span class='ocrx_word' id='word_1_731' title='bbox 2351 5120 2504 5169; x_wconf 85' lang='lat' dir='ltr'><strong>neque</strong></span> <span class='ocrx_word' id='word_1_732' title='bbox 2527 5106 2696 5155; x_wconf 69' lang='lat' dir='ltr'><strong>forma</strong></span> <span class='ocrx_word' id='word_1_733' title='bbox 2714 5108 2789 5154; x_wconf 77' lang='lat' dir='ltr'>eat</span> <span class='ocrx_word' id='word_1_734' title='bbox 2811 5104 2988 5157; x_wconf 72' lang='lat' dir='ltr'><strong>utilitas</strong></span> 
     </span>
    </p>
   </div>
  </div>
 </body>
</html>
