3767 5825
145 361 369 444 (ιε-ιο.)
805 380 1064 448 PHILAE
1104 391 1396 462 VERSUS
1436 403 1539 466 DE
1578 408 2026 480 ANIMALIUM
2063 423 2620 496 PROPRIETATE.

232 496 362 556 ἀλλὰ
384 501 627 571 νεοσσοὺς
652 503 804 578 ὄντας
822 499 1085 594 αἱρείσθαι
1106 521 1200 586 ἔτι.

139 581 217 662 (15)
239 585 359 653 Τοῖς
377 587 428 646 δ’
452 591 525 658 εἰς
550 602 750 674 χρυσοῦ
780 598 1009 684 ἄθροισιν
1038 607 1217 682 Ἰνδοῖς
1241 617 1417 680 αὐτόθι

136 690 204 731 ιοο
228 675 399 746 δεινῶς
428 679 694 761 μάχεσθαί
717 710 846 768 φασι
872 701 978 763 τοῖς
1010 701 1341 788 ἀφιγμένοις,

227 764 421 845 ὑποψίᾳ
448 791 507 846 γε
536 768 611 846 μὴ
636 773 765 856 ὑπὲρ
790 784 883 839 τοῦ
910 783 976 842 τὰ
1001 786 1165 871 βρέφη

229 848 400 920 ἥκοιεν
422 855 589 912 αὑτῶν
618 857 897 917 συλλαὸεῖν
926 863 1275 945 ἀμωσγέπως.

230 939 527 1010 Δεδοικότες
554 941 598 1000 δ’
623 935 711 1003 οὗν
728 945 825 1018 τὴν
847 947 982 1027 ἄγαν
1004 956 1107 1011 τῶν
1131 955 1321 1037 θηρίων

126 1023 203 1101 (2⁰)
226 1025 414 1106 εἷλκὴν,
446 1029 565 1106 μετ’
586 1024 732 1114 ἦμαρ
760 1037 1043 1117 ἠρεμοῦσιν
1072 1043 1124 1100 ἐν
1150 1042 1405 1123 λόχμαις,

125 1129 188 1171 tus
233 1113 433 1199 νύκτωρ
466 1119 515 1176 δ’
534 1121 617 1179 ἐπ’
638 1121 773 1181 αὐτὰ
791 1130 881 1184 τοῦ
900 1135 1096 1208 χρυσοῦ
1127 1129 1195 1188 τὰ
1216 1134 1387 1216 χωρία

223 1213 415 1284 χωρεῖν
444 1212 557 1284 μεθ’
586 1207 763 1270 ὅπλων
782 1211 921 1286 πλὴν
948 1223 1188 1299 ταραχῆς
1209 1223 1299 1281 καὶ
1323 1225 1509 1306 ψόφου.

222 1293 457 1353 Κᾶκεῗσε
476 1297 642 1376 φειδοῖ
656 1300 1056 1383 κατορύττοντες
1075 1308 1235 1388 τάχος
1246 1357 1261 1384 ,

219 1379 276 1438 τὸ
300 1383 493 1462 ψῆγμά
524 1385 571 1464 γ’
595 1388 721 1447 αὐτὸ
744 1391 1079 1469 λαμὸάνουσι
1106 1396 1199 1457 σὺν
1232 1399 1395 1485 πόνῳ·

118 1465 195 1544 (25)
220 1468 308 1527 καὶ
336 1469 443 1550 εἴγε
466 1495 578 1542 πως
596 1475 795 1539 λάθωσι
822 1480 940 1550 τοὺς
967 1483 1171 1564 γρύπας
1190 1489 1337 1564 τότε,

119 1573 184 1612 uo
218 1555 427 1637 ὄλεθρον
453 1557 587 1622 ὥστε
616 1564 706 1624 τὸν
731 1567 861 1648 πρὸς
880 1573 1051 1630 αὐτῶν
1076 1575 1316 1656 ἐκφυγεῖν

216 1645 303 1703 καὶ
331 1651 468 1730 κῆρα
492 1650 588 1724 τὴν
608 1652 886 1737 μέλαιναν,
913 1651 1031 1740 εῧγε
1050 1667 1143 1736 τῆς
1168 1663 1353 1746 τύχης.

628 1941 815 2003 ΠΕΡΙ
855 1945 1131 2011 ΓΥΠΟΣ.

216 2083 281 2146 ‘O
303 2085 673 2172 γὺψμαχητὴς
698 2105 805 2166 τοῖς
816 2109 1012 2184 νεκροῖς
1039 2101 1114 2164 ὢν
1139 2108 1406 2187 τυγχάνει.

222 2176 325 2235 Καὶ
355 2178 463 2260 γάρ
490 2185 609 2240 ποτ’
638 2185 824 2254 αὐτοὺς
849 2181 889 2269 ᾗ
912 2189 959 2248 τ’
988 2190 1053 2251 ἂν
1081 2195 1333 2278 εὐκαίρως
1350 2199 1525 2282 λάχῃ,

214 2275 383 2348 τρυφᾷ
415 2267 694 2349 βεὸρωκὼς
716 2277 789 2342 ὥς
826 2277 1121 2358 βραὸευτὴς
1148 2287 1439 2369 γεννάδας.]

115 2374 179 2414 115
218 2353 373 2426 Πλὴν
408 2358 667 2434 μαντικὴν
688 2359 895 2442 ἔχουσιν
931 2371 978 2426 οἱ
1012 2367 1175 2450 γύπες
1195 2372 1368 2454 φύσιν.

116 2445 164 2520 ι5)
214 2441 319 2502 Καὶ
345 2441 451 2524 γὰρ
480 2451 863 2528 συνεκδημοῦσι
888 2463 995 2524 τοῖς
1020 2461 1370 2539 μαχουμένους
1383 2511 1401 2540 ,

210 2534 313 2588 τῶν
342 2533 603 2612 σωμάτων
622 2539 793 2598 ἐλπίδι
826 2545 931 2602 τῶν
957 2549 1313 2626 πεσουμένων.

214 2619 509 2698 Μεμήνασι
537 2622 593 2684 δὲ
614 2630 681 2706 τῇ
707 2632 841 2712 βορᾷ
866 2635 970 2692 τῶν
997 2636 1275 2718 λειψάνων,

208 2710 274 2775 ὡς
295 2706 591 2787 ὀξυπεῗναι,
627 2715 719 2775 καὶ
745 2719 1048 2800 σπαράκται
1066 2769 1083 2798 ,
1120 2727 1211 2786 καὶ
1242 2729 1467 2811 βλάκες,

108 2813 169 2853 12⁰
205 2795 255 2853 οἳ
277 2799 361 2875 τῷ
383 2797 533 2881 μύρῳ
561 2801 867 2879 θνήσκουσι,
891 2809 1164 2893 κανθάρων
1190 2815 1359 2890 δίκην.

103 2883 179 2961 (10)
210 2885 393 2955 Θῆλυς
415 2885 469 2945 δὲ
499 2897 604 2958 πᾶς
642 2890 783 2975 γὺψ,
812 2895 905 2956 καὶ
930 2910 1132 2981 σπορᾶς
1172 2902 1292 2965 ἄνευ
1310 2906 1439 2969 κύει.

206 2970 424 3032 Χαίνων
451 2974 554 3054 γὰρ
584 2980 906 3065 ἀντίπρωρος
932 2990 1064 3068 ὑψοῦ
1086 2992 1216 3073 πρὸς
1240 2995 1407 3071 νότον,

202 3060 565 3137 συλλαμβάνει
591 3066 653 3124 τὸ
677 3076 888 3149 πνεῦμα
903 3119 919 3151 ,
951 3076 1041 3135 καὶ
1056 3078 1231 3159 τρίτου
1255 3084 1475 3165 χρόνου,

205 3148 481 3229 στρουθοὺς
504 3157 801 3237 πτερωτοὺς
843 3162 947 3221 ἀπὸ
990 3165 1193 3247 μήτρας
1206 3170 1398 3253 ἐξάγει.

106 3255 166 3293 m
204 3234 273 3298 Οἳ
298 3240 455 3305 ζῶσιν
483 3241 629 3311 εὐθὺς
654 3244 708 3314 ἐξ
743 3248 945 3329 ὀνύχων
972 3254 1243 3337 ἇρπάγων,

102 3321 179 3398 (ΙΙ)
208 3324 418 3403 πνίγους
443 3329 643 3387 κοιλιῶν
676 3334 963 3416 εὖρεθέντες
990 3342 1293 3422 κρείττονες.

208 3412 521 3475 Τοῦναντίον
552 3417 609 3476 δέ
634 3443 761 3501 φασι
787 3422 905 3493 τοὺς
934 3430 1203 3506 αἷγυπιοὺς

202 3499 468 3571 τίκτοντας
494 3504 576 3564 ὠὰ
596 3512 663 3587 τῇ
687 3522 859 3594 σπορᾷ
880 3518 983 3574 τῶν
1011 3518 1258 3601 ἀρρένων,

199 3588 265 3654 εἰς
292 3588 387 3657 τὰς
405 3592 593 3662 καλιὰς
613 3595 731 3665 τοὺς
752 3601 982 3671 νεοττοὺς
1001 3607 1294 3693 ἐκγλύφειν,

106 3688 169 3729 1³0
208 3674 385 3753 ῥώμης
408 3679 608 3758 ἀγαθῆς
630 3684 719 3743 καὶ
759 3693 964 3770 πτερῶν
985 3694 1303 3778 ἀλλοτρίους·

98 3758 172 3836 (²0)
208 3752 336 3821 εἶναι
360 3762 418 3823 δὲ
444 3766 536 3826 καὶ
560 3770 786 3848 μέλανας
812 3781 883 3846 ὥς
903 3782 1240 3861 Αἰγυπτίους.

199 3848 438 3927 [Τούτων
460 3878 547 3933 γε,
572 3860 727 3940 φασὶ,
752 3862 812 3923 τὸ
831 3868 1019 3949 πτερὸν
1044 3874 1325 3954 θυμιάσας,

196 3937 333 4019 ὄφεις
372 3942 576 4013 ἐλάσεις
595 3950 789 4030 χωρίου
808 3945 869 4013 οὗ
907 3955 971 4017 ἂν
990 3960 1181 4047 θέλῃς]
1204 4031 1211 4041 .

220 4214 403 4277 ΠΕΡΙ
442 4220 597 4281 ΤΗΣ
641 4224 1012 4293 ΜΕΓΑΛΗΣ
1062 4236 1490 4310 ΣΙῬΟΥΘΟΥ.

198 4358 453 4439 Στρουθὸν
481 4366 542 4425 δέ
566 4389 697 4451 φασι
720 4371 815 4446 τὴν
845 4378 1081 4456 μεγάλην
1103 4384 1151 4443 οἳ
1180 4386 1389 4471 Φρύγες
1404 4440 1421 4473 ,

92 4460 157 4499 ¹³5
198 4436 357 4508 οὖσαν
372 4454 665 4534 πτεροπὴν,
692 4468 800 4529 τοῖς
820 4465 946 4525 ποσὶ
970 4473 1201 4549 χρῆσθαι
1224 4476 1396 4538 πλέον.

193 4530 427 4598 Ὤκιστα
454 4540 556 4623 γὰρ
580 4542 796 4609 θέουσαν
832 4554 906 4621 εἰς
926 4552 1076 4636 ἄρσιν
1100 4559 1265 4638 μέσην

191 4624 414 4685 κολποῦν
441 4630 632 4705 ἑαυτῆς
655 4634 725 4695 τὰ
750 4639 918 4721 πτερὰ
939 4644 1068 4727 πρὸς
1093 4646 1213 4717 τοὺς
1242 4652 1488 4733 δρόμους,

104 4705 159 4783 (ιι)
188 4712 257 4775 ὡς
272 4710 457 4795 λαῖφος
470 4710 657 4780 oiso‘ov‘
674 4724 736 4784 ἐκ
749 4734 911 4801 πνοῆς
942 4734 1273 4806 πλησιστίου.

196 4795 334 4858 Ὠῶν
358 4800 413 4862 δὲ
436 4812 643 4887 συχνῶν
662 4816 957 4894 εὑρεθεῖσαν
988 4822 1213 4903 ἐργάτιν,

87 4899 151 4941 uo
187 4884 251 4942 τὰ
296 4887 371 4965 μὴ
398 4894 609 4977 καθαρὰ
633 4902 725 4972 τῆς
750 4908 903 4983 γονῆς
928 4910 1241 4991 ἀποκρίνειν.

192 4969 383 5047 Ὅσους
407 4980 513 5064 γὰρ
544 4983 781 5071 ἐξέλεψεν
810 4997 845 5067 ἡ
862 4993 996 5065 ζέσις
1018 5000 1226 5077 τόκους,

190 5062 243 5119 ἰν
270 5072 374 5134 τοῖς
401 5069 761 5153 ἂποῤῥεύσασι
778 5080 1064 5165 κυλίνδροις
1088 5088 1309 5172 τρέφειν·

92 5144 169 5224 iio)
198 5151 291 5209 καὶ
320 5157 418 5216 τῶν
448 5158 681 5223 διωκτῶν
707 5169 1045 5244 γειτνιώντων
1070 5177 1271 5257 ἀθρόον,

198 5240 395 5317 ῥιπτεῖν
420 5249 540 5307 κατ’
568 5252 742 5314 αὖτῶν
764 5255 884 5328 τοὺς
904 5262 1161 5333 ὄπισθίους
1186 5267 1351 5340 λίθους

1772 545 1857 596 sed
1882 549 2044 611 pullos
2059 553 2225 607 adhue
2239 560 2553 622 prehendere.

1766 637 1894 687 cum
1913 639 2044 693 Indis
2055 657 2173 695 vero
2190 647 2259 700 ibi
2275 650 2338 700 ad
2355 655 2464 705 auri
2475 656 2809 712 collectionem

1764 723 2132 784 advenientibus
2149 737 2325 788 acriter
2353 753 2437 794 eos
2457 755 2677 808 pugnare
2701 749 2838 802 aiunt

1761 817 1899 864 metu
1921 819 2149 885 quidem,
2169 829 2308 876 netu
2331 829 2492 892 pullos
2507 831 2727 896 ipsorum

1776 885 2182 944 comprehendant
2205 892 2584 960 quodammodo,
2609 904 2913 956 accesserint.

1774 969 2151 1026 Extimescentes
2168 977 2313 1040 igitur
2333 983 2536 1035 nimium
2557 987 2765 1041 serarum

1774 1057 1940 1123 robur,
1962 1062 2170 1116 interdiu
2185 1069 2438 1131 quiescunt
2453 1074 2502 1124 in
2522 1075 2728 1130 dumetis
2741 1117 2755 1142 ,

1768 1151 1911 1197 noctu
1928 1161 2041 1201 vero
2057 1152 2118 1202 ad
2142 1154 2242 1217 ipsa
2263 1159 2370 1209 auri
2391 1159 2495 1212 loca
2515 1163 2769 1218 dicuntur

1766 1236 1988 1289 accedere
2005 1254 2116 1291 cum
2141 1247 2288 1296 armis
2310 1248 2412 1300 sine
2429 1253 2640 1304 tumultu
2660 1259 2710 1306 et
2728 1261 2945 1324 strepitu.

1765 1326 1827 1375 Et
1842 1325 1910 1375 ibi
1927 1340 2039 1378 cum
2057 1344 2173 1382 cura
2191 1334 2424 1388 fodientes
2442 1341 2680 1406 celeriter,

1763 1419 2033 1466 ramentum
2051 1417 2212 1482 ipsum
2227 1431 2426 1476 sumunt
2443 1441 2556 1478 cum
2571 1429 2743 1484 labore.

1762 1501 1882 1552 Etsi
1903 1504 2100 1567 quidem
2113 1508 2290 1562 lateant
2314 1514 2433 1565 tunc
2453 1518 2660 1582 gryphes
2674 1555 2690 1583 ,

1761 1588 1833 1640 sic
1850 1594 1908 1642 ut
1928 1595 2190 1657 perniciem
2212 1599 2388 1652 abillis
2409 1604 2643 1669 effugiant

1759 1679 1812 1728 et
1832 1687 2036 1736 mortem
2057 1687 2270 1755 nigram,
2284 1706 2404 1758 euge
2426 1695 2540 1749 honi
2561 1705 2766 1753 eventus
2787 1717 2916 1769 ergo.

2406 1869 2628 1885 ἡ

2237 1979 2293 2030 3.
2337 1970 2439 2032 DE
2479 1927 2857 2041 VULrusE.

1759 2139 1938 2190 Vultur
1961 2147 2196 2208 pugnator
2216 2152 2357 2203 estin
2381 2154 2631 2209 hominum
2654 2161 2901 2214 cadavera.

1754 2228 1946 2280 Etenim
1969 2244 2026 2282 ea
2047 2234 2323 2303 ubicunque
2346 2246 2516 2296 namus
2535 2245 2678 2298 fuerit
2688 2256 2958 2314 opportune
2970 2291 2986 2318 ,

1752 2317 1966 2369 exsultat
1981 2322 2278 2377 manducans
2292 2364 2308 2389 ,
2329 2335 2384 2381 ut
2401 2332 2560 2384 victor
2571 2340 2874 2405 generosus]

1748 2405 1992 2458 Praeterea
2015 2409 2352 2466 divinatricem
2373 2419 2555 2472 habent
2572 2425 2791 2478 vultures
2808 2434 3046 2484 naturam.

1745 2667 2002 2733 Indulgent
2031 2679 2195 2726 autem
2216 2678 2392 2741 pabulo
2406 2683 2714 2748 reliquiarum

1742 2759 1800 2806 ut
1820 2757 2051 2824 famelici,
2067 2765 2116 2812 et
2133 2779 2331 2828 rapaces
2346 2806 2363 2833 ,
2387 2777 2436 2821 et
2457 2773 2646 2838 ignavi,

1671 2829 1681 2848 ⁴
1742 2847 1825 2909 qui
1845 2855 2090 2911 unguento
2111 2855 2395 2920 moriuntur,
2419 2863 2759 2917 cantharorum
2773 2868 2938 2923 instar.

1740 2936 2020 2992 Femininus
2038 2955 2155 2996 vero
2179 2949 2339 3012 quivis
2366 2954 2528 3005 vultur
2548 2994 2564 3021 ,
2589 2960 2640 3010 et
2657 2959 2763 3011 sine
2780 2964 2910 3014 coitu
2941 2968 3163 3032 concipit.

1740 3024 1890 3077 Hians
1903 3029 2030 3081 enim
2043 3032 2093 3083 in
2109 3036 2208 3087 alto
2230 3050 2340 3091 aere
2350 3041 2410 3091 ad
2417 3056 2582 3096 versus
2604 3052 2773 3100 notum
2785 3086 2800 3113 ,

1738 3114 1906 3177 recipit
1925 3117 2118 3184 ilatum,
2141 3128 2191 3175 et
2213 3128 2355 3179 tertio
2381 3144 2508 3181 anno

1738 3202 1900 3263 pullos
1923 3205 2166 3269 plumatos
2187 3227 2248 3264 ex
2271 3218 2408 3269 utero
2429 3220 2625 3274 emittit.

1737 3288 1834 3345 Qui
1854 3290 2028 3344 vivunt
2046 3300 2208 3349 statim
2235 3306 2476 3365 unguibus
2499 3312 2768 3377 rapacibuS,

1740 3373 1964 3429 nidorum
1989 3388 2318 3446 angustiarum
2338 3393 2520 3446 inventi
2544 3399 2867 3464 impatientes.

1735 3464 1913 3515 contra
1933 3481 2051 3520 vero
2069 3472 2236 3525 dicunt
2256 3481 2465 3544 aegypios
2485 3484 2686 3549 (aliam
2709 3493 2982 3548 vulturum
2999 3503 3266 3569 speciem).

1733 3550 1929 3607 edentes
1961 3571 2053 3610 ova
2075 3564 2222 3615 maris
2254 3568 2408 3633 initu,

1732 3638 1784 3689 in
1804 3641 1930 3694 nidis
1946 3648 2106 3709 pullos
2126 3655 2383 3708 excludere
2397 3694 2414 3721 ,

1732 3728 1920 3783 roboris
1937 3733 2052 3787 boni
2069 3741 2119 3790 et
2145 3756 2413 3805 pennarum
2435 3759 2684 3819 expertes3

1730 3817 1890 3881 nigros
1909 3836 2025 3875 vero
2049 3828 2196 3881 etiam
2213 3846 2320 3885 esse
2342 3836 2492 3889 instar
2514 3844 2866 3907 AEgyptiorum.

1729 3903 1938 3971 [Horum
1961 3913 2184 3981 quidem,
2204 3920 2370 3987 aiunt,
2388 3938 2595 3989 pennam
2618 3932 2842 3999 suffiens,

1731 4000 1975 4060 serpentes
1997 4002 2159 4067 abiges
2180 4021 2279 4071 quo
2300 4011 2422 4064 velis
2447 4014 2596 4083 loco.]

2436 4151 2587 4169 ξ

1969 4266 2022 4317 5.
2063 4259 2164 4321 ΒΕ
2207 4265 2492 4331 MAGNO
2529 4274 3048 4348 STRUTHIONE.

1725 4412 2052 4470 struthionem
2074 4428 2237 4477 autem
2258 4442 2486 4494 magnum
2514 4436 2652 4489 aiunt
2665 4441 2902 4509 Phryges,

1722 4504 1946 4562 quamvis
1964 4518 2254 4577 pennatum,
2277 4518 2482 4581 pedibus
2501 4525 2570 4575 uti
2593 4530 2761 4591 magis.

1724 4590 1982 4645 Celerrime
1994 4598 2122 4649 enim
2144 4612 2418 4659 currentem
2435 4646 2450 4672 ,
2485 4613 2546 4664 ad
2569 4616 2888 4673 sublationem
2905 4626 3110 4680 mediam

1722 4677 1911 4733 sinuare
1938 4684 2040 4736 alas
2060 4701 2176 4741 suas
2198 4693 2260 4743 ad
2277 4709 2473 4749 emaum
2485 4736 2503 4765 ,

1722 4766 1847 4817 sicut
1872 4770 2037 4824 velum
2061 4779 2252 4831 tumens
2272 4789 2443 4849 vento,
2461 4790 2545 4853 qui
2565 4794 2760 4848 carbasa
2779 4798 2963 4866 implet.

1718 4856 1932 4909 ovorum
1965 4868 2127 4914 autem
2147 4874 2496 4929 permultorum
2514 4883 2792 4942 genitricem

1716 4953 1799 5003 ea,
1818 4958 1928 5008 quoe
1959 4962 2054 5000 non
2072 4966 2226 5005 vacua
2243 4960 2342 5011 sint
2359 4962 2503 5028 roetu,
2529 4982 2792 5036 segregare.

1715 5031 1965 5097 Quotquot
1987 5038 2112 5089 enim
2126 5045 2284 5105 pullos
2305 5053 2564 5107 excluserit
2578 5060 2724 5124 calor,

1712 5118 1817 5169 ovis
1838 5120 2160 5181 defluentibus
2177 5134 2198 5198 (
2209 5136 2412 5198 reiectis
2431 5145 2486 5193 in
2511 5145 2744 5213 deiectu)
2765 5156 2970 5222 nutrire,

1711 5206 1761 5255 et
1782 5206 2147 5269 insectatoribus
2165 5224 2415 5279 confertim
2433 5237 2927 5303 appropinquantibus
2933 5263 2952 5309 ,-

1718 5296 1952 5361 conjicere
1967 5302 2020 5355 in
2035 5304 2166 5371 ipsos
2187 5311 2372 5378 lapides
2385 5332 2416 5370 a
2433 5324 2564 5388 tergo
