3767 5825
1183 386 1265 445 IN
1307 383 1761 444 MANETHON.
1807 382 2110 445 LIBRUM
2153 385 2202 445 l.

3138 408 3327 456 nix*

117 510 340 569 disticha
363 532 494 587 quae
521 512 595 583 75
638 531 755 589 sq.,
783 515 862 587 98
902 533 1018 590 sq.,
1058 514 1166 570 158
1191 533 1308 590 sq.,
1350 516 1563 571 208-21
1579 535 1601 569 1
1622 556 1639 584 ,
1735 535 1838 579 νοις
1851 535 1910 574 v.
1937 515 1997 585 6,
2016 534 2193 589 quum
2214 515 2277 572 in
2297 514 2389 571 his
2404 527 2557 573 certe
2574 514 2747 575 libris
2760 536 2991 596 semper
3009 519 3083 579 de
3104 520 3288 583 homi-

119 600 208 655 351
241 620 322 675 sq.
351 598 654 670 habentur,
680 600 989 659 admonere
1012 615 1278 679 poterant
1304 604 1472 660 etiam
1496 616 1643 659 cete·

115 687 184 743 ris
218 687 390 761 locis,
423 687 526 747 ubi
557 689 797 764 elegiaci
835 709 1038 747 versus
1067 690 1362 749 confusius
1395 690 1644 749 heroicis

110 774 343 833 immixti
373 778 668 851 leguntur,
700 777 940 834 eandem
980 796 1101 835 rem
1138 798 1243 835 usu
1281 780 1544 849 venisse,
1583 791 1647 836 ut

109 864 266 919 etiam
295 884 364 922 ex
402 868 658 923 carmine
699 866 771 923 de
814 867 1351 925 constellationibus
1397 872 1643 941 elegiaco

109 950 336 1009 smstula
359 952 431 1010 ab
450 967 786 1029 excerptore
810 955 869 1011 in
898 955 1242 1029 farraginem
1273 976 1432 1014 suam
1460 957 1638 1013 inser-

107 1041 368 1102 cirentur.
399 1042 470 1099 Et
507 1062 608 1101 sex
635 1043 882 1101 disticha
905 1062 978 1101 ex
1009 1043 1361 1101 Annubione
1389 1044 1636 1120 quodam

105 1132 336 1204 protulit
380 1130 586 1188 lriarte
629 1130 813 1189 codd.
857 1131 1067 1188 Man-it.
1113 1152 1168 1207 p.
1216 1140 1353 1203 247,
1403 1152 1550 1208 quos
1587 1143 1643 1189 et

105 1217 256 1293 ipsos
291 1219 442 1275 infra
469 1240 529 1297 p.
571 1222 676 1277 116
719 1220 778 1276 in
809 1219 955 1275 hanc
993 1219 1390 1276 collectionem
1415 1220 1639 1296 recepi-

103 1324 243 1364 muS.
271 1306 468 1384 ltaque
483 1308 557 1364 de
575 1307 682 1363 hac
706 1307 942 1383 quidem
971 1326 1034 1363 re
1053 1306 1222 1385 plane
1242 1306 1497 1366 dubitari
1522 1328 1638 1367 non

101 1406 294 1469 potest.

171 1480 426 1537 Alterum
449 1480 558 1537 boc
584 1494 684 1539 est.
715 1480 878 1538 Libri
896 1489 1068 1556 primi
1095 1502 1154 1541 v.
1181 1483 1446 1539 286-338
1471 1502 1542 1539 ex
1562 1483 1636 1539 li-

97 1564 183 1623 bri
207 1574 390 1640 quqste‘
405 1566 676 1643 pluribus
697 1568 842 1625 locis
863 1570 1123 1647 excerpti
1147 1582 1303 1638 sunt,
1331 1570 1415 1626 uti
1442 1583 1498 1626 et
1515 1568 1636 1644 jam

96 1654 472 1713 indicavimus
494 1668 552 1712 et
573 1656 724 1713 infra
745 1658 1068 1714 accuratius
1089 1656 1631 1729 demonstrabimus,

93 1754 144 1798 et
161 1743 392 1817 quidem
414 1762 548 1800 cum
565 1742 984 1801 mutationibus
1008 1742 1356 1821 quibusdam
1379 1758 1436 1803 et
1453 1746 1640 1803 varia-

95 1828 372 1900 tionibus,
410 1830 610 1907 quales
635 1830 905 1888 excidere
926 1832 1116 1890 solent
1145 1830 1390 1906 fugitivo
1419 1834 1638 1889 calamo

91 1916 308 1992 aliquid
333 1914 896 1976 transscribentibus.
933 1918 1066 1988 Sed,
1094 1920 1260 1996 quasi
1287 1938 1358 1975 ne
1379 1918 1490 1976 hoc
1514 1922 1640 1995 qui-

91 2004 214 2061 dem
237 2006 369 2062 satis
383 2017 531 2063 esset
543 2003 614 2061 ad
633 2005 986 2081 prodendam
1009 2005 1338 2063 collectoris
1357 2006 1632 2077 indolem,

93 2105 196 2148 tam
222 2094 413 2170 inepte
427 2113 486 2151 v.
516 2094 630 2150 318
659 2106 716 2149 et
751 2094 864 2168 319
887 2113 960 2151 ex
978 2094 1095 2152 alio
1123 2094 1252 2151 loco
1271 2095 1635 2170 interposuit,

89 2195 148 2237 ut
175 2182 264 2238 vel
315 2182 448 2239 hinc
485 2181 836 2255 singularem
881 2181 1052 2257 hujus
1088 2180 1306 2239 laboris
1338 2182 1638 2240 simillima

87 2288 328 2343 quaeque
353 2264 704 2345 'aucupantis
731 2282 1024 2343 stuporem
1059 2268 1186 2327 sive
1225 2270 1635 2343 negligentiam

86 2356 406 2429 intelligere
429 2356 737 2433 possimus.
763 2356 918 2425 Quid
944 2376 1086 2415 vero
1102 2356 1394 2415 editores?
1425 2357 1487 2414 Ei
1512 2360 1638 2434 qui-

85 2442 210 2497 dem
247 2442 404 2513 loce,
426 2462 598 2519 quem
634 2442 807 2501 modo
836 2444 1158 2513 citavimus,
1185 2444 1554 2502 emendantes
1579 2460 1634 2503 et

83 2542 515 2607 transponentes
536 2530 749 2587 mederi
771 2531 1001 2589 student
1017 2574 1033 2601 ,
1060 2531 1200 2589 etin
1227 2532 1387 2609 praef,
1411 2552 1468 2607 p.
1492 2553 1634 2589 xx1v

81 2616 236 2675 bona
253 2619 364 2677 fide
377 2618 662 2676 vocabula
673 2618 1114 2677 Manethoniana
1127 2633 1484 2690 enumerant,
1508 2642 1634 2697 quae

86 2728 112 2757 c
140 2707 394 2782 plurima
407 2705 577 2764 libris
597 2708 790 2781 primo
805 2720 860 2763 et
877 2719 1084 2783 quarto
1101 2710 1428 2763 communia
1444 2709 1580 2780 sint,
1603 2737 1625 2759 ι,

77 2812 263 2869 neque
281 2806 470 2851 tamen
488 2812 557 2852 ea
579 2796 705 2872 ipsa
732 2793 1016 2851 vocabula
1043 2799 1230 2851 omnia
1267 2794 1328 2851 in
1357 2803 1632 2871 quinqua-

71 2888 228 2958 ginta
259 2884 432 2940 tribus
466 2882 584 2947 illis
611 2885 858 2939 versibus
883 2880 998 2957 legi
1034 2894 1403 2955 monuerunt,
1435 2884 1538 2959 qui
1569 2883 1650 2941 li·-

73 2967 200 3027 bris
219 2971 412 3046 primo
431 2983 487 3027 et
507 2985 713 3046 quarto
742 2988 1077 3028 communes
1098 2973 1262 3027 sunt!

155 3057 268 3115 Sed
277 3057 400 3133 jam
421 3059 492 3116 ad
513 3063 740 3132 singula
758 3058 1085 3128 transimus»,
1109 3076 1236 3134 quae
1261 3057 1334 3115 ad
1357 3057 1629 3133 majorem

69 3147 352 3205 lectorum
377 3149 836 3205 commoditatem
865 3159 922 3203 et
945 3147 1203 3204 numeris
1225 3147 1418 3202 omnia
1436 3189 1452 3216 ,
1481 3159 1536 3203 et
1561 3149 1627 3204 li-

69 3236 212 3292 teris
241 3237 497 3309 signisve
522 3237 728 3312 partim
761 3235 1160 3292 instruximus.
1197 3233 1416 3291 Eaedem
1449 3235 1633 3293 literae

68 3337 276 3380 notant
300 3323 604 3398 fragmina,
625 3343 752 3398 quae
780 3342 852 3380 ex
875 3324 1074 3380 eodem
1097 3341 1272 3399 opere
1292 3323 1632 3400 deprompta

67 3411 378 3482 videntur3
409 3413 545 3469 unci
588 3411 610 3489 [
656 3411 679 3488 ]
726 3429 949 3484 versus,
977 3408 1191 3486 quibus
1219 3410 1388 3467 etiam
1415 3411 1630 3484 singuli

67 3497 186 3555 loci
215 3499 548 3574 interpolati
579 3512 746 3569 sunt3
778 3497 1020 3555 obelisci
1059 3506 1095 3565 †
1119 3497 1402 3574 pessimos
1433 3516 1624 3554 recen·

67 3585 283 3643 tissimi
313 3585 609 3663 cujusdam
639 3585 1049 3642 versificatoris
1091 3583 1292 3654 foetus,
1325 3585 1384 3640 in
1416 3583 1631 3660 quibus

67 3673 388 3730 cavendum
415 3693 488 3730 ne
510 3673 642 3750 plus
669 3673 1038 3730 emendemus
1058 3690 1229 3747 quam
1257 3671 1382 3748 ipse
1407 3684 1626 3743 auctor,

67 3762 169 3836 qui
194 3759 349 3818 hand
369 3762 492 3818 scio
517 3779 589 3818 an
611 3761 760 3818 idem
788 3761 958 3816 etiam
987 3759 1414 3816 consarcinator
1441 3757 1628 3830 fuerit,

67 3848 325 3923 postulat
343 3871 360 3920 ;
380 3849 639 3906 asterisci
659 3849 686 3876 ¹*
710 3867 913 3906 versus
932 3867 966 3904 a
989 3867 1079 3904 me
1102 3866 1175 3904 ex
1201 3847 1436 3903 indiciis
1463 3849 1631 3904 vesti·

67 3935 259 4009 giisve
283 3937 654 4013 compositos.

560 4215 782 4275 LIBER
824 4213 1130 4274 PRIMUS.

155 4369 308 4428 1-15.
351 4371 712 4426 Pmoeme'um.
763 4367 1125 4423 Manethonis
1160 4382 1372 4422 nomen
1411 4363 1504 4420 his
1527 4381 1628 4420 sex

75 4457 240 4514 ibris
271 4457 571 4533 praefixum
609 4475 724 4513 non
750 4467 862 4511 tam
885 4453 1191 4511 confictum
1223 4450 1453 4508 videtur
1482 4469 1515 4507 a
1548 4451 1628 4507 le·

1738 620 1899 673 num,
1921 601 2058 660 dum
2080 617 2417 674 nascuntur,
2440 624 2558 661 non
2574 604 2711 662 dum
2735 608 3167 684 concipiuntur,
3190 632 3288 669 na-

1733 687 2057 747 tivitatibus
2084 708 2273 747 sermo
2307 691 2412 761 sit;
2452 688 2622 769 ἅσπερ
2663 690 2865 767 κάμον,
2896 692 3065 776 ἅσπερ
3108 696 3288 765 ἔτευξα

1734 794 1792 834 v.
1819 797 1889 849 93
1916 776 2169 852 καμάτων
2186 780 2443 858 σφετέρων
2462 798 2568 856 pro
2582 776 2851 855 ἡμετέρων
2873 801 2932 837 v.
2966 802 3054 839 10.
3070 782 3289 843 Praeter

1734 861 1939 919 horum
1970 862 2255 922 librorum
2289 866 2517 923 titulum
2556 886 2706 924 unus
2743 866 2979 939 Suidas,
3007 885 3288 946 quantum

1733 951 1886 1021 sci0,
1937 951 2149 1009 diserte
2198 952 2270 1009 de
2320 952 2661 1012 Manethone
2716 954 2966 1031 quodam
3018 956 3288 1037 AEgyptio

1735 1038 2244 1113 Apostelesmatum
2271 1042 2559 1118 scriptore
2588 1042 2831 1099 monuit.

1814 1130 1868 1195 1,
1910 1128 1977 1182 16
2008 1146 2096 1203 sq.
2138 1128 2261 1186 Boc
2290 1148 2533 1203 egenum
2580 1129 2886 1187 frustulum
2925 1131 3113 1207 ipsius
3162 1152 3287 1193 esse

1731 1214 2125 1291 compilatoris
2136 1216 2334 1291 quivis
2346 1216 2523 1273 videt.
2545 1216 2694 1273 Hinc
2711 1216 2771 1273 in
2787 1217 3043 1276 clausula
3057 1218 3285 1299 Ἑρμέα,

1731 1302 1877 1368 Ζῆνα
1916 1302 1931 1377 (
1959 1300 2170 1379 “Ερμεα
2206 1302 2257 1358 G
2289 1301 2589 1380 )restitui,
2636 1322 2745 1380 pro
2779 1324 2895 1382 quo
2925 1305 3023 1363 AR
3050 1303 3284 1385 Ἑρμῆν,

1729 1390 1875 1457 Ζῆνα
1923 1391 2233 1467 scripsere,
2278 1392 2485 1449 melius
2526 1405 2679 1449 certe
2707 1394 2982 1469 scripturi
3010 1391 3283 1474 Ἑρμείαν,

1731 1480 1865 1554 Ζῆν,
1890 1500 2239 1557 quamquam
2281 1481 2453 1540 etiam
2485 1484 2571 1540 sic
2595 1496 2852 1541 remanet
2880 1483 3056 1543 falsus
3096 1484 3288 1547 hiatus

1727 1563 1907 1647 Ἄρεα,
1943 1567 2173 1647 Ἑρμῆν.

1805 1660 1865 1725 2,
1907 1654 2099 1714 18-25.
2150 1658 2282 1715 Haec
2316 1656 2575 1735 ejusdem
2618 1676 2822 1716 manus
2856 1672 2991 1718 sunt
3028 1663 3287 1741 exceptis

1729 1742 1966 1801 fortasse
2014 1764 2089 1801 20
2130 1764 2246 1823 sq.,
2296 1746 2585 1803 schemata
2628 1754 2736 1801 tria
2773 1745 2848 1803 ad
2878 1766 2973 1805 res
3012 1768 3288 1809 venereas

1726 1832 2057 1907 spectantia.
2083 1851 2177 1891 20.
2209 1830 2465 1911 λαφύραις
2488 1830 2618 1901 Gn,
2642 1831 2799 1909 quod
2818 1851 2983 1910 paene
3000 1833 3286 1895 adductus

1725 1934 1854 1974 sum
1909 1931 1972 1976 ut
2011 1919 2405 1995 relinquerem
2426 1962 2443 1990 ,
2489 1918 2961 1995 interpolatorem
3010 1919 3287 1982 insolenti

1730 2002 1915 2061 forma
1932 2024 2099 2061 usum
2127 2018 2317 2077 ratus;
2350 2002 2559 2084 λάφυρα
2580 2005 2698 2077 ed„
2718 2004 3008 2085 κασαύραις
3034 2008 3187 2087 conj.
3212 2008 3283 2081 R,

1725 2090 1796 2147 ad
1821 2110 2049 2149 sensum
2079 2090 2247 2150 bene.
2271 2091 2382 2150 Sed
2402 2093 2733 2169 scripserat,
2758 2094 2995 2171 opinor,
3015 2094 3283 2177 λαφύροις,

1728 2177 2016 2235 vocabulo
2045 2179 2362 2236 insolenter
2379 2178 2451 2235 ad
2474 2180 2733 2255 captivas
2760 2199 2959 2238 servas
2994 2182 3285 2255 traducto3

1728 2265 1959 2323 initium
2006 2267 2229 2343 prioris
2255 2278 2314 2324 et
2338 2266 2653 2324 clausulam
2700 2268 3047 2345 posterioris
3082 2289 3287 2330 versus

1725 2372 1798 2409 ex
1825 2355 1941 2410 258
1978 2354 2153 2429 μίσγει
2179 2352 2283 2431 γὰρ
2320 2352 2564 2435 δοῦᾉῃσιν
2592 2354 2869 2435 ἐταιρίσιν,
2890 2368 2950 2413 et
2977 2359 3085 2415 261
3118 2363 3287 2430 κακῆς

1727 2438 1816 2496 διὰ
1836 2442 2027 2519 φίλτρα
2053 2439 2325 2519 Κυθήρης,
2354 2440 2693 2517 desumpsit.

1805 2532 1864 2599 3,
1899 2529 2110 2589 26-33.
2142 2528 2331 2587 Locus
2366 2542 2453 2588 est
2480 2528 2553 2587 de
2588 2529 2721 2588 Sole
2752 2543 2811 2589 et
2844 2528 3009 2589 Luna
3032 2534 3288 2593 mascula

1726 2613 2045 2673 femineave
2068 2616 2235 2691 signa
2260 2615 2611 2689 tenentibus,
2644 2618 2888 2693 quinon
2912 2616 3119 2677 dubito
3139 2620 3285 2697 quin

1723 2702 2069 2778 conjunctus
2091 2703 2231 2761 olim
2258 2701 2430 2760 fuerit
2450 2722 2581 2760 cum
2614 2708 2712 2763 21.
2734 2702 2865 2763 Vid.
2894 2723 3071 2782 supra
3094 2706 3166 2764 ad
3186 2705 3284 2784 lv,

1722 2786 1790 2844 P.
1824 2789 2069 2849 Additus
2102 2802 2226 2848 erat
2265 2789 2359 2847 hic
2388 2789 2550 2848 locus
2586 2790 2656 2847 ad
2689 2791 3112 2865 antecedentia,
3145 2796 3286 2870 quia

1722 2888 1779 2934 et
1805 2876 1932 2956 ipse
1960 2877 2033 2936 de
2059 2876 2235 2943 rebus
2262 2878 2527 2937 venereis
2555 2877 2777 2953 agebat.
2812 2878 2882 2936 Et
2914 2879 3131 2938 similia
3149 2894 3285 2942 sunt

1721 2961 1999 3042 τέρπονται
2022 2963 2222 3022 παίδων
2252 2964 2338 3022 ἐπὶ
2362 2963 2573 3042 κύπριδι
2606 2966 2705 3040 25,
2731 2979 2787 3024 et
2810 2971 3095 3046 ἀρσενικοῖς
3118 2967 3283 3048 ἔργοι-

1723 3072 1802 3108 σιν
1827 3049 2113 3130 τέρπεσθαι
2140 3053 2204 3110 31
2222 3095 2239 3120 ,
2263 3053 2475 3130 χαλεπῇ
2507 3053 2579 3109 25
2610 3064 2668 3110 et
2697 3051 2965 3130 ἀργαλέως
2987 3055 3081 3114 33.

1802 3143 1862 3210 4,
1895 3141 2096 3207 34-36.
2148 3140 2335 3198 Locus
2370 3141 2573 3219 procul
2616 3141 2798 3199 dubio
2829 3143 3063 3201 aliunde
3094 3145 3280 3203 intru-

1722 3247 1819 3286 sus
1838 3240 1895 3285 et
1922 3228 2153 3305 quidem
2183 3241 2425 3306 propter
2446 3250 2605 3304 reges
2630 3249 2686 3287 v.
2715 3231 2790 3287 28
2826 3244 3189 3291 memorato&

1801 3321 1860 3386 5,
1916 3317 2009 3386 37.
2034 3315 2281 3373 Tantum
2306 3329 2659 3393 pentameter
2683 3315 2999 3392 legebatur,
3043 3319 3115 3376 ad
3144 3339 3281 3397 pro-

1722 3406 1877 3462 xime
1902 3405 2295 3462 antecedentia
2329 3423 2391 3462 se
2436 3406 2756 3484 applicans.
2806 3404 2973 3464 Finxi
3009 3405 3276 3466 hexame-

1723 3503 1896 3568 trum,
1925 3492 2151 3568 qualem
2177 3505 2233 3549 et
2269 3493 2525 3550 additum
2564 3507 2621 3552 et
2653 3494 2818 3551 facile
2846 3495 3123 3552 omissum
3156 3515 3281 3554 esse

1720 3579 2001 3636 credibile
2028 3591 2133 3649 est,
2154 3599 2500 3656 quamquam
2531 3581 2713 3638 fateor
2730 3581 2887 3638 aliud
2901 3583 3071 3640 etiam
3094 3585 3279 3662 σχῆμα

1720 3664 1808 3722 illi
1838 3687 1899 3725 v.
1936 3667 2005 3739 37
2033 3667 2247 3745 apponi
2278 3667 2558 3744 potuisse,
2590 3687 2797 3745 nempe
2824 3689 2839 3724 τ

1843 3805 2063 3868 θηλυτέρη
2086 3806 2241 3868 Παφίη
2263 3806 2443 3856 παίδων
2460 3781 2688 3870 ἡγήτορας
2710 3806 2846 3870 ἔρδει.

1718 3917 1848 3977 vid.
1877 3918 1982 3991 Vl,
2016 3920 2131 3989 478
2157 3916 2293 3976 coll.
2327 3920 2433 3986 481
2468 3937 2557 3995 sq.

1799 4013 1854 4077 6,
1879 4009 2017 4077 38-1.
2034 4029 2051 4062 ι
2067 4053 2081 4066 .
2104 4006 2291 4064 Locus
2315 4024 2350 4063 a
2375 4006 2525 4062 malo
2548 4004 2943 4063 versificatore
2961 4005 3273 4083 profectus,

1718 4095 1780 4152 in
1804 4115 1921 4172 quo
1946 4095 2278 4153 dubitanter
2298 4114 2357 4154 v.
2378 4105 2409 4164 Ι.
2424 4116 2444 4149 1
2473 4092 2800 4166 emendavi,
2824 4091 2927 4152 ubi
2948 4093 3107 4170 μόρον
3135 4094 3277 4152 αἰνὸν

1717 4185 1808 4240 οὐκ
1839 4179 2143 4260 ἐκφεύγουσι
2176 4181 2315 4254 GH,
2342 4180 2497 4258 μόρον
2526 4179 2667 4238 αἰνὸν
2710 4178 3089 4261 ὖπεκφεύγουσι
3116 4181 3208 4240 ed.
3242 4202 3276 4241 e

1717 4270 1873 4348 conj.
1904 4271 1955 4327 D
1978 4271 2117 4340 678,
2140 4269 2297 4347 quod
2322 4269 2423 4327 ille
2442 4269 2724 4345 explicat,
2746 4267 2978 4346 pejores
2997 4267 3133 4326 illos
3150 4287 3276 4328 esse

1716 4364 1812 4426 iis,
1843 4359 1946 4435 qui
1969 4357 2153 4415 diram
2185 4370 2425 4414 mortem
2456 4376 2491 4414 a
2515 4356 2775 4433 dynastis
2812 4356 3145 4414 intentatam
3186 4356 3272 4429 es-

1713 4448 1914 4523 fugere
1940 4459 2222 4504 conentur.
2257 4444 2368 4502 Sed
2394 4459 2549 4524 patet
2585 4445 2777 4521 potius
2804 4464 2903 4502 eos
2930 4455 3172 4501 mortem
3203 4444 3272 4500 il-

67 4557 228 4600 rtore
251 4545 503 4620 quodam
525 4542 699 4618 hujus
716 4541 987 4619 prooemii
1007 4553 1063 4596 et
1088 4539 1250 4596 illius
1267 4538 1334 4595 ad
1355 4539 1622 4615 quintum
1717 4533 1827 4591 lam
1857 4555 1965 4589 non
1988 4533 2265 4608 effugere.
2307 4533 2453 4590 Hinc
2478 4531 2631 4590 bona
2655 4550 2853 4588 versus
2882 4530 3275 4588 modulatione

69 4631 285 4689 ibrum
305 4675 321 4702 ,
355 4631 454 4688 sed
477 4632 670 4712 potius
701 4631 803 4706 qui
832 4628 938 4686 hos
968 4627 1240 4684 flosculos
1275 4627 1624 4702 composuit,
1719 4624 1903 4700 μοῖραν
1926 4619 2079 4678 δὀὐκ
2101 4621 2402 4700 ἐκφεύγουσι
2422 4620 2753 4688 emendavi3
2770 4617 2918 4676 baud
2941 4618 3063 4676 scio
3084 4630 3275 4676 tamen

67 4741 212 4798 [uos
237 4720 598 4777 Manethonis
613 4721 852 4794 antiquo
872 4729 928 4776 et
943 4727 1140 4773 sancto
1167 4713 1389 4771 nomini
1413 4713 1622 4771 adscri-

1715 4731 1786 4767 an
1813 4711 1962 4766 mala
1991 4711 2173 4767 malus
2194 4722 2362 4786 poeta
2388 4708 2645 4766 scribere
2667 4707 2935 4765 maluerit
2961 4725 2975 4762 ε
3006 4707 3165 4782 μόρον
3190 4706 3272 4763 αἰ·

67 4821 250 4876 ›er-et,
287 4805 721 4883 antiquioribus
745 4804 1050 4880 prooemiis
1079 4821 1216 4860 usus
1240 4814 1345 4870 est,
1379 4820 1622 4877 quorum
1713 4797 1798 4852 νὸν
1821 4799 1863 4854 δ’
1887 4799 1942 4854 οὗ
1964 4795 2227 4876 φεύγουσι.
2248 4798 2609 4870 Quamquam
2633 4795 2747 4850 alia
2766 4795 2935 4851 etiam
2954 4791 3271 4866 excogitari

68 4917 170 4953 noc
217 4917 337 4953 non
376 4894 580 4952 dubito
627 4895 770 4971 quin
813 4892 1088 4950 immissis
1123 4888 1390 4948 versibus
1435 4897 1526 4960 ‘⁴‘7
1571 4905 1626 4948 et
1716 4903 1904 4961 posse,
1924 4897 1987 4941 ut
2016 4886 2169 4963 μόρον
2200 4886 2290 4940 οὐδ
2324 4883 2463 4940 αἰνὸν
2496 4881 2759 4958 φεύγουσι,
2789 4893 2893 4938 aut
2916 4881 3088 4936 etiam
3111 4881 3268 4954 πόρον

67 5017 74 5042 ι
105 5004 209 5059 sq.
239 4984 705 5061 interpolaverit,
735 4982 837 5058 qui
868 4994 924 5038 et
951 4979 1284 5054 garrulitate
1311 4991 1366 5033 et
1393 4978 1626 5054 ineptiis
1665 4966 1672 5016 ⁸
1715 4971 1839 5046 αἴν’,
1865 4974 1975 5030 οὐδ’
1998 4972 2323 5050 ἐκφεύγουσι,
2358 4991 2451 5027 me
2481 4971 2721 5027 minime
2748 4970 2903 5029 latet.
2926 4968 3076 5026 Tum
3111 4988 3166 5026 v.
3196 4970 3270 5041 39

75 5071 415 5130 uibusdam
445 5091 570 5130 sese
599 5068 878 5147 produnt,
923 5082 990 5126 ut
1019 5089 1074 5124 τε
1105 5078 1235 5123 ante
1258 5064 1438 5144 φάσεις
1469 5085 1526 5121 v.
1562 5073 1620 5136 4,

1712 5059 1993 5138 χρώματος
2019 5059 2145 5130 GH,
2173 5057 2415 5136 σώματος
2440 5058 2530 5116 vel
2560 5055 2831 5137 χρήματος
2854 5055 3013 5132 conj,
3048 5055 3102 5113 D
3126 5057 3267 5122 6413

75 5181 166 5218 ro
195 5181 320 5236 quo
350 5159 454 5219 AR
478 5181 539 5237 γε
558 5176 838 5236 posuere3
861 5153 1221 5235 σπειρομένοις
1257 5150 1348 5209 καὶ
1383 5152 1620 5229 τικτομέ-
1710 5148 1824 5206 hoc
1850 5146 1953 5204 AR
1978 5148 2382 5222 praetulerunt,
2408 5145 2555 5204 illud
2570 5164 2695 5207 nos.
2720 5178 2801 5191 —
2817 5143 3085 5203 Ceterum
3110 5159 3269 5200 iocus

263 5264 328 5298 AB
335 5265 468 5301 ΑἸὍΒ.

2998 5261 3050 5298 :32
