<?xml version="1.0" encoding="UTF-8"?>
<!DOCTYPE html PUBLIC "-//W3C//DTD XHTML 1.0 Transitional//EN"
    "http://www.w3.org/TR/xhtml1/DTD/xhtml1-transitional.dtd">
<html xmlns="http://www.w3.org/1999/xhtml" xml:lang="en" lang="en">
 <head>
  <title>
</title>
<meta http-equiv="Content-Type" content="text/html;charset=utf-8" />
  <meta name='ocr-system' content='tesseract 3.04.00' />
  <meta name='ocr-capabilities' content='ocr_page ocr_carea ocr_par ocr_line ocrx_word'/>
</head>
<body>
  <div class='ocr_page' id='page_1' title='image "./poetbucolicietd00ameigoog_0455.png"; bbox 0 0 3767 5825; ppageno 0'>
   <div class='ocr_carea' id='block_1_1' title="bbox 960 456 2560 540">
    <p class='ocr_par' dir='ltr' id='par_1_1' title="bbox 960 456 2560 540">
     <span class='ocr_line' id='line_1_1' title="bbox 960 456 2560 540; baseline 0.01 -25"><span class='ocrx_word' id='word_1_1' title='bbox 960 456 1291 517; x_wconf 79' lang='lat' dir='ltr'><strong>SERVILII</strong></span> <span class='ocrx_word' id='word_1_2' title='bbox 1336 460 1825 523; x_wconf 72' lang='lat' dir='ltr'><strong>DAMOCRATls</strong></span> <span class='ocrx_word' id='word_1_3' title='bbox 1867 466 2054 540; x_wconf 75' lang='lat' dir='ltr'>QUAE.</span> <span class='ocrx_word' id='word_1_4' title='bbox 2096 468 2560 531; x_wconf 78' lang='lat' dir='ltr'><strong>SUPEBSUNT.</strong></span> 
     </span>
    </p>
   </div>
   <div class='ocr_carea' id='block_1_2' title="bbox 534 618 1327 683">
    <p class='ocr_par' dir='ltr' id='par_1_2' title="bbox 534 618 1327 683">
     <span class='ocr_line' id='line_1_2' title="bbox 534 618 1327 683; baseline 0.011 -9"><span class='ocrx_word' id='word_1_5' title='bbox 534 621 575 675; x_wconf 76' lang='lat' dir='ltr'><strong>A</strong></span> <span class='ocrx_word' id='word_1_6' title='bbox 586 618 848 677; x_wconf 67' lang='lat' dir='ltr'><strong>Kouux</strong></span> <span class='ocrx_word' id='word_1_7' title='bbox 895 622 989 679; x_wconf 85' lang='grc' dir='ltr'>ΣΚ</span> <span class='ocrx_word' id='word_1_8' title='bbox 1002 622 1327 683; x_wconf 78' lang='grc' dir='ltr'><strong>ΕΥΑΣΙΑΙ.</strong></span> 
     </span>
    </p>
   </div>
   <div class='ocr_carea' id='block_1_3' title="bbox 124 754 1603 5330">
    <p class='ocr_par' dir='ltr' id='par_1_3' title="bbox 257 754 1603 1111">
     <span class='ocr_line' id='line_1_3' title="bbox 262 754 1356 841; baseline 0.009 -28"><span class='ocrx_word' id='word_1_9' title='bbox 262 754 453 822; x_wconf 82' lang='grc' dir='ltr'>Ὀντος</span> <span class='ocrx_word' id='word_1_10' title='bbox 477 754 529 815; x_wconf 83' lang='grc' dir='ltr'>δὲ</span> <span class='ocrx_word' id='word_1_11' title='bbox 555 758 745 817; x_wconf 87' lang='grc' dir='ltr'>πολλοῦ</span> <span class='ocrx_word' id='word_1_12' title='bbox 772 760 877 826; x_wconf 81' lang='grc' dir='ltr'>τοῖς</span> <span class='ocrx_word' id='word_1_13' title='bbox 900 760 1184 841; x_wconf 77' lang='grc' dir='ltr'>φιλιᾶτροις</span> <span class='ocrx_word' id='word_1_14' title='bbox 1204 762 1356 841; x_wconf 85' lang='grc' dir='ltr'>λόγου</span> 
     </span>
     <span class='ocr_line' id='line_1_4' title="bbox 260 843 1511 930; baseline 0.009 -30"><span class='ocrx_word' id='word_1_15' title='bbox 260 843 495 903; x_wconf 72' lang='grc' dir='ltr'>Ἀκὰπων</span> <span class='ocrx_word' id='word_1_16' title='bbox 518 845 761 904; x_wconf 73' lang='grc' dir='ltr'>ἁπάντων</span> <span class='ocrx_word' id='word_1_17' title='bbox 790 847 1027 927; x_wconf 83' lang='grc' dir='ltr'>χρήσεως</span> <span class='ocrx_word' id='word_1_18' title='bbox 1054 850 1144 909; x_wconf 84' lang='grc' dir='ltr'>καὶ</span> <span class='ocrx_word' id='word_1_19' title='bbox 1169 854 1511 930; x_wconf 80' lang='grc' dir='ltr'>μυρακόπων,</span> 
     </span>
     <span class='ocr_line' id='line_1_5' title="bbox 257 932 1443 1020; baseline 0.009 -31"><span class='ocrx_word' id='word_1_20' title='bbox 257 932 465 1007; x_wconf 64' lang='grc' dir='ltr'>(Ιῑροίσω</span> <span class='ocrx_word' id='word_1_21' title='bbox 481 978 497 1005; x_wconf 87' lang='grc'>,</span> <span class='ocrx_word' id='word_1_22' title='bbox 526 933 621 991; x_wconf 84' lang='grc' dir='ltr'>τίν’</span> <span class='ocrx_word' id='word_1_23' title='bbox 644 934 757 991; x_wconf 80' lang='grc' dir='ltr'>ἐστὶ</span> <span class='ocrx_word' id='word_1_24' title='bbox 779 940 947 993; x_wconf 85' lang='grc' dir='ltr'>ταῦτα</span> <span class='ocrx_word' id='word_1_25' title='bbox 972 936 1062 995; x_wconf 74' lang='grc' dir='ltr'>καὶ</span> <span class='ocrx_word' id='word_1_26' title='bbox 1088 942 1199 1005; x_wconf 81' lang='grc' dir='ltr'>πῶς</span> <span class='ocrx_word' id='word_1_27' title='bbox 1224 942 1443 1020; x_wconf 78' lang='grc' dir='ltr'>ὠφελεῖ,</span> 
     </span>
     <span class='ocr_line' id='line_1_6' title="bbox 260 1021 1603 1111; baseline 0.009 -34"><span class='ocrx_word' id='word_1_28' title='bbox 260 1023 386 1084; x_wconf 83' lang='grc' dir='ltr'>ΙΙῶς</span> <span class='ocrx_word' id='word_1_29' title='bbox 408 1043 463 1079; x_wconf 94' lang='grc' dir='ltr'>τε</span> <span class='ocrx_word' id='word_1_30' title='bbox 490 1022 605 1079; x_wconf 86' lang='grc' dir='ltr'>καθ’</span> <span class='ocrx_word' id='word_1_31' title='bbox 633 1021 687 1079; x_wconf 82' lang='grc' dir='ltr'>ἓν</span> <span class='ocrx_word' id='word_1_32' title='bbox 720 1022 890 1080; x_wconf 76' lang='grc' dir='ltr'>αὐτῶν</span> <span class='ocrx_word' id='word_1_33' title='bbox 920 1024 1173 1084; x_wconf 80' lang='grc' dir='ltr'>σκευάσαι</span> <span class='ocrx_word' id='word_1_34' title='bbox 1202 1029 1277 1085; x_wconf 86' lang='grc' dir='ltr'>δεῖ</span> <span class='ocrx_word' id='word_1_35' title='bbox 1306 1029 1603 1111; x_wconf 81' lang='grc' dir='ltr'>φάρμακον.</span> 
     </span>
    </p>

    <p class='ocr_par' dir='ltr' id='par_1_4' title="bbox 173 1100 1469 1543">
     <span class='ocr_line' id='line_1_7' title="bbox 173 1100 1469 1192; baseline 0.01 -30"><span class='ocrx_word' id='word_1_36' title='bbox 173 1127 197 1162; x_wconf 71' lang='grc' dir='ltr'>ε,</span> <span class='ocrx_word' id='word_1_37' title='bbox 258 1110 409 1165; x_wconf 84' lang='grc' dir='ltr'>Ηοιεῐ</span> <span class='ocrx_word' id='word_1_38' title='bbox 432 1108 526 1185; x_wconf 82' lang='grc' dir='ltr'>μὲν</span> <span class='ocrx_word' id='word_1_39' title='bbox 550 1100 637 1167; x_wconf 70' lang='grc' dir='ltr'>οὗν</span> <span class='ocrx_word' id='word_1_40' title='bbox 663 1109 871 1168; x_wconf 79' lang='grc' dir='ltr'>ἅπαντα</span> <span class='ocrx_word' id='word_1_41' title='bbox 894 1110 1022 1191; x_wconf 85' lang='grc' dir='ltr'>πρὸς</span> <span class='ocrx_word' id='word_1_42' title='bbox 1044 1111 1237 1192; x_wconf 82' lang='grc' dir='ltr'>νεύρων</span> <span class='ocrx_word' id='word_1_43' title='bbox 1262 1117 1469 1189; x_wconf 84' lang='grc' dir='ltr'><strong>πόνους,</strong></span> 
     </span>
     <span class='ocr_line' id='line_1_8' title="bbox 250 1198 1419 1277; baseline 0.007 -22"><span class='ocrx_word' id='word_1_44' title='bbox 250 1198 459 1277; x_wconf 74' lang='grc' dir='ltr'>Σαρκός</span> <span class='ocrx_word' id='word_1_45' title='bbox 488 1222 546 1257; x_wconf 89' lang='grc' dir='ltr'>τε</span> <span class='ocrx_word' id='word_1_46' title='bbox 574 1200 746 1271; x_wconf 79' lang='grc' dir='ltr'>πάσης</span> <span class='ocrx_word' id='word_1_47' title='bbox 775 1198 864 1256; x_wconf 81' lang='grc' dir='ltr'>καὶ</span> <span class='ocrx_word' id='word_1_48' title='bbox 896 1204 1063 1276; x_wconf 79' lang='grc' dir='ltr'>μυῶν,</span> <span class='ocrx_word' id='word_1_49' title='bbox 1096 1199 1231 1259; x_wconf 76' lang='grc' dir='ltr'>ὅσων</span> <span class='ocrx_word' id='word_1_50' title='bbox 1264 1202 1419 1271; x_wconf 81' lang='grc' dir='ltr'>κόπος</span> 
     </span>
     <span class='ocr_line' id='line_1_9' title="bbox 252 1284 1292 1367; baseline 0.004 -24"><span class='ocrx_word' id='word_1_51' title='bbox 252 1286 525 1365; x_wconf 78' lang='grc' dir='ltr'>Κατῆρξεν</span> <span class='ocrx_word' id='word_1_52' title='bbox 549 1286 583 1357; x_wconf 81' lang='grc' dir='ltr'>ἢ</span> <span class='ocrx_word' id='word_1_53' title='bbox 612 1286 701 1345; x_wconf 81' lang='grc' dir='ltr'>καὶ</span> <span class='ocrx_word' id='word_1_54' title='bbox 729 1286 903 1366; x_wconf 76' lang='grc' dir='ltr'>ψύξις,</span> <span class='ocrx_word' id='word_1_55' title='bbox 927 1284 962 1357; x_wconf 80' lang='grc' dir='ltr'>ἢ</span> <span class='ocrx_word' id='word_1_56' title='bbox 994 1288 1097 1367; x_wconf 81' lang='grc' dir='ltr'>δίχ’</span> <span class='ocrx_word' id='word_1_57' title='bbox 1126 1288 1292 1357; x_wconf 81' lang='grc' dir='ltr'>αἰτίας</span> 
     </span>
     <span class='ocr_line' id='line_1_10' title="bbox 249 1374 1405 1456; baseline 0.015 -36"><span class='ocrx_word' id='word_1_58' title='bbox 249 1378 497 1454; x_wconf 71' lang='grc' dir='ltr'>«Ιιανερᾶς</span> <span class='ocrx_word' id='word_1_59' title='bbox 524 1374 744 1456; x_wconf 83' lang='grc' dir='ltr'>ἐγένετο·</span> <span class='ocrx_word' id='word_1_60' title='bbox 767 1376 873 1442; x_wconf 83' lang='grc' dir='ltr'>τοῖς</span> <span class='ocrx_word' id='word_1_61' title='bbox 900 1375 945 1433; x_wconf 84' lang='grc' dir='ltr'>δ’</span> <span class='ocrx_word' id='word_1_62' title='bbox 965 1374 1101 1448; x_wconf 78' lang='grc' dir='ltr'>ὅμοι’</span> <span class='ocrx_word' id='word_1_63' title='bbox 1122 1376 1405 1454; x_wconf 78' lang='grc' dir='ltr'>ἀλγήματα</span> 
     </span>
     <span class='ocr_line' id='line_1_11' title="bbox 248 1461 1435 1543; baseline 0.003 -23"><span class='ocrx_word' id='word_1_64' title='bbox 248 1462 359 1521; x_wconf 77' lang='grc' dir='ltr'>Καὶ</span> <span class='ocrx_word' id='word_1_65' title='bbox 386 1463 701 1530; x_wconf 87' lang='grc' dir='ltr'>δυσπαθείας</span> <span class='ocrx_word' id='word_1_66' title='bbox 726 1461 791 1531; x_wconf 74' lang='grc' dir='ltr'>δὲ,</span> <span class='ocrx_word' id='word_1_67' title='bbox 810 1461 956 1543; x_wconf 80' lang='grc' dir='ltr'>φέρει</span> <span class='ocrx_word' id='word_1_68' title='bbox 982 1470 1151 1523; x_wconf 84' lang='grc' dir='ltr'>ταῦτα</span> <span class='ocrx_word' id='word_1_69' title='bbox 1182 1466 1435 1531; x_wconf 80' lang='grc' dir='ltr'>πολλάκις</span> 
     </span>
    </p>

    <p class='ocr_par' dir='ltr' id='par_1_5' title="bbox 170 1550 1577 1981">
     <span class='ocr_line' id='line_1_12' title="bbox 170 1550 1339 1631; baseline 0.003 -24"><span class='ocrx_word' id='word_1_70' title='bbox 170 1571 215 1608; x_wconf 87' lang='grc' dir='ltr'>ιο</span> <span class='ocrx_word' id='word_1_71' title='bbox 242 1551 371 1617; x_wconf 80' lang='grc' dir='ltr'>Τοῖς</span> <span class='ocrx_word' id='word_1_72' title='bbox 394 1551 668 1619; x_wconf 80' lang='grc' dir='ltr'>εὖαλώτοις</span> <span class='ocrx_word' id='word_1_73' title='bbox 690 1551 897 1631; x_wconf 83' lang='grc' dir='ltr'>ψύξεσίν</span> <span class='ocrx_word' id='word_1_74' title='bbox 922 1574 978 1611; x_wconf 81' lang='grc' dir='ltr'>τε</span> <span class='ocrx_word' id='word_1_75' title='bbox 1007 1552 1098 1609; x_wconf 84' lang='grc' dir='ltr'>καὶ</span> <span class='ocrx_word' id='word_1_76' title='bbox 1125 1550 1303 1621; x_wconf 80' lang='grc' dir='ltr'>κόποις</span> <span class='ocrx_word' id='word_1_77' title='bbox 1322 1601 1339 1629; x_wconf 91' lang='grc'>,</span> 
     </span>
     <span class='ocr_line' id='line_1_13' title="bbox 240 1636 1381 1723; baseline 0.005 -28"><span class='ocrx_word' id='word_1_78' title='bbox 240 1636 333 1695; x_wconf 81' lang='grc' dir='ltr'>Ἂν</span> <span class='ocrx_word' id='word_1_79' title='bbox 364 1638 677 1717; x_wconf 78' lang='grc' dir='ltr'>χρισάμενός</span> <span class='ocrx_word' id='word_1_80' title='bbox 702 1662 779 1703; x_wconf 86' lang='grc' dir='ltr'>τις</span> <span class='ocrx_word' id='word_1_81' title='bbox 804 1637 1053 1719; x_wconf 86' lang='grc' dir='ltr'>πρότερον</span> <span class='ocrx_word' id='word_1_82' title='bbox 1088 1640 1246 1709; x_wconf 80' lang='grc' dir='ltr'>οὕτως</span> <span class='ocrx_word' id='word_1_83' title='bbox 1274 1642 1381 1723; x_wconf 80' lang='grc' dir='ltr'>ἐξίῃ</span> 
     </span>
     <span class='ocr_line' id='line_1_14' title="bbox 240 1724 1461 1809; baseline 0.005 -25"><span class='ocrx_word' id='word_1_84' title='bbox 240 1724 373 1784; x_wconf 80' lang='grc' dir='ltr'>Ἐπὶ</span> <span class='ocrx_word' id='word_1_85' title='bbox 396 1724 489 1791; x_wconf 73' lang='grc' dir='ltr'>τὰς</span> <span class='ocrx_word' id='word_1_86' title='bbox 512 1726 576 1783; x_wconf 88' lang='grc' dir='ltr'>δι’</span> <span class='ocrx_word' id='word_1_87' title='bbox 600 1726 833 1804; x_wconf 76' lang='grc' dir='ltr'>ἀνάγκην</span> <span class='ocrx_word' id='word_1_88' title='bbox 862 1732 953 1783; x_wconf 90' lang='grc' dir='ltr'>τοῦ</span> <span class='ocrx_word' id='word_1_89' title='bbox 986 1726 1100 1805; x_wconf 86' lang='grc' dir='ltr'>βίου</span> <span class='ocrx_word' id='word_1_90' title='bbox 1124 1731 1461 1809; x_wconf 82' lang='grc' dir='ltr'>λειτουργίας·</span> 
     </span>
     <span class='ocr_line' id='line_1_15' title="bbox 238 1813 1577 1896; baseline 0.005 -25"><span class='ocrx_word' id='word_1_91' title='bbox 238 1815 447 1891; x_wconf 80' lang='grc' dir='ltr'>Σαρκοῖ</span> <span class='ocrx_word' id='word_1_92' title='bbox 466 1816 513 1871; x_wconf 87' lang='grc' dir='ltr'>τ’</span> <span class='ocrx_word' id='word_1_93' title='bbox 542 1813 865 1893; x_wconf 81' lang='grc' dir='ltr'>ἀτροφοῦντοί</span> <span class='ocrx_word' id='word_1_94' title='bbox 892 1837 1007 1872; x_wconf 88' lang='grc' dir='ltr'>τινα</span> <span class='ocrx_word' id='word_1_95' title='bbox 1038 1814 1172 1896; x_wconf 86' lang='grc' dir='ltr'>μέρη</span> <span class='ocrx_word' id='word_1_96' title='bbox 1198 1824 1286 1876; x_wconf 88' lang='grc' dir='ltr'>τοῦ</span> <span class='ocrx_word' id='word_1_97' title='bbox 1312 1818 1577 1895; x_wconf 85' lang='grc' dir='ltr'>σώματος,</span> 
     </span>
     <span class='ocr_line' id='line_1_16' title="bbox 234 1899 1489 1981; baseline 0.006 -23"><span class='ocrx_word' id='word_1_98' title='bbox 234 1899 325 1958; x_wconf 73' lang='grc' dir='ltr'>Ἂν</span> <span class='ocrx_word' id='word_1_99' title='bbox 354 1924 433 1967; x_wconf 86' lang='grc' dir='ltr'>τις</span> <span class='ocrx_word' id='word_1_100' title='bbox 456 1902 681 1980; x_wconf 81' lang='grc' dir='ltr'>α’ναχρίῃ</span> <span class='ocrx_word' id='word_1_101' title='bbox 709 1901 843 1975; x_wconf 80' lang='grc' dir='ltr'>μετὰ</span> <span class='ocrx_word' id='word_1_102' title='bbox 868 1900 1061 1981; x_wconf 86' lang='grc' dir='ltr'>τροφὴν</span> <span class='ocrx_word' id='word_1_103' title='bbox 1088 1904 1155 1963; x_wconf 77' lang='grc' dir='ltr'>τὰ</span> <span class='ocrx_word' id='word_1_104' title='bbox 1179 1907 1489 1966; x_wconf 81' lang='grc' dir='ltr'>πεπονθότα·</span> 
     </span>
    </p>

    <p class='ocr_par' dir='ltr' id='par_1_6' title="bbox 162 1988 1513 2425">
     <span class='ocr_line' id='line_1_17' title="bbox 162 1988 1411 2073; baseline 0.006 -27"><span class='ocrx_word' id='word_1_105' title='bbox 162 2008 207 2046; x_wconf 68' lang='grc' dir='ltr'>ιτ»</span> <span class='ocrx_word' id='word_1_106' title='bbox 236 1988 342 2047; x_wconf 77' lang='grc' dir='ltr'>Καὶ</span> <span class='ocrx_word' id='word_1_107' title='bbox 366 1988 781 2059; x_wconf 75' lang='grc' dir='ltr'>δυσαναλήπτοις</span> <span class='ocrx_word' id='word_1_108' title='bbox 804 1989 1024 2069; x_wconf 78' lang='grc' dir='ltr'>ἁρμόσει</span> <span class='ocrx_word' id='word_1_109' title='bbox 1048 1990 1256 2073; x_wconf 87' lang='grc' dir='ltr'>γέρουσί</span> <span class='ocrx_word' id='word_1_110' title='bbox 1285 2018 1339 2052; x_wconf 86' lang='grc' dir='ltr'>τε</span> <span class='ocrx_word' id='word_1_111' title='bbox 1400 2030 1411 2042; x_wconf 92' lang='lat'><strong>·</strong></span> 
     </span>
     <span class='ocr_line' id='line_1_18' title="bbox 234 2076 1397 2161; baseline 0.008 -27"><span class='ocrx_word' id='word_1_112' title='bbox 234 2076 507 2153; x_wconf 78' lang='grc' dir='ltr'>Χειμῶνος</span> <span class='ocrx_word' id='word_1_113' title='bbox 536 2080 709 2143; x_wconf 81' lang='grc' dir='ltr'>αὐτοῖς</span> <span class='ocrx_word' id='word_1_114' title='bbox 734 2077 1026 2158; x_wconf 82' lang='grc' dir='ltr'>χρωμένοις</span> <span class='ocrx_word' id='word_1_115' title='bbox 1050 2082 1121 2147; x_wconf 87' lang='grc' dir='ltr'>εἷς</span> <span class='ocrx_word' id='word_1_116' title='bbox 1148 2081 1397 2161; x_wconf 83' lang='grc' dir='ltr'>ἑσπέραν.</span> 
     </span>
     <span class='ocr_line' id='line_1_19' title="bbox 230 2162 1412 2249; baseline 0.005 -27"><span class='ocrx_word' id='word_1_117' title='bbox 230 2162 385 2223; x_wconf 83' lang='grc' dir='ltr'>Ὅσα</span> <span class='ocrx_word' id='word_1_118' title='bbox 409 2162 462 2221; x_wconf 81' lang='grc' dir='ltr'>δὲ</span> <span class='ocrx_word' id='word_1_119' title='bbox 490 2164 628 2222; x_wconf 81' lang='grc' dir='ltr'>ποιεῖ</span> <span class='ocrx_word' id='word_1_120' title='bbox 648 2188 699 2222; x_wconf 90' lang='grc' dir='ltr'>τι</span> <span class='ocrx_word' id='word_1_121' title='bbox 727 2168 832 2223; x_wconf 82' lang='grc' dir='ltr'>τῶν</span> <span class='ocrx_word' id='word_1_122' title='bbox 858 2164 1089 2239; x_wconf 78' lang='grc' dir='ltr'>ἅκόπων,</span> <span class='ocrx_word' id='word_1_123' title='bbox 1116 2168 1201 2225; x_wconf 84' lang='grc' dir='ltr'>διὰ</span> <span class='ocrx_word' id='word_1_124' title='bbox 1228 2167 1412 2249; x_wconf 83' lang='grc' dir='ltr'>ἑτέρων</span> 
     </span>
     <span class='ocr_line' id='line_1_20' title="bbox 233 2250 1513 2337; baseline 0.006 -28"><span class='ocrx_word' id='word_1_125' title='bbox 233 2252 519 2331; x_wconf 78' lang='grc' dir='ltr'>Ἥροῦμεν,</span> <span class='ocrx_word' id='word_1_126' title='bbox 551 2250 895 2319; x_wconf 78' lang='grc' dir='ltr'>ὓποτοὶξαντες</span> <span class='ocrx_word' id='word_1_127' title='bbox 920 2254 1092 2311; x_wconf 78' lang='grc' dir='ltr'>αὐτῶν</span> <span class='ocrx_word' id='word_1_128' title='bbox 1116 2264 1231 2323; x_wconf 88' lang='grc' dir='ltr'>ταῖς</span> <span class='ocrx_word' id='word_1_129' title='bbox 1256 2260 1481 2337; x_wconf 81' lang='grc' dir='ltr'>γραφαῖς</span> <span class='ocrx_word' id='word_1_130' title='bbox 1497 2304 1513 2335; x_wconf 85' lang='lat'>‚</span> 
     </span>
     <span class='ocr_line' id='line_1_21' title="bbox 227 2338 1476 2425; baseline 0.003 -25"><span class='ocrx_word' id='word_1_131' title='bbox 227 2338 299 2400; x_wconf 72' lang='lat' dir='ltr'>&#39;ll</span> <span class='ocrx_word' id='word_1_132' title='bbox 326 2339 421 2399; x_wconf 80' lang='grc' dir='ltr'>καὶ</span> <span class='ocrx_word' id='word_1_133' title='bbox 442 2339 713 2420; x_wconf 80' lang='grc' dir='ltr'>προθέντες</span> <span class='ocrx_word' id='word_1_134' title='bbox 741 2345 837 2413; x_wconf 73' lang='grc' dir='ltr'>τῆς</span> <span class='ocrx_word' id='word_1_135' title='bbox 866 2347 1070 2422; x_wconf 70' lang='grc' dir='ltr'>γραφῆς</span> <span class='ocrx_word' id='word_1_136' title='bbox 1099 2343 1160 2401; x_wconf 85' lang='grc' dir='ltr'>τὸ</span> <span class='ocrx_word' id='word_1_137' title='bbox 1184 2346 1445 2425; x_wconf 76' lang='grc' dir='ltr'>χρήσιμον</span> <span class='ocrx_word' id='word_1_138' title='bbox 1464 2370 1476 2381; x_wconf 92' lang='grc'><em>·</em></span> 
     </span>
    </p>

    <p class='ocr_par' dir='ltr' id='par_1_7' title="bbox 150 2426 1495 2867">
     <span class='ocr_line' id='line_1_22' title="bbox 150 2426 1404 2509; baseline 0.005 -24"><span class='ocrx_word' id='word_1_139' title='bbox 150 2446 201 2485; x_wconf 72' lang='lat' dir='ltr'><strong>au</strong></span> <span class='ocrx_word' id='word_1_140' title='bbox 230 2428 363 2489; x_wconf 76' lang='grc' dir='ltr'>Νυνὶ</span> <span class='ocrx_word' id='word_1_141' title='bbox 389 2426 445 2487; x_wconf 76' lang='grc' dir='ltr'>δὲ</span> <span class='ocrx_word' id='word_1_142' title='bbox 471 2429 623 2509; x_wconf 80' lang='grc' dir='ltr'>φήσω</span> <span class='ocrx_word' id='word_1_143' title='bbox 648 2432 757 2495; x_wconf 81' lang='grc' dir='ltr'>πῶς</span> <span class='ocrx_word' id='word_1_144' title='bbox 786 2428 843 2485; x_wconf 82' lang='grc' dir='ltr'>τὸ</span> <span class='ocrx_word' id='word_1_145' title='bbox 869 2433 1075 2509; x_wconf 82' lang='grc' dir='ltr'>πρῶτον</span> <span class='ocrx_word' id='word_1_146' title='bbox 1102 2434 1179 2489; x_wconf 86' lang='grc' dir='ltr'>δεῖ</span> <span class='ocrx_word' id='word_1_147' title='bbox 1205 2436 1369 2493; x_wconf 84' lang='grc' dir='ltr'>ποιεῖν</span> <span class='ocrx_word' id='word_1_148' title='bbox 1393 2458 1404 2469; x_wconf 92' lang='grc'><em>·</em></span> 
     </span>
     <span class='ocr_line' id='line_1_23' title="bbox 228 2516 1407 2597; baseline 0.003 -21"><span class='ocrx_word' id='word_1_149' title='bbox 228 2516 597 2594; x_wconf 82' lang='grc' dir='ltr'>Ἀμμωνιακοῦ</span> <span class='ocrx_word' id='word_1_150' title='bbox 633 2516 739 2595; x_wconf 89' lang='grc' dir='ltr'>[τε]</span> <span class='ocrx_word' id='word_1_151' title='bbox 767 2516 859 2593; x_wconf 82' lang='grc' dir='ltr'>μὲν</span> <span class='ocrx_word' id='word_1_152' title='bbox 890 2517 993 2596; x_wconf 82' lang='grc' dir='ltr'>γὰρ</span> <span class='ocrx_word' id='word_1_153' title='bbox 1020 2520 1228 2597; x_wconf 86' lang='grc' dir='ltr'>οὖγγίας</span> <span class='ocrx_word' id='word_1_154' title='bbox 1252 2522 1378 2579; x_wconf 86' lang='grc' dir='ltr'>δέκα</span> <span class='ocrx_word' id='word_1_155' title='bbox 1396 2547 1407 2559; x_wconf 89' lang='grc'><strong><em>·</em></strong></span> 
     </span>
     <span class='ocr_line' id='line_1_24' title="bbox 230 2604 1484 2687; baseline 0.005 -24"><span class='ocrx_word' id='word_1_156' title='bbox 230 2606 341 2664; x_wconf 79' lang='grc' dir='ltr'>Εἶτ’</span> <span class='ocrx_word' id='word_1_157' title='bbox 374 2604 585 2683; x_wconf 80' lang='grc' dir='ltr'>οὖγγίας</span> <span class='ocrx_word' id='word_1_158' title='bbox 608 2604 769 2663; x_wconf 83' lang='grc' dir='ltr'>ἐθέλει</span> <span class='ocrx_word' id='word_1_159' title='bbox 795 2628 897 2676; x_wconf 87' lang='grc' dir='ltr'>τις,</span> <span class='ocrx_word' id='word_1_160' title='bbox 924 2604 1018 2663; x_wconf 82' lang='grc' dir='ltr'>εἴτ’</span> <span class='ocrx_word' id='word_1_161' title='bbox 1048 2606 1204 2666; x_wconf 79' lang='grc' dir='ltr'>ἄλλον</span> <span class='ocrx_word' id='word_1_162' title='bbox 1236 2612 1484 2687; x_wconf 88' lang='grc' dir='ltr'>σταθμόν·</span> 
     </span>
     <span class='ocr_line' id='line_1_25' title="bbox 222 2691 1495 2779; baseline 0.003 -26"><span class='ocrx_word' id='word_1_163' title='bbox 222 2694 298 2753; x_wconf 81' lang='grc' dir='ltr'>Τὸ</span> <span class='ocrx_word' id='word_1_164' title='bbox 323 2696 372 2752; x_wconf 88' lang='grc' dir='ltr'>δ’</span> <span class='ocrx_word' id='word_1_165' title='bbox 402 2693 529 2752; x_wconf 79' lang='grc' dir='ltr'>αὖτὸ</span> <span class='ocrx_word' id='word_1_166' title='bbox 554 2691 794 2752; x_wconf 73' lang='grc' dir='ltr'>λιὸάνου·</span> <span class='ocrx_word' id='word_1_167' title='bbox 824 2692 1096 2772; x_wconf 79' lang='grc' dir='ltr'>χαλὸοίνης</span> <span class='ocrx_word' id='word_1_168' title='bbox 1121 2696 1175 2753; x_wconf 85' lang='grc' dir='ltr'>δὲ</span> <span class='ocrx_word' id='word_1_169' title='bbox 1205 2696 1464 2779; x_wconf 87' lang='grc' dir='ltr'>τέσσαρας</span> <span class='ocrx_word' id='word_1_170' title='bbox 1483 2724 1495 2737; x_wconf 86' lang='grc'><em>·</em></span> 
     </span>
     <span class='ocr_line' id='line_1_26' title="bbox 224 2780 1441 2867; baseline 0.004 -26"><span class='ocrx_word' id='word_1_171' title='bbox 224 2781 511 2862; x_wconf 82' lang='grc' dir='ltr'>Ἐλαφείου</span> <span class='ocrx_word' id='word_1_172' title='bbox 536 2784 729 2859; x_wconf 78' lang='grc' dir='ltr'>μυελοῦ</span> <span class='ocrx_word' id='word_1_173' title='bbox 757 2780 1017 2861; x_wconf 80' lang='grc' dir='ltr'>τέσσαρας</span> <span class='ocrx_word' id='word_1_174' title='bbox 1038 2783 1127 2840; x_wconf 76' lang='grc' dir='ltr'>καὶ</span> <span class='ocrx_word' id='word_1_175' title='bbox 1156 2784 1441 2867; x_wconf 82' lang='grc' dir='ltr'>τέσσαρας·</span> 
     </span>
    </p>

    <p class='ocr_par' dir='ltr' id='par_1_8' title="bbox 146 2870 1515 3304">
     <span class='ocr_line' id='line_1_27' title="bbox 146 2870 1379 2948; baseline 0.003 -18"><span class='ocrx_word' id='word_1_176' title='bbox 146 2894 193 2930; x_wconf 68' lang='lat'>252</span> <span class='ocrx_word' id='word_1_177' title='bbox 222 2875 334 2943; x_wconf 78' lang='grc' dir='ltr'>Τῆς</span> <span class='ocrx_word' id='word_1_178' title='bbox 359 2871 595 2942; x_wconf 78' lang='grc' dir='ltr'>Ἀττικῆς</span> <span class='ocrx_word' id='word_1_179' title='bbox 622 2870 889 2948; x_wconf 82' lang='grc' dir='ltr'>πέμπουσι</span> <span class='ocrx_word' id='word_1_180' title='bbox 918 2870 1106 2930; x_wconf 73' lang='grc' dir='ltr'>ταύτὸν</span> <span class='ocrx_word' id='word_1_181' title='bbox 1132 2874 1347 2934; x_wconf 82' lang='grc' dir='ltr'>οἰσύπου</span> <span class='ocrx_word' id='word_1_182' title='bbox 1366 2900 1379 2914; x_wconf 87' lang='grc'>·</span> 
     </span>
     <span class='ocr_line' id='line_1_28' title="bbox 219 2959 1342 3042; baseline 0.001 -22"><span class='ocrx_word' id='word_1_183' title='bbox 219 2959 565 3040; x_wconf 83' lang='grc' dir='ltr'>Τερμινθίνης</span> <span class='ocrx_word' id='word_1_184' title='bbox 592 2983 649 3017; x_wconf 87' lang='grc' dir='ltr'>τε</span> <span class='ocrx_word' id='word_1_185' title='bbox 679 2964 771 3030; x_wconf 77' lang='grc' dir='ltr'>τῆς</span> <span class='ocrx_word' id='word_1_186' title='bbox 792 2961 1031 3038; x_wconf 79' lang='grc' dir='ltr'>διαυγοῦς</span> <span class='ocrx_word' id='word_1_187' title='bbox 1053 2960 1313 3042; x_wconf 86' lang='grc' dir='ltr'>τέσσαρας</span> <span class='ocrx_word' id='word_1_188' title='bbox 1330 2991 1342 3001; x_wconf 90' lang='grc'>-</span> 
     </span>
     <span class='ocr_line' id='line_1_29' title="bbox 226 3048 1399 3127; baseline 0.003 -21"><span class='ocrx_word' id='word_1_189' title='bbox 226 3049 452 3114; x_wconf 81' lang='grc' dir='ltr'>Μέλιτος</span> <span class='ocrx_word' id='word_1_190' title='bbox 473 3051 637 3106; x_wconf 86' lang='grc' dir='ltr'>καλοῦ</span> <span class='ocrx_word' id='word_1_191' title='bbox 655 3071 713 3106; x_wconf 84' lang='grc' dir='ltr'>τε</span> <span class='ocrx_word' id='word_1_192' title='bbox 734 3048 1038 3127; x_wconf 79' lang='grc' dir='ltr'>προσφάτου</span> <span class='ocrx_word' id='word_1_193' title='bbox 1064 3049 1221 3108; x_wconf 77' lang='grc' dir='ltr'>πάλιν</span> <span class='ocrx_word' id='word_1_194' title='bbox 1246 3051 1371 3110; x_wconf 83' lang='grc' dir='ltr'>δέκα</span> <span class='ocrx_word' id='word_1_195' title='bbox 1390 3078 1399 3088; x_wconf 94' lang='grc'><strong><em>·</em></strong></span> 
     </span>
     <span class='ocr_line' id='line_1_30' title="bbox 218 3134 1453 3216; baseline 0 -20"><span class='ocrx_word' id='word_1_196' title='bbox 218 3135 365 3196; x_wconf 83' lang='grc' dir='ltr'>Ἴσον</span> <span class='ocrx_word' id='word_1_197' title='bbox 391 3160 451 3196; x_wconf 91' lang='grc' dir='ltr'>τε</span> <span class='ocrx_word' id='word_1_198' title='bbox 478 3134 645 3216; x_wconf 85' lang='grc' dir='ltr'>τούτῳ</span> <span class='ocrx_word' id='word_1_199' title='bbox 674 3139 933 3196; x_wconf 79' lang='grc' dir='ltr'>Ποντικοῦ</span> <span class='ocrx_word' id='word_1_200' title='bbox 964 3142 1125 3216; x_wconf 81' lang='grc' dir='ltr'>κηροῦ</span> <span class='ocrx_word' id='word_1_201' title='bbox 1150 3139 1397 3215; x_wconf 82' lang='grc' dir='ltr'>σταθμόν·</span> <span class='ocrx_word' id='word_1_202' title='bbox 1440 3137 1453 3152; x_wconf 80' lang='grc'><em>“</em></span> 
     </span>
     <span class='ocr_line' id='line_1_31' title="bbox 223 3223 1515 3304; baseline 0.002 -19"><span class='ocrx_word' id='word_1_203' title='bbox 223 3223 453 3291; x_wconf 81' lang='grc' dir='ltr'>Στέατός</span> <span class='ocrx_word' id='word_1_204' title='bbox 479 3247 537 3282; x_wconf 88' lang='grc' dir='ltr'>τε</span> <span class='ocrx_word' id='word_1_205' title='bbox 561 3223 723 3304; x_wconf 77' lang='grc' dir='ltr'>χηνὸς</span> <span class='ocrx_word' id='word_1_206' title='bbox 750 3223 1053 3304; x_wconf 81' lang='grc' dir='ltr'>προσφάτου</span> <span class='ocrx_word' id='word_1_207' title='bbox 1086 3228 1325 3300; x_wconf 86' lang='grc' dir='ltr'>μαλακοῦ</span> <span class='ocrx_word' id='word_1_208' title='bbox 1356 3229 1481 3286; x_wconf 83' lang='grc' dir='ltr'>δέκα</span> <span class='ocrx_word' id='word_1_209' title='bbox 1502 3258 1515 3267; x_wconf 91' lang='grc'><em>·</em></span> 
     </span>
    </p>

    <p class='ocr_par' dir='ltr' id='par_1_9' title="bbox 142 3310 1459 3743">
     <span class='ocr_line' id='line_1_32' title="bbox 142 3310 1424 3394; baseline 0.002 -24"><span class='ocrx_word' id='word_1_210' title='bbox 142 3335 189 3370; x_wconf 76' lang='lat'>³·</span> <span class='ocrx_word' id='word_1_211' title='bbox 217 3317 383 3370; x_wconf 75' lang='grc' dir='ltr'>(ὶῖνου</span> <span class='ocrx_word' id='word_1_212' title='bbox 408 3310 705 3391; x_wconf 84' lang='grc' dir='ltr'>Φαλερίνου</span> <span class='ocrx_word' id='word_1_213' title='bbox 736 3310 893 3368; x_wconf 87' lang='grc' dir='ltr'>πέντε</span> <span class='ocrx_word' id='word_1_214' title='bbox 916 3311 1159 3385; x_wconf 78' lang='grc' dir='ltr'>κοτύλας,</span> <span class='ocrx_word' id='word_1_215' title='bbox 1188 3313 1225 3384; x_wconf 80' lang='grc' dir='ltr'>ἢ</span> <span class='ocrx_word' id='word_1_216' title='bbox 1252 3317 1424 3394; x_wconf 79' lang='grc' dir='ltr'>βραχὺ</span> 
     </span>
     <span class='ocr_line' id='line_1_33' title="bbox 214 3397 1459 3482; baseline -0.001 -22"><span class='ocrx_word' id='word_1_217' title='bbox 214 3402 534 3467; x_wconf 66' lang='grc' dir='ltr'>Ἰίλάττονας</span> <span class='ocrx_word' id='word_1_218' title='bbox 561 3399 661 3478; x_wconf 87' lang='grc' dir='ltr'>[γ’]</span> <span class='ocrx_word' id='word_1_219' title='bbox 689 3398 725 3470; x_wconf 80' lang='grc' dir='ltr'>ἢ</span> <span class='ocrx_word' id='word_1_220' title='bbox 751 3399 841 3456; x_wconf 78' lang='grc' dir='ltr'>καὶ</span> <span class='ocrx_word' id='word_1_221' title='bbox 869 3397 1041 3478; x_wconf 78' lang='grc' dir='ltr'>βραχὺ</span> <span class='ocrx_word' id='word_1_222' title='bbox 1071 3401 1459 3482; x_wconf 76' lang='grc' dir='ltr'>δαψιλεστέρας·</span> 
     </span>
     <span class='ocr_line' id='line_1_34' title="bbox 216 3487 1312 3554; baseline 0 -8"><span class='ocrx_word' id='word_1_223' title='bbox 216 3493 459 3547; x_wconf 69' lang='grc' dir='ltr'>Πιλαιοῦ</span> <span class='ocrx_word' id='word_1_224' title='bbox 494 3487 666 3546; x_wconf 83' lang='grc' dir='ltr'>ἐλαίου</span> <span class='ocrx_word' id='word_1_225' title='bbox 693 3493 782 3546; x_wconf 88' lang='grc' dir='ltr'>τοῦ</span> <span class='ocrx_word' id='word_1_226' title='bbox 812 3490 974 3546; x_wconf 84' lang='grc' dir='ltr'>καλοῦ</span> <span class='ocrx_word' id='word_1_227' title='bbox 1000 3487 1074 3554; x_wconf 81' lang='grc' dir='ltr'>δὶς</span> <span class='ocrx_word' id='word_1_228' title='bbox 1096 3487 1312 3547; x_wconf 86' lang='grc' dir='ltr'>εἴκοσιν·</span> 
     </span>
     <span class='ocr_line' id='line_1_35' title="bbox 216 3573 1375 3655; baseline 0 -21"><span class='ocrx_word' id='word_1_229' title='bbox 216 3580 399 3655; x_wconf 68' lang='lat' dir='ltr'><strong>napi-⁰»</strong></span> <span class='ocrx_word' id='word_1_230' title='bbox 424 3573 479 3633; x_wconf 86' lang='grc' dir='ltr'>δὲ</span> <span class='ocrx_word' id='word_1_231' title='bbox 506 3579 659 3633; x_wconf 89' lang='grc' dir='ltr'>τοῦτο</span> <span class='ocrx_word' id='word_1_232' title='bbox 683 3573 757 3651; x_wconf 83' lang='grc' dir='ltr'>μὴ</span> <span class='ocrx_word' id='word_1_233' title='bbox 787 3575 1011 3641; x_wconf 82' lang='grc' dir='ltr'>δυσῶδες</span> <span class='ocrx_word' id='word_1_234' title='bbox 1039 3575 1375 3655; x_wconf 75' lang='grc' dir='ltr'>προσὸαλεῖν·</span> 
     </span>
     <span class='ocr_line' id='line_1_36' title="bbox 209 3661 1426 3743; baseline 0.002 -21"><span class='ocrx_word' id='word_1_235' title='bbox 209 3664 371 3722; x_wconf 80' lang='grc' dir='ltr'>Οὕτω</span> <span class='ocrx_word' id='word_1_236' title='bbox 396 3661 496 3741; x_wconf 77' lang='grc' dir='ltr'>γὰρ</span> <span class='ocrx_word' id='word_1_237' title='bbox 517 3663 667 3722; x_wconf 84' lang='grc' dir='ltr'>ἔσται</span> <span class='ocrx_word' id='word_1_238' title='bbox 691 3662 967 3743; x_wconf 86' lang='grc' dir='ltr'>προσφιλὲς</span> <span class='ocrx_word' id='word_1_239' title='bbox 991 3663 1095 3729; x_wconf 76' lang='grc' dir='ltr'>τοῖς</span> <span class='ocrx_word' id='word_1_240' title='bbox 1116 3664 1426 3742; x_wconf 76' lang='grc' dir='ltr'>χρωμένοις.</span> 
     </span>
    </p>

    <p class='ocr_par' dir='ltr' id='par_1_10' title="bbox 136 3750 1583 4184">
     <span class='ocr_line' id='line_1_37' title="bbox 136 3750 1211 3831; baseline 0.005 -27"><span class='ocrx_word' id='word_1_241' title='bbox 136 3775 181 3808; x_wconf 61' lang='grc' dir='ltr'>,γι</span> <span class='ocrx_word' id='word_1_242' title='bbox 212 3752 447 3820; x_wconf 78' lang='grc' dir='ltr'>Σκεύαζε</span> <span class='ocrx_word' id='word_1_243' title='bbox 476 3751 519 3808; x_wconf 88' lang='grc' dir='ltr'>δ’</span> <span class='ocrx_word' id='word_1_244' title='bbox 544 3750 704 3817; x_wconf 73' lang='grc' dir='ltr'>οὕτως</span> <span class='ocrx_word' id='word_1_245' title='bbox 721 3774 735 3787; x_wconf 92' lang='grc'><em>·</em></span> <span class='ocrx_word' id='word_1_246' title='bbox 762 3753 815 3808; x_wconf 80' lang='grc' dir='ltr'>ἐν</span> <span class='ocrx_word' id='word_1_247' title='bbox 844 3750 990 3831; x_wconf 67' lang='grc' dir='ltr'>θυείᾳ</span> <span class='ocrx_word' id='word_1_248' title='bbox 1016 3751 1211 3826; x_wconf 83' lang='grc' dir='ltr'>μείζονι</span> 
     </span>
     <span class='ocr_line' id='line_1_38' title="bbox 210 3839 1583 3920; baseline 0.004 -24"><span class='ocrx_word' id='word_1_249' title='bbox 210 3840 441 3901; x_wconf 69' lang='grc' dir='ltr'>Δι’ὅανον</span> <span class='ocrx_word' id='word_1_250' title='bbox 467 3839 795 3898; x_wconf 79' lang='grc' dir='ltr'>κατάθλασον</span> <span class='ocrx_word' id='word_1_251' title='bbox 820 3841 890 3904; x_wconf 84' lang='grc' dir='ltr'>εἰς</span> <span class='ocrx_word' id='word_1_252' title='bbox 922 3843 954 3918; x_wconf 89' lang='grc' dir='ltr'><strong>β</strong></span> <span class='ocrx_word' id='word_1_253' title='bbox 989 3843 1135 3918; x_wconf 85' lang='grc' dir='ltr'>αχεῒς</span> <span class='ocrx_word' id='word_1_254' title='bbox 1158 3841 1403 3920; x_wconf 82' lang='grc' dir='ltr'>χόνδρους</span> <span class='ocrx_word' id='word_1_255' title='bbox 1424 3843 1583 3916; x_wconf 81' lang='grc' dir='ltr'>πάνυ,</span> 
     </span>
     <span class='ocr_line' id='line_1_39' title="bbox 212 3925 1359 4006; baseline -0.003 -17"><span class='ocrx_word' id='word_1_256' title='bbox 212 3929 578 4006; x_wconf 71' lang='grc' dir='ltr'>Ἀμμωνιακὸν</span> <span class='ocrx_word' id='word_1_257' title='bbox 606 3925 890 4006; x_wconf 81' lang='grc' dir='ltr'>παραχέων</span> <span class='ocrx_word' id='word_1_258' title='bbox 920 3950 947 3984; x_wconf 91' lang='grc' dir='ltr'>ο</span> <span class='ocrx_word' id='word_1_259' title='bbox 970 3927 1054 3985; x_wconf 86' lang='grc' dir='ltr'>νόν</span> <span class='ocrx_word' id='word_1_260' title='bbox 1074 3930 1122 3984; x_wconf 88' lang='grc' dir='ltr'>τ’</span> <span class='ocrx_word' id='word_1_261' title='bbox 1146 3929 1359 4002; x_wconf 84' lang='grc' dir='ltr'>εὐθέως,</span> 
     </span>
     <span class='ocr_line' id='line_1_40' title="bbox 208 4014 1390 4098; baseline 0 -22"><span class='ocrx_word' id='word_1_262' title='bbox 208 4017 375 4098; x_wconf 74' lang='grc' dir='ltr'>Ἀφείς</span> <span class='ocrx_word' id='word_1_263' title='bbox 400 4039 457 4074; x_wconf 85' lang='grc' dir='ltr'>τε</span> <span class='ocrx_word' id='word_1_264' title='bbox 481 4021 647 4074; x_wconf 85' lang='grc' dir='ltr'>ταῦτα</span> <span class='ocrx_word' id='word_1_265' title='bbox 672 4014 1025 4094; x_wconf 72' lang='grc' dir='ltr'>διαδραχῆναι</span> <span class='ocrx_word' id='word_1_266' title='bbox 1052 4017 1390 4098; x_wconf 82' lang='grc' dir='ltr'>συμμέτρως,</span> 
     </span>
     <span class='ocr_line' id='line_1_41' title="bbox 207 4101 1312 4184; baseline 0 -21"><span class='ocrx_word' id='word_1_267' title='bbox 207 4107 397 4164; x_wconf 67' lang='grc' dir='ltr'>Λέαινε</span> <span class='ocrx_word' id='word_1_268' title='bbox 424 4107 501 4182; x_wconf 81' lang='grc' dir='ltr'>τῷ</span> <span class='ocrx_word' id='word_1_269' title='bbox 526 4103 753 4180; x_wconf 85' lang='grc' dir='ltr'>δοίδυκι,</span> <span class='ocrx_word' id='word_1_270' title='bbox 780 4103 869 4162; x_wconf 82' lang='grc' dir='ltr'>καὶ</span> <span class='ocrx_word' id='word_1_271' title='bbox 902 4101 1109 4180; x_wconf 83' lang='grc' dir='ltr'>μέλιτος</span> <span class='ocrx_word' id='word_1_272' title='bbox 1141 4103 1312 4184; x_wconf 74' lang='grc' dir='ltr'>πάχος</span> 
     </span>
    </p>

    <p class='ocr_par' dir='ltr' id='par_1_11' title="bbox 142 4190 1407 4626">
     <span class='ocr_line' id='line_1_42' title="bbox 142 4190 1407 4266; baseline 0.001 -17"><span class='ocrx_word' id='word_1_273' title='bbox 142 4215 183 4249; x_wconf 75' lang='grc' dir='ltr'>ιιι</span> <span class='ocrx_word' id='word_1_274' title='bbox 216 4197 411 4264; x_wconf 82' lang='grc' dir='ltr'>ΙΙοιῶν,</span> <span class='ocrx_word' id='word_1_275' title='bbox 440 4191 689 4248; x_wconf 77' lang='grc' dir='ltr'>ἅποδίδου</span> <span class='ocrx_word' id='word_1_276' title='bbox 720 4191 779 4248; x_wconf 87' lang='grc' dir='ltr'>τὸ</span> <span class='ocrx_word' id='word_1_277' title='bbox 810 4190 931 4266; x_wconf 80' lang='grc' dir='ltr'>μέλι</span> <span class='ocrx_word' id='word_1_278' title='bbox 952 4190 1043 4249; x_wconf 82' lang='grc' dir='ltr'>καὶ</span> <span class='ocrx_word' id='word_1_279' title='bbox 1070 4191 1165 4262; x_wconf 85' lang='grc' dir='ltr'>τὴν</span> <span class='ocrx_word' id='word_1_280' title='bbox 1195 4191 1407 4250; x_wconf 82' lang='grc' dir='ltr'>οἴσυπον</span> 
     </span>
     <span class='ocr_line' id='line_1_43' title="bbox 208 4269 1402 4357; baseline -0.002 -18"><span class='ocrx_word' id='word_1_281' title='bbox 208 4281 318 4339; x_wconf 79' lang='grc' dir='ltr'>Καὶ</span> <span class='ocrx_word' id='word_1_282' title='bbox 340 4279 429 4337; x_wconf 81' lang='grc' dir='ltr'>τὸν</span> <span class='ocrx_word' id='word_1_283' title='bbox 458 4276 697 4357; x_wconf 78' lang='grc' dir='ltr'>ἐλάφειον</span> <span class='ocrx_word' id='word_1_284' title='bbox 727 4277 935 4355; x_wconf 80' lang='grc' dir='ltr'>μυελὸν,</span> <span class='ocrx_word' id='word_1_285' title='bbox 964 4269 1076 4335; x_wconf 76' lang='grc' dir='ltr'>εἶτα</span> <span class='ocrx_word' id='word_1_286' title='bbox 1102 4282 1248 4337; x_wconf 89' lang='grc' dir='ltr'>ταῦθ’</span> <span class='ocrx_word' id='word_1_287' title='bbox 1277 4283 1402 4338; x_wconf 79' lang='grc' dir='ltr'>ἑνῶν</span> 
     </span>
     <span class='ocr_line' id='line_1_44' title="bbox 203 4365 1211 4448; baseline -0.003 -21"><span class='ocrx_word' id='word_1_288' title='bbox 203 4369 295 4427; x_wconf 73' lang='grc' dir='ltr'>Ἰζν</span> <span class='ocrx_word' id='word_1_289' title='bbox 321 4371 389 4447; x_wconf 81' lang='grc' dir='ltr'>τῇ</span> <span class='ocrx_word' id='word_1_290' title='bbox 417 4367 593 4448; x_wconf 70' lang='grc' dir='ltr'>θυείᾳ,</span> <span class='ocrx_word' id='word_1_291' title='bbox 620 4371 747 4438; x_wconf 77' lang='grc' dir='ltr'>τῆκε</span> <span class='ocrx_word' id='word_1_292' title='bbox 774 4365 933 4446; x_wconf 80' lang='grc' dir='ltr'>κηρὸν</span> <span class='ocrx_word' id='word_1_293' title='bbox 958 4368 1010 4424; x_wconf 79' lang='grc' dir='ltr'>ἐν</span> <span class='ocrx_word' id='word_1_294' title='bbox 1040 4366 1211 4448; x_wconf 73' lang='grc' dir='ltr'>χύτρα</span> 
     </span>
     <span class='ocr_line' id='line_1_45' title="bbox 208 4453 1366 4534; baseline -0.005 -18"><span class='ocrx_word' id='word_1_295' title='bbox 208 4457 313 4516; x_wconf 81' lang='grc' dir='ltr'>Καὶ</span> <span class='ocrx_word' id='word_1_296' title='bbox 341 4465 448 4514; x_wconf 80' lang='grc' dir='ltr'>πᾶν</span> <span class='ocrx_word' id='word_1_297' title='bbox 478 4455 650 4514; x_wconf 81' lang='grc' dir='ltr'>ἔλαιον</span> <span class='ocrx_word' id='word_1_298' title='bbox 678 4454 770 4514; x_wconf 78' lang='grc' dir='ltr'>καὶ</span> <span class='ocrx_word' id='word_1_299' title='bbox 797 4455 957 4534; x_wconf 85' lang='grc' dir='ltr'>στέαρ</span> <span class='ocrx_word' id='word_1_300' title='bbox 980 4454 1070 4514; x_wconf 76' lang='grc' dir='ltr'>καὶ</span> <span class='ocrx_word' id='word_1_301' title='bbox 1093 4453 1366 4533; x_wconf 77' lang='grc' dir='ltr'>χαλὸοίνην</span> 
     </span>
     <span class='ocr_line' id='line_1_46' title="bbox 200 4542 1379 4626; baseline -0.004 -22"><span class='ocrx_word' id='word_1_302' title='bbox 200 4543 545 4626; x_wconf 85' lang='grc' dir='ltr'>Τερμινθίνην</span> <span class='ocrx_word' id='word_1_303' title='bbox 566 4567 643 4615; x_wconf 90' lang='grc' dir='ltr'>τε,</span> <span class='ocrx_word' id='word_1_304' title='bbox 666 4543 756 4602; x_wconf 79' lang='grc' dir='ltr'>καὶ</span> <span class='ocrx_word' id='word_1_305' title='bbox 777 4547 1001 4614; x_wconf 80' lang='grc' dir='ltr'>τακῆναι</span> <span class='ocrx_word' id='word_1_306' title='bbox 1024 4542 1181 4601; x_wconf 82' lang='grc' dir='ltr'>πάντ’</span> <span class='ocrx_word' id='word_1_307' title='bbox 1206 4543 1379 4623; x_wconf 81' lang='grc' dir='ltr'>ἀφεὶς,</span> 
     </span>
    </p>

    <p class='ocr_par' dir='ltr' id='par_1_12' title="bbox 125 4631 1497 5065">
     <span class='ocr_line' id='line_1_47' title="bbox 125 4631 1319 4712; baseline -0.005 -20"><span class='ocrx_word' id='word_1_308' title='bbox 125 4657 171 4692; x_wconf 69' lang='grc' dir='ltr'>ιε,</span> <span class='ocrx_word' id='word_1_309' title='bbox 204 4634 361 4694; x_wconf 77' lang='grc' dir='ltr'>Κατὰ</span> <span class='ocrx_word' id='word_1_310' title='bbox 386 4635 489 4690; x_wconf 85' lang='grc' dir='ltr'>τῶν</span> <span class='ocrx_word' id='word_1_311' title='bbox 518 4631 733 4690; x_wconf 81' lang='grc' dir='ltr'>ἐνόντων</span> <span class='ocrx_word' id='word_1_312' title='bbox 756 4637 821 4711; x_wconf 81' lang='grc' dir='ltr'>τῇ</span> <span class='ocrx_word' id='word_1_313' title='bbox 846 4631 991 4712; x_wconf 71' lang='grc' dir='ltr'>θυείᾳ</span> <span class='ocrx_word' id='word_1_314' title='bbox 1020 4631 1319 4708; x_wconf 79' lang='grc' dir='ltr'>καταχέων,</span> 
     </span>
     <span class='ocr_line' id='line_1_48' title="bbox 202 4717 1379 4800; baseline -0.004 -19"><span class='ocrx_word' id='word_1_315' title='bbox 202 4725 307 4781; x_wconf 79' lang='grc' dir='ltr'>Καὶ</span> <span class='ocrx_word' id='word_1_316' title='bbox 334 4720 497 4800; x_wconf 79' lang='grc' dir='ltr'>μικρὰ</span> <span class='ocrx_word' id='word_1_317' title='bbox 520 4721 715 4778; x_wconf 83' lang='grc' dir='ltr'>δοίδυκι</span> <span class='ocrx_word' id='word_1_318' title='bbox 739 4718 955 4790; x_wconf 83' lang='grc' dir='ltr'>κινήσας</span> <span class='ocrx_word' id='word_1_319' title='bbox 970 4765 987 4793; x_wconf 79' lang='lat'>‚</span> <span class='ocrx_word' id='word_1_320' title='bbox 1012 4717 1079 4774; x_wconf 72' lang='grc' dir='ltr'>ἵν’</span> <span class='ocrx_word' id='word_1_321' title='bbox 1104 4721 1347 4797; x_wconf 76' lang='grc' dir='ltr'>ὖποψυγῇ</span> <span class='ocrx_word' id='word_1_322' title='bbox 1362 4764 1379 4794; x_wconf 82' lang='lat'><strong>,</strong></span> 
     </span>
     <span class='ocr_line' id='line_1_49' title="bbox 196 4807 1497 4888; baseline -0.005 -19"><span class='ocrx_word' id='word_1_323' title='bbox 196 4814 327 4876; x_wconf 85' lang='grc' dir='ltr'>Ταῖς</span> <span class='ocrx_word' id='word_1_324' title='bbox 350 4809 533 4888; x_wconf 77' lang='grc' dir='ltr'>χερσὶν</span> <span class='ocrx_word' id='word_1_325' title='bbox 558 4809 804 4886; x_wconf 79' lang='grc' dir='ltr'>ἀνάτριὸε</span> <span class='ocrx_word' id='word_1_326' title='bbox 826 4807 943 4866; x_wconf 86' lang='grc' dir='ltr'>τότε</span> <span class='ocrx_word' id='word_1_327' title='bbox 968 4813 1136 4865; x_wconf 86' lang='grc' dir='ltr'>ταῦτα</span> <span class='ocrx_word' id='word_1_328' title='bbox 1162 4807 1314 4864; x_wconf 77' lang='grc' dir='ltr'>πάνθ’</span> <span class='ocrx_word' id='word_1_329' title='bbox 1341 4811 1497 4880; x_wconf 82' lang='grc' dir='ltr'>ὁμοῦ,</span> 
     </span>
     <span class='ocr_line' id='line_1_50' title="bbox 194 4894 1356 4976; baseline -0.005 -19"><span class='ocrx_word' id='word_1_330' title='bbox 194 4897 339 4965; x_wconf 60' lang='lat' dir='ltr'>‘&#39;l-31⁰&lt;</span> <span class='ocrx_word' id='word_1_331' title='bbox 368 4899 433 4956; x_wconf 78' lang='grc' dir='ltr'>ἂν</span> <span class='ocrx_word' id='word_1_332' title='bbox 458 4901 619 4976; x_wconf 80' lang='grc' dir='ltr'>ἑνωθῇ</span> <span class='ocrx_word' id='word_1_333' title='bbox 644 4896 849 4974; x_wconf 76' lang='grc' dir='ltr'>πάντα,</span> <span class='ocrx_word' id='word_1_334' title='bbox 874 4895 965 4954; x_wconf 81' lang='grc' dir='ltr'>καὶ</span> <span class='ocrx_word' id='word_1_335' title='bbox 992 4895 1197 4972; x_wconf 82' lang='grc' dir='ltr'>μέλιτος</span> <span class='ocrx_word' id='word_1_336' title='bbox 1216 4894 1356 4972; x_wconf 76' lang='grc' dir='ltr'>λάὸῃ</span> 
     </span>
     <span class='ocr_line' id='line_1_51' title="bbox 196 4981 1420 5065; baseline -0.007 -19"><span class='ocrx_word' id='word_1_337' title='bbox 196 4987 393 5065; x_wconf 81' lang='grc' dir='ltr'>Ὑγροῦ</span> <span class='ocrx_word' id='word_1_338' title='bbox 418 4988 579 5044; x_wconf 88' lang='grc' dir='ltr'>καλοῦ</span> <span class='ocrx_word' id='word_1_339' title='bbox 601 5009 658 5043; x_wconf 86' lang='grc' dir='ltr'>τε</span> <span class='ocrx_word' id='word_1_340' title='bbox 686 4985 747 5042; x_wconf 83' lang='grc' dir='ltr'>τὸ</span> <span class='ocrx_word' id='word_1_341' title='bbox 770 4984 958 5065; x_wconf 80' lang='grc' dir='ltr'>πάχος·</span> <span class='ocrx_word' id='word_1_342' title='bbox 987 4981 1149 5048; x_wconf 74' lang='grc' dir='ltr'>οὕτως</span> <span class='ocrx_word' id='word_1_343' title='bbox 1172 4983 1420 5040; x_wconf 82' lang='grc' dir='ltr'>ἀποτίθου</span> 
     </span>
    </p>

    <p class='ocr_par' dir='ltr' id='par_1_13' title="bbox 124 5069 1450 5330">
     <span class='ocr_line' id='line_1_52' title="bbox 124 5069 1293 5154; baseline -0.005 -21"><span class='ocrx_word' id='word_1_344' title='bbox 124 5099 171 5133; x_wconf 72' lang='grc' dir='ltr'>ιιι</span> <span class='ocrx_word' id='word_1_345' title='bbox 202 5080 289 5141; x_wconf 66' lang='lat' dir='ltr'><strong>lit&lt;</strong></span> <span class='ocrx_word' id='word_1_346' title='bbox 316 5073 670 5154; x_wconf 85' lang='grc' dir='ltr'>κασσιτὲρινον</span> <span class='ocrx_word' id='word_1_347' title='bbox 691 5078 871 5141; x_wconf 86' lang='grc' dir='ltr'>σκεῦος</span> <span class='ocrx_word' id='word_1_348' title='bbox 892 5071 927 5144; x_wconf 80' lang='grc' dir='ltr'><strong>ἦ</strong></span> <span class='ocrx_word' id='word_1_349' title='bbox 952 5072 1043 5134; x_wconf 76' lang='grc' dir='ltr'>καὶ</span> <span class='ocrx_word' id='word_1_350' title='bbox 1067 5069 1293 5144; x_wconf 80' lang='grc' dir='ltr'>πύξινον,</span> 
     </span>
     <span class='ocr_line' id='line_1_53' title="bbox 200 5157 1450 5242; baseline -0.004 -20"><span class='ocrx_word' id='word_1_351' title='bbox 200 5163 479 5240; x_wconf 65' lang='grc' dir='ltr'>Χρώμενος</span> <span class='ocrx_word' id='word_1_352' title='bbox 500 5164 759 5240; x_wconf 70' lang='grc' dir='ltr'>ἐπιμελῶς</span> <span class='ocrx_word' id='word_1_353' title='bbox 779 5165 849 5228; x_wconf 80' lang='grc' dir='ltr'>ὡς</span> <span class='ocrx_word' id='word_1_354' title='bbox 876 5161 1143 5242; x_wconf 83' lang='grc' dir='ltr'>κρατίστῳ</span> <span class='ocrx_word' id='word_1_355' title='bbox 1172 5157 1450 5239; x_wconf 77' lang='grc' dir='ltr'>φαρμάκῳ.</span> 
     </span>
     <span class='ocr_line' id='line_1_54' title="bbox 196 5239 1226 5330; baseline -0.007 -18"><span class='ocrx_word' id='word_1_356' title='bbox 196 5251 384 5312; x_wconf 79' lang='grc' dir='ltr'>Ἔστιν</span> <span class='ocrx_word' id='word_1_357' title='bbox 408 5251 463 5310; x_wconf 86' lang='grc' dir='ltr'>δὲ</span> <span class='ocrx_word' id='word_1_358' title='bbox 490 5239 580 5308; x_wconf 75' lang='grc' dir='ltr'>καὶ</span> <span class='ocrx_word' id='word_1_359' title='bbox 602 5249 803 5329; x_wconf 76' lang='grc' dir='ltr'>γυναιξὶ</span> <span class='ocrx_word' id='word_1_360' title='bbox 824 5249 1226 5330; x_wconf 82' lang='grc' dir='ltr'>συμφορώτατον</span> 
     </span>
    </p>
   </div>
   <div class='ocr_carea' id='block_1_4' title="bbox 2041 628 3137 693">
    <p class='ocr_par' dir='ltr' id='par_1_14' title="bbox 2041 628 3137 693">
     <span class='ocr_line' id='line_1_55' title="bbox 2041 628 3137 693; baseline 0.003 -8"><span class='ocrx_word' id='word_1_361' title='bbox 2041 628 2464 688; x_wconf 83' lang='lat' dir='ltr'><strong>ACOPORUM</strong></span> <span class='ocrx_word' id='word_1_362' title='bbox 2507 629 3137 693; x_wconf 72' lang='lat' dir='ltr'><strong>COMPoslTloNBS.</strong></span> 
     </span>
    </p>
   </div>
   <div class='ocr_carea' id='block_1_5' title="bbox 1747 765 3070 5221">
    <p class='ocr_par' dir='ltr' id='par_1_15' title="bbox 1798 765 3070 1361">
     <span class='ocr_line' id='line_1_56' title="bbox 1808 765 2914 830; baseline 0.007 -18"><span class='ocrx_word' id='word_1_363' title='bbox 1808 765 2018 814; x_wconf 79' lang='lat' dir='ltr'><strong>Plurima</strong></span> <span class='ocrx_word' id='word_1_364' title='bbox 2037 766 2286 817; x_wconf 78' lang='lat' dir='ltr'><strong>medicinae</strong></span> <span class='ocrx_word' id='word_1_365' title='bbox 2302 781 2458 830; x_wconf 88' lang='lat' dir='ltr'><strong>quum</strong></span> <span class='ocrx_word' id='word_1_366' title='bbox 2475 769 2674 819; x_wconf 81' lang='lat' dir='ltr'><strong>studiosi</strong></span> <span class='ocrx_word' id='word_1_367' title='bbox 2694 770 2914 821; x_wconf 75' lang='lat' dir='ltr'>dictitent</span> 
     </span>
     <span class='ocr_line' id='line_1_57' title="bbox 1804 855 3024 922; baseline 0.007 -22"><span class='ocrx_word' id='word_1_368' title='bbox 1804 859 2073 916; x_wconf 74' lang='lat' dir='ltr'><strong>Acoporum</strong></span> <span class='ocrx_word' id='word_1_369' title='bbox 2092 855 2152 903; x_wconf 90' lang='lat' dir='ltr'>de</span> <span class='ocrx_word' id='word_1_370' title='bbox 2174 869 2265 904; x_wconf 83' lang='lat' dir='ltr'>usu</span> <span class='ocrx_word' id='word_1_371' title='bbox 2293 870 2759 921; x_wconf 78' lang='lat' dir='ltr'><strong>myracoporumque</strong></span> <span class='ocrx_word' id='word_1_372' title='bbox 2777 860 3024 922; x_wconf 84' lang='lat' dir='ltr'><strong>omnium,</strong></span> 
     </span>
     <span class='ocr_line' id='line_1_58' title="bbox 1805 942 3070 1009; baseline 0.008 -21"><span class='ocrx_word' id='word_1_373' title='bbox 1805 943 1944 1001; x_wconf 80' lang='lat' dir='ltr'><strong>llaec,</strong></span> <span class='ocrx_word' id='word_1_374' title='bbox 1971 956 2080 1004; x_wconf 82' lang='lat' dir='ltr'>quae</span> <span class='ocrx_word' id='word_1_375' title='bbox 2103 942 2251 1007; x_wconf 87' lang='lat' dir='ltr'><strong>sient,</strong></span> <span class='ocrx_word' id='word_1_376' title='bbox 2271 944 2428 994; x_wconf 85' lang='lat' dir='ltr'><strong>dicam</strong></span> <span class='ocrx_word' id='word_1_377' title='bbox 2447 948 2498 995; x_wconf 93' lang='lat' dir='ltr'>et</span> <span class='ocrx_word' id='word_1_378' title='bbox 2515 960 2612 1009; x_wconf 86' lang='lat' dir='ltr'>quo</span> <span class='ocrx_word' id='word_1_379' title='bbox 2631 948 2880 997; x_wconf 82' lang='lat' dir='ltr'><strong>conserant</strong></span> <span class='ocrx_word' id='word_1_380' title='bbox 2903 948 3070 1009; x_wconf 90' lang='lat' dir='ltr'><strong>modo,</strong></span> 
     </span>
     <span class='ocr_line' id='line_1_59' title="bbox 1800 1031 2930 1096; baseline 0.007 -20"><span class='ocrx_word' id='word_1_381' title='bbox 1800 1032 1967 1084; x_wconf 82' lang='lat' dir='ltr'><strong>Quave</strong></span> <span class='ocrx_word' id='word_1_382' title='bbox 1985 1031 2166 1081; x_wconf 89' lang='lat' dir='ltr'><strong>ratione</strong></span> <span class='ocrx_word' id='word_1_383' title='bbox 2185 1033 2329 1081; x_wconf 80' lang='lat' dir='ltr'><strong>facias</strong></span> <span class='ocrx_word' id='word_1_384' title='bbox 2349 1033 2578 1096; x_wconf 85' lang='lat' dir='ltr'><strong>quodque</strong></span> <span class='ocrx_word' id='word_1_385' title='bbox 2600 1036 2930 1096; x_wconf 84' lang='lat' dir='ltr'><strong>pharmacum.</strong></span> 
     </span>
     <span class='ocr_line' id='line_1_60' title="bbox 1802 1103 2980 1177; baseline 0.008 -12"><span class='ocrx_word' id='word_1_386' title='bbox 1802 1120 1923 1177; x_wconf 76' lang='lat' dir='ltr'><strong>Ergo</strong></span> <span class='ocrx_word' id='word_1_387' title='bbox 1942 1122 1991 1167; x_wconf 90' lang='lat' dir='ltr'>et</span> <span class='ocrx_word' id='word_1_388' title='bbox 2009 1103 2198 1169; x_wconf 73' lang='lat' dir='ltr'><strong>dolores</strong></span> <span class='ocrx_word' id='word_1_389' title='bbox 2219 1135 2477 1171; x_wconf 86' lang='lat' dir='ltr'><strong>nervorum</strong></span> <span class='ocrx_word' id='word_1_390' title='bbox 2507 1124 2612 1173; x_wconf 80' lang='lat' dir='ltr'>haec</span> <span class='ocrx_word' id='word_1_391' title='bbox 2634 1124 2797 1173; x_wconf 90' lang='lat' dir='ltr'><strong>omnia</strong></span> <span class='ocrx_word' id='word_1_392' title='bbox 2817 1126 2980 1177; x_wconf 81' lang='lat' dir='ltr'><strong>levant</strong></span> 
     </span>
     <span class='ocr_line' id='line_1_61' title="bbox 1800 1207 2967 1275; baseline 0.009 -22"><span class='ocrx_word' id='word_1_393' title='bbox 1800 1207 2062 1269; x_wconf 87' lang='lat' dir='ltr'><strong>carnisque</strong></span> <span class='ocrx_word' id='word_1_394' title='bbox 2081 1210 2269 1257; x_wconf 79' lang='lat' dir='ltr'><strong>cunctae</strong></span> <span class='ocrx_word' id='word_1_395' title='bbox 2285 1211 2334 1258; x_wconf 88' lang='lat' dir='ltr'>et</span> <span class='ocrx_word' id='word_1_396' title='bbox 2355 1212 2684 1261; x_wconf 77' lang='lat' dir='ltr'><strong>musculorum</strong></span> <span class='ocrx_word' id='word_1_397' title='bbox 2701 1250 2716 1273; x_wconf 92' lang='lat'><strong>,</strong></span> <span class='ocrx_word' id='word_1_398' title='bbox 2735 1212 2967 1275; x_wconf 79' lang='lat' dir='ltr'>originem</span> 
     </span>
     <span class='ocr_line' id='line_1_62' title="bbox 1798 1293 2768 1361; baseline 0.011 -22"><span class='ocrx_word' id='word_1_399' title='bbox 1798 1298 1833 1341; x_wconf 80' lang='grc' dir='ltr'><strong>Λ</strong></span> <span class='ocrx_word' id='word_1_400' title='bbox 1858 1293 2136 1345; x_wconf 82' lang='lat' dir='ltr'><strong>lassitudine</strong></span> <span class='ocrx_word' id='word_1_401' title='bbox 2161 1301 2246 1345; x_wconf 88' lang='lat' dir='ltr'>aut</span> <span class='ocrx_word' id='word_1_402' title='bbox 2265 1298 2438 1359; x_wconf 78' lang='lat' dir='ltr'><strong>frigore</strong></span> <span class='ocrx_word' id='word_1_403' title='bbox 2456 1299 2494 1358; x_wconf 72' lang='lat' dir='ltr'><strong>si</strong></span> <span class='ocrx_word' id='word_1_404' title='bbox 2513 1298 2768 1361; x_wconf 85' lang='lat' dir='ltr'><strong>duxerint,</strong></span> 
     </span>
    </p>

    <p class='ocr_par' dir='ltr' id='par_1_16' title="bbox 1797 1381 2924 1533">
     <span class='ocr_line' id='line_1_63' title="bbox 1798 1381 2924 1451; baseline 0.009 -22"><span class='ocrx_word' id='word_1_405' title='bbox 1798 1381 1986 1444; x_wconf 78' lang='lat' dir='ltr'>Absque</span> <span class='ocrx_word' id='word_1_406' title='bbox 2003 1383 2213 1433; x_wconf 77' lang='lat' dir='ltr'><strong>evidenti</strong></span> <span class='ocrx_word' id='word_1_407' title='bbox 2229 1398 2372 1435; x_wconf 84' lang='lat' dir='ltr'><strong>causa</strong></span> <span class='ocrx_word' id='word_1_408' title='bbox 2393 1389 2480 1436; x_wconf 82' lang='lat' dir='ltr'>aut</span> <span class='ocrx_word' id='word_1_409' title='bbox 2501 1386 2540 1435; x_wconf 88' lang='lat' dir='ltr'><strong>si</strong></span> <span class='ocrx_word' id='word_1_410' title='bbox 2564 1388 2924 1451; x_wconf 74' lang='lat' dir='ltr'><strong>inclnoaverint3</strong></span> 
     </span>
     <span class='ocr_line' id='line_1_64' title="bbox 1797 1469 2710 1533; baseline 0.008 -15"><span class='ocrx_word' id='word_1_411' title='bbox 1797 1469 1949 1529; x_wconf 77' lang='lat' dir='ltr'><strong>liujus</strong></span> <span class='ocrx_word' id='word_1_412' title='bbox 1969 1472 2156 1533; x_wconf 82' lang='lat' dir='ltr'><strong>generis</strong></span> <span class='ocrx_word' id='word_1_413' title='bbox 2177 1472 2366 1523; x_wconf 85' lang='lat' dir='ltr'><strong>dolores</strong></span> <span class='ocrx_word' id='word_1_414' title='bbox 2391 1476 2441 1523; x_wconf 85' lang='lat' dir='ltr'>et</span> <span class='ocrx_word' id='word_1_415' title='bbox 2468 1475 2710 1526; x_wconf 51' lang='lat' dir='ltr'><strong>molestias</strong></span> 
     </span>
    </p>

    <p class='ocr_par' dir='ltr' id='par_1_17' title="bbox 1794 1558 2850 1625">
     <span class='ocr_line' id='line_1_65' title="bbox 1794 1558 2850 1625; baseline 0.008 -18"><span class='ocrx_word' id='word_1_416' title='bbox 1794 1558 1976 1607; x_wconf 80' lang='lat' dir='ltr'><strong>Crebro</strong></span> <span class='ocrx_word' id='word_1_417' title='bbox 2001 1560 2208 1621; x_wconf 83' lang='lat' dir='ltr'><strong>perferre</strong></span> <span class='ocrx_word' id='word_1_418' title='bbox 2231 1563 2420 1623; x_wconf 86' lang='lat' dir='ltr'><strong>oportet</strong></span> <span class='ocrx_word' id='word_1_419' title='bbox 2442 1562 2532 1613; x_wconf 85' lang='lat' dir='ltr'>hos</span> <span class='ocrx_word' id='word_1_420' title='bbox 2549 1564 2632 1625; x_wconf 91' lang='lat' dir='ltr'><strong>qui</strong></span> <span class='ocrx_word' id='word_1_421' title='bbox 2655 1564 2850 1615; x_wconf 85' lang='lat' dir='ltr'><strong>obnoxii</strong></span> 
     </span>
    </p>

    <p class='ocr_par' dir='ltr' id='par_1_18' title="bbox 1794 1645 2801 1715">
     <span class='ocr_line' id='line_1_66' title="bbox 1794 1645 2801 1715; baseline 0.009 -23"><span class='ocrx_word' id='word_1_422' title='bbox 1794 1649 1917 1694; x_wconf 83' lang='lat' dir='ltr'><strong>Sunt</strong></span> <span class='ocrx_word' id='word_1_423' title='bbox 1943 1645 2208 1697; x_wconf 79' lang='lat' dir='ltr'><strong>lassitudini</strong></span> <span class='ocrx_word' id='word_1_424' title='bbox 2228 1648 2490 1698; x_wconf 83' lang='lat' dir='ltr'><strong>admodum</strong></span> <span class='ocrx_word' id='word_1_425' title='bbox 2511 1652 2587 1700; x_wconf 80' lang='lat' dir='ltr'><strong>vel</strong></span> <span class='ocrx_word' id='word_1_426' title='bbox 2614 1652 2801 1715; x_wconf 77' lang='lat' dir='ltr'><strong>frigori,</strong></span> 
     </span>
    </p>

    <p class='ocr_par' dir='ltr' id='par_1_19' title="bbox 1790 1733 2770 1798">
     <span class='ocr_line' id='line_1_67' title="bbox 1790 1733 2770 1798; baseline 0.009 -18"><span class='ocrx_word' id='word_1_427' title='bbox 1790 1733 1835 1781; x_wconf 79' lang='lat' dir='ltr'><strong>si</strong></span> <span class='ocrx_word' id='word_1_428' title='bbox 1856 1734 1990 1783; x_wconf 86' lang='lat' dir='ltr'><strong>uncti</strong></span> <span class='ocrx_word' id='word_1_429' title='bbox 2014 1734 2144 1795; x_wconf 86' lang='lat' dir='ltr'><strong>prius</strong></span> <span class='ocrx_word' id='word_1_430' title='bbox 2165 1736 2232 1784; x_wconf 88' lang='lat' dir='ltr'>ita</span> <span class='ocrx_word' id='word_1_431' title='bbox 2261 1736 2494 1798; x_wconf 80' lang='lat' dir='ltr'><strong>prodeant</strong></span> <span class='ocrx_word' id='word_1_432' title='bbox 2517 1738 2582 1787; x_wconf 82' lang='lat' dir='ltr'>ad</span> <span class='ocrx_word' id='word_1_433' title='bbox 2605 1741 2770 1789; x_wconf 83' lang='lat' dir='ltr'><strong>munia</strong></span> 
     </span>
    </p>

    <p class='ocr_par' dir='ltr' id='par_1_20' title="bbox 1792 1822 2717 1889">
     <span class='ocr_line' id='line_1_68' title="bbox 1792 1822 2717 1889; baseline 0.009 -22"><span class='ocrx_word' id='word_1_434' title='bbox 1792 1822 1912 1869; x_wconf 79' lang='lat' dir='ltr'><strong>Vilae</strong></span> <span class='ocrx_word' id='word_1_435' title='bbox 1937 1824 2202 1871; x_wconf 45' lang='lat' dir='ltr'><strong>necessaria</strong></span> <span class='ocrx_word' id='word_1_436' title='bbox 2227 1824 2476 1885; x_wconf 81' lang='lat' dir='ltr'><strong>obeu&#39;nda;</strong></span> <span class='ocrx_word' id='word_1_437' title='bbox 2508 1828 2717 1889; x_wconf 85' lang='lat' dir='ltr'><strong>corporis</strong></span> 
     </span>
    </p>

    <p class='ocr_par' dir='ltr' id='par_1_21' title="bbox 1790 1910 2707 1975">
     <span class='ocr_line' id='line_1_69' title="bbox 1790 1910 2707 1975; baseline 0.009 -19"><span class='ocrx_word' id='word_1_438' title='bbox 1790 1910 1848 1956; x_wconf 82' lang='lat' dir='ltr'><strong>Et</strong></span> <span class='ocrx_word' id='word_1_439' title='bbox 1867 1922 2009 1959; x_wconf 84' lang='lat' dir='ltr'><strong>carne</strong></span> <span class='ocrx_word' id='word_1_440' title='bbox 2036 1913 2195 1972; x_wconf 86' lang='lat' dir='ltr'><strong>partes</strong></span> <span class='ocrx_word' id='word_1_441' title='bbox 2216 1912 2395 1973; x_wconf 83' lang='lat' dir='ltr'><strong>pabulo</strong></span> <span class='ocrx_word' id='word_1_442' title='bbox 2415 1914 2596 1975; x_wconf 83' lang='lat' dir='ltr'><strong>indigas</strong></span> <span class='ocrx_word' id='word_1_443' title='bbox 2619 1929 2707 1964; x_wconf 86' lang='lat' dir='ltr'>suo</span> 
     </span>
    </p>

    <p class='ocr_par' dir='ltr' id='par_1_22' title="bbox 1790 1999 2886 2062">
     <span class='ocr_line' id='line_1_70' title="bbox 1790 1999 2886 2062; baseline 0.008 -19"><span class='ocrx_word' id='word_1_444' title='bbox 1790 1999 2017 2058; x_wconf 57' lang='lat' dir='ltr'><strong>finitent,</strong></span> <span class='ocrx_word' id='word_1_445' title='bbox 2041 2000 2281 2059; x_wconf 85' lang='lat' dir='ltr'><strong>perunctis</strong></span> <span class='ocrx_word' id='word_1_446' title='bbox 2303 2006 2547 2062; x_wconf 86' lang='lat' dir='ltr'><strong>assumpto</strong></span> <span class='ocrx_word' id='word_1_447' title='bbox 2567 2016 2598 2049; x_wconf 84' lang='lat' dir='ltr'>a</span> <span class='ocrx_word' id='word_1_448' title='bbox 2620 2002 2728 2051; x_wconf 91' lang='lat' dir='ltr'><strong>cibo</strong></span> <span class='ocrx_word' id='word_1_449' title='bbox 2752 2002 2886 2052; x_wconf 88' lang='lat' dir='ltr'><strong>locis.</strong></span> 
     </span>
    </p>

    <p class='ocr_par' dir='ltr' id='par_1_23' title="bbox 1782 2085 2978 2415">
     <span class='ocr_line' id='line_1_71' title="bbox 1786 2085 2978 2152; baseline 0.008 -22"><span class='ocrx_word' id='word_1_450' title='bbox 1786 2085 1878 2141; x_wconf 87' lang='lat' dir='ltr'><strong>Qui</strong></span> <span class='ocrx_word' id='word_1_451' title='bbox 1900 2086 2243 2135; x_wconf 82' lang='lat' dir='ltr'><strong>convalescunt</strong></span> <span class='ocrx_word' id='word_1_452' title='bbox 2264 2101 2417 2149; x_wconf 80' lang='lat' dir='ltr'><strong>aegre,</strong></span> <span class='ocrx_word' id='word_1_453' title='bbox 2439 2089 2526 2137; x_wconf 87' lang='lat' dir='ltr'>hos</span> <span class='ocrx_word' id='word_1_454' title='bbox 2549 2092 2598 2138; x_wconf 90' lang='lat' dir='ltr'>et</span> <span class='ocrx_word' id='word_1_455' title='bbox 2627 2103 2763 2139; x_wconf 86' lang='lat' dir='ltr'><strong>senes</strong></span> <span class='ocrx_word' id='word_1_456' title='bbox 2780 2091 2978 2152; x_wconf 82' lang='lat' dir='ltr'><strong>juvant,</strong></span> 
     </span>
     <span class='ocr_line' id='line_1_72' title="bbox 1786 2173 2890 2237; baseline 0.008 -17"><span class='ocrx_word' id='word_1_457' title='bbox 1786 2173 1902 2234; x_wconf 82' lang='lat' dir='ltr'><strong>lpsis</strong></span> <span class='ocrx_word' id='word_1_458' title='bbox 1929 2186 2012 2235; x_wconf 87' lang='lat' dir='ltr'>per</span> <span class='ocrx_word' id='word_1_459' title='bbox 2025 2174 2246 2235; x_wconf 83' lang='lat' dir='ltr'><strong>hyemem</strong></span> <span class='ocrx_word' id='word_1_460' title='bbox 2267 2174 2330 2223; x_wconf 86' lang='lat' dir='ltr'>ad</span> <span class='ocrx_word' id='word_1_461' title='bbox 2354 2190 2598 2237; x_wconf 74' lang='lat' dir='ltr'><strong>voeperam</strong></span> <span class='ocrx_word' id='word_1_462' title='bbox 2613 2177 2890 2231; x_wconf 83' lang='lat' dir='ltr'><strong>liuentibus.</strong></span> 
     </span>
     <span class='ocr_line' id='line_1_73' title="bbox 1782 2260 2976 2327; baseline 0.004 -19"><span class='ocrx_word' id='word_1_463' title='bbox 1782 2263 1902 2316; x_wconf 81' lang='lat' dir='ltr'>Quae</span> <span class='ocrx_word' id='word_1_464' title='bbox 1922 2260 2066 2310; x_wconf 78' lang='lat' dir='ltr'><strong>faciat</strong></span> <span class='ocrx_word' id='word_1_465' title='bbox 2089 2262 2315 2324; x_wconf 90' lang='lat' dir='ltr'><strong>quodque</strong></span> <span class='ocrx_word' id='word_1_466' title='bbox 2336 2276 2542 2325; x_wconf 87' lang='lat' dir='ltr'><strong>acopum</strong></span> <span class='ocrx_word' id='word_1_467' title='bbox 2557 2302 2573 2327; x_wconf 94' lang='lat'><strong>,</strong></span> <span class='ocrx_word' id='word_1_468' title='bbox 2594 2265 2689 2315; x_wconf 85' lang='lat' dir='ltr'><strong>alio</strong></span> <span class='ocrx_word' id='word_1_469' title='bbox 2707 2266 2846 2315; x_wconf 80' lang='lat' dir='ltr'><strong>vobis</strong></span> <span class='ocrx_word' id='word_1_470' title='bbox 2870 2266 2976 2315; x_wconf 71' lang='lat' dir='ltr'><strong>lom</strong></span> 
     </span>
     <span class='ocr_line' id='line_1_74' title="bbox 1784 2350 2822 2415; baseline 0.006 -19"><span class='ocrx_word' id='word_1_471' title='bbox 1784 2350 2051 2409; x_wconf 79' lang='lat' dir='ltr'><strong>Exponam,</strong></span> <span class='ocrx_word' id='word_1_472' title='bbox 2075 2362 2245 2398; x_wconf 88' lang='lat' dir='ltr'><strong>eorum</strong></span> <span class='ocrx_word' id='word_1_473' title='bbox 2263 2364 2406 2399; x_wconf 87' lang='lat' dir='ltr'><strong>usum</strong></span> <span class='ocrx_word' id='word_1_474' title='bbox 2425 2350 2822 2415; x_wconf 79' lang='lat' dir='ltr'><strong>descriptionibus</strong></span> 
     </span>
    </p>

    <p class='ocr_par' dir='ltr' id='par_1_24' title="bbox 1774 2436 3045 2853">
     <span class='ocr_line' id='line_1_75' title="bbox 1780 2436 3045 2503; baseline 0.005 -20"><span class='ocrx_word' id='word_1_475' title='bbox 1780 2436 1867 2484; x_wconf 83' lang='lat' dir='ltr'><strong>Vel</strong></span> <span class='ocrx_word' id='word_1_476' title='bbox 1892 2436 2180 2498; x_wconf 84' lang='lat' dir='ltr'><strong>subjungens</strong></span> <span class='ocrx_word' id='word_1_477' title='bbox 2207 2438 2285 2487; x_wconf 79' lang='lat' dir='ltr'><strong>vel</strong></span> <span class='ocrx_word' id='word_1_478' title='bbox 2305 2439 2602 2500; x_wconf 64' lang='lat' dir='ltr'><strong>praemittens</strong></span> <span class='ocrx_word' id='word_1_479' title='bbox 2625 2440 2804 2503; x_wconf 83' lang='lat' dir='ltr'><strong>passim</strong></span> <span class='ocrx_word' id='word_1_480' title='bbox 2822 2454 3045 2503; x_wconf 80' lang='lat' dir='ltr'><strong>quoque;</strong></span> 
     </span>
     <span class='ocr_line' id='line_1_76' title="bbox 1778 2524 3030 2588; baseline 0.005 -17"><span class='ocrx_word' id='word_1_481' title='bbox 1778 2525 1917 2571; x_wconf 87' lang='lat' dir='ltr'><strong>Nunc</strong></span> <span class='ocrx_word' id='word_1_482' title='bbox 1932 2524 2134 2573; x_wconf 74' lang='lat' dir='ltr'><strong>referam</strong></span> <span class='ocrx_word' id='word_1_483' title='bbox 2154 2539 2250 2587; x_wconf 91' lang='lat' dir='ltr'>quo</span> <span class='ocrx_word' id='word_1_484' title='bbox 2272 2526 2484 2588; x_wconf 87' lang='lat' dir='ltr'><strong>primum</strong></span> <span class='ocrx_word' id='word_1_485' title='bbox 2509 2524 2651 2577; x_wconf 80' lang='lat' dir='ltr'><strong>liceat</strong></span> <span class='ocrx_word' id='word_1_486' title='bbox 2674 2527 2830 2577; x_wconf 73' lang='lat' dir='ltr'><strong>facere</strong></span> <span class='ocrx_word' id='word_1_487' title='bbox 2849 2528 2994 2577; x_wconf 87' lang='lat' dir='ltr'><strong>modo</strong></span> <span class='ocrx_word' id='word_1_488' title='bbox 3018 2548 3030 2577; x_wconf 73' lang='grc' dir='ltr'><strong><em>ε</em></strong></span> 
     </span>
     <span class='ocr_line' id='line_1_77' title="bbox 1776 2614 3030 2677; baseline 0.006 -19"><span class='ocrx_word' id='word_1_489' title='bbox 1776 2614 1994 2673; x_wconf 81' lang='lat' dir='ltr'><strong>Namque</strong></span> <span class='ocrx_word' id='word_1_490' title='bbox 2016 2614 2304 2662; x_wconf 80' lang='lat' dir='ltr'><strong>ammoniaci</strong></span> <span class='ocrx_word' id='word_1_491' title='bbox 2325 2614 2398 2664; x_wconf 84' lang='lat' dir='ltr'><strong>bis</strong></span> <span class='ocrx_word' id='word_1_492' title='bbox 2424 2614 2594 2677; x_wconf 75' lang='lat' dir='ltr'><strong>quinas</strong></span> <span class='ocrx_word' id='word_1_493' title='bbox 2611 2616 2808 2677; x_wconf 87' lang='lat' dir='ltr'><strong>quidem</strong></span> <span class='ocrx_word' id='word_1_494' title='bbox 2833 2616 2998 2665; x_wconf 80' lang='lat' dir='ltr'><strong>uncias</strong></span> <span class='ocrx_word' id='word_1_495' title='bbox 3017 2653 3030 2675; x_wconf 88' lang='lat'><strong>,</strong></span> 
     </span>
     <span class='ocr_line' id='line_1_78' title="bbox 1774 2700 2930 2765; baseline 0.003 -17"><span class='ocrx_word' id='word_1_496' title='bbox 1774 2700 1883 2748; x_wconf 86' lang='lat' dir='ltr'><strong>Sive</strong></span> <span class='ocrx_word' id='word_1_497' title='bbox 1906 2701 2070 2750; x_wconf 84' lang='lat' dir='ltr'><strong>uncias</strong></span> <span class='ocrx_word' id='word_1_498' title='bbox 2093 2702 2278 2751; x_wconf 83' lang='lat' dir='ltr'><strong>mavult</strong></span> <span class='ocrx_word' id='word_1_499' title='bbox 2299 2702 2439 2764; x_wconf 83' lang='lat' dir='ltr'><strong>quis,</strong></span> <span class='ocrx_word' id='word_1_500' title='bbox 2457 2714 2544 2753; x_wconf 81' lang='lat' dir='ltr'><strong>seu</strong></span> <span class='ocrx_word' id='word_1_501' title='bbox 2567 2702 2756 2765; x_wconf 79' lang='lat' dir='ltr'><strong>pondus</strong></span> <span class='ocrx_word' id='word_1_502' title='bbox 2773 2703 2930 2763; x_wconf 86' lang='lat' dir='ltr'><strong>aliud,</strong></span> 
     </span>
     <span class='ocr_line' id='line_1_79' title="bbox 1774 2786 2791 2853; baseline 0.007 -20"><span class='ocrx_word' id='word_1_503' title='bbox 1774 2786 2005 2849; x_wconf 75' lang='lat' dir='ltr'><strong>idemque</strong></span> <span class='ocrx_word' id='word_1_504' title='bbox 2021 2788 2203 2849; x_wconf 83' lang='lat' dir='ltr'><strong>thuris,</strong></span> <span class='ocrx_word' id='word_1_505' title='bbox 2223 2789 2275 2838; x_wconf 89' lang='lat' dir='ltr'>at</span> <span class='ocrx_word' id='word_1_506' title='bbox 2298 2791 2557 2851; x_wconf 81' lang='lat' dir='ltr'><strong>quaternas</strong></span> <span class='ocrx_word' id='word_1_507' title='bbox 2577 2790 2791 2853; x_wconf 80' lang='lat' dir='ltr'><strong>galbani,</strong></span> 
     </span>
    </p>

    <p class='ocr_par' dir='ltr' id='par_1_25' title="bbox 1768 2875 2904 3381">
     <span class='ocr_line' id='line_1_80' title="bbox 1772 2875 2846 2942; baseline 0.003 -16"><span class='ocrx_word' id='word_1_508' title='bbox 1772 2875 1914 2926; x_wconf 81' lang='lat' dir='ltr'><strong>Cervi</strong></span> <span class='ocrx_word' id='word_1_509' title='bbox 1935 2876 2158 2926; x_wconf 68' lang='lat' dir='ltr'><strong>medullae</strong></span> <span class='ocrx_word' id='word_1_510' title='bbox 2176 2876 2250 2927; x_wconf 89' lang='lat' dir='ltr'><strong>bis</strong></span> <span class='ocrx_word' id='word_1_511' title='bbox 2267 2877 2648 2942; x_wconf 78' lang='lat' dir='ltr'><strong>tantundemque</strong></span> <span class='ocrx_word' id='word_1_512' title='bbox 2659 2914 2675 2940; x_wconf 93' lang='lat'><strong>,</strong></span> <span class='ocrx_word' id='word_1_513' title='bbox 2693 2880 2846 2942; x_wconf 74' lang='lat' dir='ltr'><strong>oesypl</strong></span> 
     </span>
     <span class='ocr_line' id='line_1_81' title="bbox 1772 2965 2775 3027; baseline 0.005 -16"><span class='ocrx_word' id='word_1_514' title='bbox 1772 2967 1942 3012; x_wconf 84' lang='lat' dir='ltr'><strong>Parem</strong></span> <span class='ocrx_word' id='word_1_515' title='bbox 1967 2966 2164 3014; x_wconf 88' lang='lat' dir='ltr'><strong>modum</strong></span> <span class='ocrx_word' id='word_1_516' title='bbox 2185 2965 2356 3016; x_wconf 89' lang='lat' dir='ltr'><strong>deinde</strong></span> <span class='ocrx_word' id='word_1_517' title='bbox 2379 2967 2581 3016; x_wconf 87' lang='lat' dir='ltr'><strong>mittunt</strong></span> <span class='ocrx_word' id='word_1_518' title='bbox 2602 2967 2775 3027; x_wconf 77' lang='lat' dir='ltr'><strong>Attici3</strong></span> 
     </span>
     <span class='ocr_line' id='line_1_82' title="bbox 1770 3053 2861 3117; baseline 0.004 -16"><span class='ocrx_word' id='word_1_519' title='bbox 1770 3053 2120 3103; x_wconf 72' lang='lat' dir='ltr'><strong>&#39;terebinthinae</strong></span> <span class='ocrx_word' id='word_1_520' title='bbox 2137 3054 2386 3116; x_wconf 66' lang='lat' dir='ltr'><strong>pellucidae</strong></span> <span class='ocrx_word' id='word_1_521' title='bbox 2410 3068 2604 3117; x_wconf 88' lang='lat' dir='ltr'><strong>quoque</strong></span> <span class='ocrx_word' id='word_1_522' title='bbox 2623 3055 2694 3104; x_wconf 89' lang='lat' dir='ltr'><strong>bis</strong></span> <span class='ocrx_word' id='word_1_523' title='bbox 2716 3054 2861 3116; x_wconf 77' lang='lat' dir='ltr'><strong>duas3</strong></span> 
     </span>
     <span class='ocr_line' id='line_1_83' title="bbox 1768 3141 2747 3204; baseline 0.003 -15"><span class='ocrx_word' id='word_1_524' title='bbox 1768 3141 1924 3190; x_wconf 83' lang='lat' dir='ltr'><strong>Mellis</strong></span> <span class='ocrx_word' id='word_1_525' title='bbox 1942 3142 2145 3191; x_wconf 88' lang='lat' dir='ltr'><strong>recentis</strong></span> <span class='ocrx_word' id='word_1_526' title='bbox 2168 3142 2338 3204; x_wconf 89' lang='lat' dir='ltr'><strong>optimi</strong></span> <span class='ocrx_word' id='word_1_527' title='bbox 2362 3155 2528 3192; x_wconf 85' lang='lat' dir='ltr'><strong>rursus</strong></span> <span class='ocrx_word' id='word_1_528' title='bbox 2549 3141 2747 3204; x_wconf 63' lang='lat' dir='ltr'><strong>decenn</strong></span> 
     </span>
     <span class='ocr_line' id='line_1_84' title="bbox 1768 3230 2904 3292; baseline 0.003 -16"><span class='ocrx_word' id='word_1_529' title='bbox 1768 3230 2022 3290; x_wconf 81' lang='lat' dir='ltr'><strong>AEqualem</strong></span> <span class='ocrx_word' id='word_1_530' title='bbox 2048 3230 2269 3279; x_wconf 83' lang='lat' dir='ltr'><strong>tribuunt</strong></span> <span class='ocrx_word' id='word_1_531' title='bbox 2287 3243 2410 3280; x_wconf 79' lang='lat' dir='ltr'><strong>eerae</strong></span> <span class='ocrx_word' id='word_1_532' title='bbox 2438 3231 2652 3280; x_wconf 79' lang='lat' dir='ltr'><strong>Ponticoe</strong></span> <span class='ocrx_word' id='word_1_533' title='bbox 2676 3230 2904 3292; x_wconf 78' lang='lat' dir='ltr'><strong>modum3</strong></span> 
     </span>
     <span class='ocr_line' id='line_1_85' title="bbox 1768 3317 2742 3381; baseline 0.004 -18"><span class='ocrx_word' id='word_1_534' title='bbox 1768 3317 1931 3379; x_wconf 67' lang='lat' dir='ltr'><strong>adipis</strong></span> <span class='ocrx_word' id='word_1_535' title='bbox 1949 3317 2154 3368; x_wconf 84' lang='lat' dir='ltr'><strong>recentis</strong></span> <span class='ocrx_word' id='word_1_536' title='bbox 2170 3317 2350 3376; x_wconf 79' lang='lat' dir='ltr'><strong>anseris</strong></span> <span class='ocrx_word' id='word_1_537' title='bbox 2367 3318 2525 3368; x_wconf 82' lang='lat' dir='ltr'><strong>mollis</strong></span> <span class='ocrx_word' id='word_1_538' title='bbox 2545 3318 2742 3381; x_wconf 77' lang='lat' dir='ltr'><strong>deoem;</strong></span> 
     </span>
    </p>

    <p class='ocr_par' dir='ltr' id='par_1_26' title="bbox 1770 3405 2836 3468">
     <span class='ocr_line' id='line_1_86' title="bbox 1770 3405 2836 3468; baseline 0.005 -18"><span class='ocrx_word' id='word_1_539' title='bbox 1770 3405 1876 3452; x_wconf 87' lang='lat' dir='ltr'><strong>Vini</strong></span> <span class='ocrx_word' id='word_1_540' title='bbox 1901 3405 2088 3454; x_wconf 83' lang='lat' dir='ltr'><strong>Falerni</strong></span> <span class='ocrx_word' id='word_1_541' title='bbox 2113 3406 2324 3468; x_wconf 90' lang='lat' dir='ltr'><strong>quinque</strong></span> <span class='ocrx_word' id='word_1_542' title='bbox 2352 3407 2572 3468; x_wconf 81' lang='lat' dir='ltr'><strong>pluresve</strong></span> <span class='ocrx_word' id='word_1_543' title='bbox 2593 3406 2836 3468; x_wconf 83' lang='lat' dir='ltr'><strong>heminas,</strong></span> 
     </span>
    </p>

    <p class='ocr_par' dir='ltr' id='par_1_27' title="bbox 1764 3493 2796 3644">
     <span class='ocr_line' id='line_1_87' title="bbox 1764 3493 2796 3557; baseline 0.004 -17"><span class='ocrx_word' id='word_1_544' title='bbox 1764 3495 1861 3540; x_wconf 77' lang='lat' dir='ltr'>Ant</span> <span class='ocrx_word' id='word_1_545' title='bbox 1887 3493 2135 3554; x_wconf 69' lang='lat' dir='ltr'><strong>pauciores</strong></span> <span class='ocrx_word' id='word_1_546' title='bbox 2156 3495 2301 3555; x_wconf 88' lang='lat' dir='ltr'><strong>paulo</strong></span> <span class='ocrx_word' id='word_1_547' title='bbox 2327 3495 2550 3555; x_wconf 81' lang='lat' dir='ltr'><strong>injiciunt</strong></span> <span class='ocrx_word' id='word_1_548' title='bbox 2575 3507 2796 3557; x_wconf 79' lang='lat' dir='ltr'><strong>quoque;</strong></span> 
     </span>
     <span class='ocr_line' id='line_1_88' title="bbox 1764 3580 2690 3644; baseline 0.003 -17"><span class='ocrx_word' id='word_1_549' title='bbox 1764 3580 1936 3629; x_wconf 86' lang='lat' dir='ltr'><strong>ltidem</strong></span> <span class='ocrx_word' id='word_1_550' title='bbox 1957 3581 2048 3629; x_wconf 89' lang='lat' dir='ltr'><strong>olei</strong></span> <span class='ocrx_word' id='word_1_551' title='bbox 2071 3582 2246 3631; x_wconf 82' lang='lat' dir='ltr'><strong>veteris</strong></span> <span class='ocrx_word' id='word_1_552' title='bbox 2265 3582 2338 3632; x_wconf 85' lang='lat' dir='ltr'><strong>bis</strong></span> <span class='ocrx_word' id='word_1_553' title='bbox 2357 3581 2525 3644; x_wconf 82' lang='lat' dir='ltr'><strong>viginti</strong></span> <span class='ocrx_word' id='word_1_554' title='bbox 2547 3581 2690 3644; x_wconf 87' lang='lat' dir='ltr'><strong>boni;</strong></span> 
     </span>
    </p>

    <p class='ocr_par' dir='ltr' id='par_1_28' title="bbox 1761 3667 2965 3908">
     <span class='ocr_line' id='line_1_89' title="bbox 1766 3667 2934 3732; baseline 0.001 -16"><span class='ocrx_word' id='word_1_555' title='bbox 1766 3667 1813 3716; x_wconf 87' lang='lat' dir='ltr'><strong>ld</strong></span> <span class='ocrx_word' id='word_1_556' title='bbox 1834 3671 1996 3718; x_wconf 87' lang='lat' dir='ltr'><strong>autem</strong></span> <span class='ocrx_word' id='word_1_557' title='bbox 2019 3671 2296 3731; x_wconf 83' lang='lat' dir='ltr'><strong>graveolens</strong></span> <span class='ocrx_word' id='word_1_558' title='bbox 2323 3682 2588 3732; x_wconf 90' lang='lat' dir='ltr'><strong>numquam</strong></span> <span class='ocrx_word' id='word_1_559' title='bbox 2606 3670 2900 3720; x_wconf 75' lang='lat' dir='ltr'><strong>commiseris</strong></span> <span class='ocrx_word' id='word_1_560' title='bbox 2921 3685 2934 3717; x_wconf 92' lang='lat'>:</span> 
     </span>
     <span class='ocr_line' id='line_1_90' title="bbox 1761 3757 2965 3822; baseline 0.002 -16"><span class='ocrx_word' id='word_1_561' title='bbox 1761 3757 1837 3806; x_wconf 88' lang='lat' dir='ltr'><strong>Sic</strong></span> <span class='ocrx_word' id='word_1_562' title='bbox 1858 3770 2066 3819; x_wconf 88' lang='lat' dir='ltr'><strong>namque</strong></span> <span class='ocrx_word' id='word_1_563' title='bbox 2083 3759 2194 3820; x_wconf 82' lang='lat' dir='ltr'><strong>fiet,</strong></span> <span class='ocrx_word' id='word_1_564' title='bbox 2217 3762 2404 3822; x_wconf 82' lang='lat' dir='ltr'><strong>gratum</strong></span> <span class='ocrx_word' id='word_1_565' title='bbox 2429 3760 2484 3807; x_wconf 88' lang='lat' dir='ltr'><strong>ut</strong></span> <span class='ocrx_word' id='word_1_566' title='bbox 2507 3760 2569 3808; x_wconf 80' lang='lat' dir='ltr'>sit</span> <span class='ocrx_word' id='word_1_567' title='bbox 2591 3759 2684 3808; x_wconf 88' lang='lat' dir='ltr'>hoc</span> <span class='ocrx_word' id='word_1_568' title='bbox 2707 3757 2965 3808; x_wconf 56' lang='lat' dir='ltr'><strong>utentibus</strong></span> 
     </span>
     <span class='ocr_line' id='line_1_91' title="bbox 1764 3845 2692 3908; baseline 0.002 -16"><span class='ocrx_word' id='word_1_569' title='bbox 1764 3848 1958 3894; x_wconf 80' lang='lat' dir='ltr'><strong>Paratur</strong></span> <span class='ocrx_word' id='word_1_570' title='bbox 1979 3847 2050 3896; x_wconf 87' lang='lat' dir='ltr'><strong>sic</strong></span> <span class='ocrx_word' id='word_1_571' title='bbox 2071 3860 2082 3893; x_wconf 74' lang='grc' dir='ltr'>ι</span> <span class='ocrx_word' id='word_1_572' title='bbox 2109 3845 2375 3908; x_wconf 78' lang='lat' dir='ltr'><strong>majusculo</strong></span> <span class='ocrx_word' id='word_1_573' title='bbox 2393 3846 2444 3894; x_wconf 91' lang='lat' dir='ltr'>in</span> <span class='ocrx_word' id='word_1_574' title='bbox 2462 3845 2692 3894; x_wconf 86' lang='lat' dir='ltr'><strong>mortario</strong></span> 
     </span>
    </p>

    <p class='ocr_par' dir='ltr' id='par_1_29' title="bbox 1759 3933 2852 3996">
     <span class='ocr_line' id='line_1_92' title="bbox 1759 3933 2852 3996; baseline 0.002 -14"><span class='ocrx_word' id='word_1_575' title='bbox 1759 3935 1849 3982; x_wconf 85' lang='lat' dir='ltr'><strong>Ubi</strong></span> <span class='ocrx_word' id='word_1_576' title='bbox 1870 3935 1982 3984; x_wconf 84' lang='lat' dir='ltr'><strong>thus</strong></span> <span class='ocrx_word' id='word_1_577' title='bbox 1998 3935 2049 3984; x_wconf 92' lang='lat' dir='ltr'>in</span> <span class='ocrx_word' id='word_1_578' title='bbox 2065 3948 2263 3996; x_wconf 85' lang='lat' dir='ltr'><strong>grumos</strong></span> <span class='ocrx_word' id='word_1_579' title='bbox 2285 3947 2546 3996; x_wconf 75' lang='lat' dir='ltr'><strong>perparvus</strong></span> <span class='ocrx_word' id='word_1_580' title='bbox 2564 3933 2852 3994; x_wconf 76' lang='lat' dir='ltr'><strong>confregeris</strong></span> 
     </span>
    </p>

    <p class='ocr_par' dir='ltr' id='par_1_30' title="bbox 1760 4021 2957 4169">
     <span class='ocr_line' id='line_1_93' title="bbox 1762 4021 2957 4084; baseline 0.002 -14"><span class='ocrx_word' id='word_1_581' title='bbox 1762 4025 1818 4070; x_wconf 70' lang='lat' dir='ltr'><strong>lit</strong></span> <span class='ocrx_word' id='word_1_582' title='bbox 1840 4023 2221 4081; x_wconf 87' lang='lat' dir='ltr'><strong>ammoniacum,</strong></span> <span class='ocrx_word' id='word_1_583' title='bbox 2244 4022 2411 4070; x_wconf 84' lang='lat' dir='ltr'><strong>vinum</strong></span> <span class='ocrx_word' id='word_1_584' title='bbox 2435 4021 2688 4071; x_wconf 76' lang='lat' dir='ltr'><strong>affundens</strong></span> <span class='ocrx_word' id='word_1_585' title='bbox 2711 4023 2928 4084; x_wconf 86' lang='lat' dir='ltr'><strong>protinus</strong></span> <span class='ocrx_word' id='word_1_586' title='bbox 2944 4059 2957 4080; x_wconf 88' lang='lat'><strong>,</strong></span> 
     </span>
     <span class='ocr_line' id='line_1_94' title="bbox 1760 4109 2735 4169; baseline 0.001 -12"><span class='ocrx_word' id='word_1_587' title='bbox 1760 4113 1871 4159; x_wconf 76' lang='lat' dir='ltr'><strong>llaec</strong></span> <span class='ocrx_word' id='word_1_588' title='bbox 1891 4111 2121 4159; x_wconf 88' lang='lat' dir='ltr'><strong>macerari</strong></span> <span class='ocrx_word' id='word_1_589' title='bbox 2143 4110 2388 4159; x_wconf 82' lang='lat' dir='ltr'><strong>dimittens</strong></span> <span class='ocrx_word' id='word_1_590' title='bbox 2411 4109 2735 4169; x_wconf 86' lang='lat' dir='ltr'><strong>mediocriter,</strong></span> 
     </span>
    </p>

    <p class='ocr_par' dir='ltr' id='par_1_31' title="bbox 1754 4196 2912 4523">
     <span class='ocr_line' id='line_1_95' title="bbox 1757 4196 2904 4261; baseline -0.003 -13"><span class='ocrx_word' id='word_1_591' title='bbox 1757 4203 1873 4248; x_wconf 82' lang='lat' dir='ltr'><strong>Tere</strong></span> <span class='ocrx_word' id='word_1_592' title='bbox 1900 4199 2075 4261; x_wconf 87' lang='lat' dir='ltr'><strong>pistillo</strong></span> <span class='ocrx_word' id='word_1_593' title='bbox 2089 4235 2104 4258; x_wconf 89' lang='lat'><strong>,</strong></span> <span class='ocrx_word' id='word_1_594' title='bbox 2135 4200 2280 4260; x_wconf 87' lang='lat' dir='ltr'><strong>atque</strong></span> <span class='ocrx_word' id='word_1_595' title='bbox 2303 4198 2353 4247; x_wconf 91' lang='lat' dir='ltr'>in</span> <span class='ocrx_word' id='word_1_596' title='bbox 2374 4197 2530 4248; x_wconf 86' lang='lat' dir='ltr'><strong>mellis</strong></span> <span class='ocrx_word' id='word_1_597' title='bbox 2551 4196 2904 4259; x_wconf 75' lang='lat' dir='ltr'><strong>spissitudinem</strong></span> 
     </span>
     <span class='ocr_line' id='line_1_96' title="bbox 1756 4286 2803 4350; baseline -0.002 -14"><span class='ocrx_word' id='word_1_598' title='bbox 1756 4289 1945 4336; x_wconf 83' lang='lat' dir='ltr'><strong>Coactis</strong></span> <span class='ocrx_word' id='word_1_599' title='bbox 1967 4286 2130 4335; x_wconf 87' lang='lat' dir='ltr'><strong>addito</strong></span> <span class='ocrx_word' id='word_1_600' title='bbox 2147 4287 2241 4336; x_wconf 91' lang='lat' dir='ltr'>mel</span> <span class='ocrx_word' id='word_1_601' title='bbox 2269 4299 2364 4335; x_wconf 89' lang='lat' dir='ltr'>una</span> <span class='ocrx_word' id='word_1_602' title='bbox 2387 4289 2531 4350; x_wconf 83' lang='lat' dir='ltr'><strong>atque</strong></span> <span class='ocrx_word' id='word_1_603' title='bbox 2549 4297 2770 4346; x_wconf 80' lang='lat' dir='ltr'><strong>oesypum</strong></span> <span class='ocrx_word' id='word_1_604' title='bbox 2787 4321 2803 4346; x_wconf 94' lang='lat'><strong>,</strong></span> 
     </span>
     <span class='ocr_line' id='line_1_97' title="bbox 1754 4373 2912 4436; baseline -0.002 -12"><span class='ocrx_word' id='word_1_605' title='bbox 1754 4375 1990 4436; x_wconf 78' lang='lat' dir='ltr'><strong>cervique</strong></span> <span class='ocrx_word' id='word_1_606' title='bbox 2007 4373 2268 4423; x_wconf 81' lang='lat' dir='ltr'><strong>medullam</strong></span> <span class='ocrx_word' id='word_1_607' title='bbox 2291 4377 2439 4436; x_wconf 82' lang='lat' dir='ltr'><strong>atque</strong></span> <span class='ocrx_word' id='word_1_608' title='bbox 2462 4374 2514 4423; x_wconf 91' lang='lat' dir='ltr'>in</span> <span class='ocrx_word' id='word_1_609' title='bbox 2534 4373 2765 4422; x_wconf 85' lang='lat' dir='ltr'><strong>mortario</strong></span> <span class='ocrx_word' id='word_1_610' title='bbox 2787 4376 2912 4432; x_wconf 56' lang='lat' dir='ltr'><strong>term</strong></span> 
     </span>
     <span class='ocr_line' id='line_1_98' title="bbox 1756 4461 2666 4523; baseline -0.004 -11"><span class='ocrx_word' id='word_1_611' title='bbox 1756 4470 1820 4512; x_wconf 70' lang='lat' dir='ltr'>Ac.-</span> <span class='ocrx_word' id='word_1_612' title='bbox 1844 4462 2014 4510; x_wconf 77' lang='lat' dir='ltr'><strong>deinde</strong></span> <span class='ocrx_word' id='word_1_613' title='bbox 2041 4475 2150 4510; x_wconf 88' lang='lat' dir='ltr'><strong>cera</strong></span> <span class='ocrx_word' id='word_1_614' title='bbox 2173 4463 2222 4510; x_wconf 89' lang='lat' dir='ltr'>in</span> <span class='ocrx_word' id='word_1_615' title='bbox 2246 4462 2394 4510; x_wconf 90' lang='lat' dir='ltr'><strong>ollula</strong></span> <span class='ocrx_word' id='word_1_616' title='bbox 2417 4461 2666 4523; x_wconf 77' lang='lat' dir='ltr'><strong>liquescito</strong></span> 
     </span>
    </p>

    <p class='ocr_par' dir='ltr' id='par_1_32' title="bbox 1750 4548 3003 4787">
     <span class='ocr_line' id='line_1_99' title="bbox 1752 4548 2788 4612; baseline -0.003 -13"><span class='ocrx_word' id='word_1_617' title='bbox 1752 4551 1964 4612; x_wconf 78' lang='lat' dir='ltr'><strong>oleoque</strong></span> <span class='ocrx_word' id='word_1_618' title='bbox 1983 4553 2085 4599; x_wconf 87' lang='lat' dir='ltr'><strong>toto</strong></span> <span class='ocrx_word' id='word_1_619' title='bbox 2106 4551 2274 4611; x_wconf 79' lang='lat' dir='ltr'><strong>juncta</strong></span> <span class='ocrx_word' id='word_1_620' title='bbox 2294 4551 2343 4598; x_wconf 88' lang='lat' dir='ltr'>et</span> <span class='ocrx_word' id='word_1_621' title='bbox 2363 4549 2490 4612; x_wconf 86' lang='lat' dir='ltr'><strong>adipi</strong></span> <span class='ocrx_word' id='word_1_622' title='bbox 2509 4551 2559 4598; x_wconf 90' lang='lat' dir='ltr'>et</span> <span class='ocrx_word' id='word_1_623' title='bbox 2585 4548 2788 4608; x_wconf 76' lang='lat' dir='ltr'><strong>galbano</strong></span> 
     </span>
     <span class='ocr_line' id='line_1_100' title="bbox 1750 4635 3003 4700; baseline -0.002 -13"><span class='ocrx_word' id='word_1_624' title='bbox 1750 4639 2226 4700; x_wconf 69' lang='lat' dir='ltr'><strong>&#39;l&#39;erebintliinaeque3</strong></span> <span class='ocrx_word' id='word_1_625' title='bbox 2255 4637 2360 4686; x_wconf 71' lang='lat' dir='ltr'><strong>haec</strong></span> <span class='ocrx_word' id='word_1_626' title='bbox 2388 4641 2442 4686; x_wconf 89' lang='lat' dir='ltr'><strong>ut</strong></span> <span class='ocrx_word' id='word_1_627' title='bbox 2463 4637 2704 4699; x_wconf 71' lang='lat' dir='ltr'><strong>liquantur</strong></span> <span class='ocrx_word' id='word_1_628' title='bbox 2724 4635 2792 4684; x_wconf 82' lang='lat' dir='ltr'><strong>sic</strong></span> <span class='ocrx_word' id='word_1_629' title='bbox 2819 4636 3003 4696; x_wconf 77' lang='lat' dir='ltr'><strong>sinens,</strong></span> 
     </span>
     <span class='ocr_line' id='line_1_101' title="bbox 1750 4724 2748 4787; baseline -0.001 -14"><span class='ocrx_word' id='word_1_630' title='bbox 1750 4726 2108 4787; x_wconf 75' lang='lat' dir='ltr'><strong>superfundens</strong></span> <span class='ocrx_word' id='word_1_631' title='bbox 2121 4725 2408 4776; x_wconf 77' lang='lat' dir='ltr'><strong>coeuntibus</strong></span> <span class='ocrx_word' id='word_1_632' title='bbox 2425 4726 2476 4775; x_wconf 88' lang='lat' dir='ltr'>in</span> <span class='ocrx_word' id='word_1_633' title='bbox 2492 4724 2721 4774; x_wconf 85' lang='lat' dir='ltr'><strong>mortario</strong></span> <span class='ocrx_word' id='word_1_634' title='bbox 2733 4760 2748 4785; x_wconf 91' lang='lat'><strong>,</strong></span> 
     </span>
    </p>

    <p class='ocr_par' dir='ltr' id='par_1_33' title="bbox 1747 4812 2940 5052">
     <span class='ocr_line' id='line_1_102' title="bbox 1750 4812 2940 4876; baseline 0 -16"><span class='ocrx_word' id='word_1_635' title='bbox 1750 4815 1955 4874; x_wconf 79' lang='lat' dir='ltr'><strong>spatha,</strong></span> <span class='ocrx_word' id='word_1_636' title='bbox 1981 4817 2038 4862; x_wconf 90' lang='lat' dir='ltr'>nt</span> <span class='ocrx_word' id='word_1_637' title='bbox 2061 4814 2392 4874; x_wconf 72' lang='lat' dir='ltr'><strong>refrigescant,</strong></span> <span class='ocrx_word' id='word_1_638' title='bbox 2421 4815 2474 4862; x_wconf 84' lang='lat' dir='ltr'><strong>tu</strong></span> <span class='ocrx_word' id='word_1_639' title='bbox 2494 4812 2747 4876; x_wconf 87' lang='lat' dir='ltr'><strong>paululum</strong></span> <span class='ocrx_word' id='word_1_640' title='bbox 2770 4823 2940 4870; x_wconf 73' lang='lat' dir='ltr'><strong>move3</strong></span> 
     </span>
     <span class='ocr_line' id='line_1_103' title="bbox 1747 4899 2864 4964; baseline -0.002 -14"><span class='ocrx_word' id='word_1_641' title='bbox 1747 4907 1871 4950; x_wconf 80' lang='lat' dir='ltr'><strong>&#39;t&#39;um</strong></span> <span class='ocrx_word' id='word_1_642' title='bbox 1901 4902 2106 4964; x_wconf 84' lang='lat' dir='ltr'><strong>subigito</strong></span> <span class='ocrx_word' id='word_1_643' title='bbox 2129 4903 2357 4963; x_wconf 77' lang='lat' dir='ltr'><strong>tantisper</strong></span> <span class='ocrx_word' id='word_1_644' title='bbox 2376 4901 2482 4950; x_wconf 78' lang='lat' dir='ltr'>haec</span> <span class='ocrx_word' id='word_1_645' title='bbox 2507 4899 2670 4948; x_wconf 83' lang='lat' dir='ltr'><strong>omnia</strong></span> <span class='ocrx_word' id='word_1_646' title='bbox 2687 4911 2864 4959; x_wconf 83' lang='lat' dir='ltr'><strong>manu,</strong></span> 
     </span>
     <span class='ocr_line' id='line_1_104' title="bbox 1750 4987 2758 5052; baseline -0.003 -14"><span class='ocrx_word' id='word_1_647' title='bbox 1750 4991 1894 5038; x_wconf 85' lang='lat' dir='ltr'><strong>Unita</strong></span> <span class='ocrx_word' id='word_1_648' title='bbox 1915 4989 2036 5039; x_wconf 86' lang='lat' dir='ltr'><strong>bene</strong></span> <span class='ocrx_word' id='word_1_649' title='bbox 2056 4989 2172 5038; x_wconf 88' lang='lat' dir='ltr'>dum</span> <span class='ocrx_word' id='word_1_650' title='bbox 2196 4993 2479 5052; x_wconf 84' lang='lat' dir='ltr'><strong>appareant,</strong></span> <span class='ocrx_word' id='word_1_651' title='bbox 2497 4991 2547 5038; x_wconf 89' lang='lat' dir='ltr'>et</span> <span class='ocrx_word' id='word_1_652' title='bbox 2573 4987 2758 5036; x_wconf 85' lang='lat' dir='ltr'><strong>humidi</strong></span> 
     </span>
    </p>

    <p class='ocr_par' dir='ltr' id='par_1_34' title="bbox 1747 5075 2820 5139">
     <span class='ocr_line' id='line_1_105' title="bbox 1747 5075 2820 5139; baseline -0.001 -14"><span class='ocrx_word' id='word_1_653' title='bbox 1747 5078 1898 5126; x_wconf 80' lang='lat' dir='ltr'><strong>Mollis</strong></span> <span class='ocrx_word' id='word_1_654' title='bbox 1922 5077 2133 5139; x_wconf 88' lang='lat' dir='ltr'><strong>bonique</strong></span> <span class='ocrx_word' id='word_1_655' title='bbox 2150 5075 2514 5126; x_wconf 68' lang='lat' dir='ltr'><strong>crassitudInem</strong></span> <span class='ocrx_word' id='word_1_656' title='bbox 2537 5075 2820 5135; x_wconf 78' lang='lat' dir='ltr'><strong>habuerint3</strong></span> 
     </span>
    </p>

    <p class='ocr_par' dir='ltr' id='par_1_35' title="bbox 1748 5163 2742 5221">
     <span class='ocr_line' id='line_1_106' title="bbox 1748 5163 2742 5221; baseline -0.003 -7"><span class='ocrx_word' id='word_1_657' title='bbox 1748 5169 1797 5214; x_wconf 90' lang='lat' dir='ltr'><strong>ln</strong></span> <span class='ocrx_word' id='word_1_658' title='bbox 1815 5169 2068 5214; x_wconf 89' lang='lat' dir='ltr'><strong>stanneum</strong></span> <span class='ocrx_word' id='word_1_659' title='bbox 2093 5177 2177 5214; x_wconf 81' lang='lat' dir='ltr'>vas</span> <span class='ocrx_word' id='word_1_660' title='bbox 2193 5163 2385 5213; x_wconf 80' lang='lat' dir='ltr'><strong>condito</strong></span> <span class='ocrx_word' id='word_1_661' title='bbox 2403 5165 2480 5214; x_wconf 77' lang='lat' dir='ltr'><strong>vel</strong></span> <span class='ocrx_word' id='word_1_662' title='bbox 2503 5164 2714 5213; x_wconf 75' lang='lat' dir='ltr'><strong>buxeum</strong></span> <span class='ocrx_word' id='word_1_663' title='bbox 2728 5200 2742 5221; x_wconf 89' lang='lat'><strong>,</strong></span> 
     </span>
    </p>
   </div>
   <div class='ocr_carea' id='block_1_6' title="bbox 1748 5253 2779 5316">
    <p class='ocr_par' dir='ltr' id='par_1_36' title="bbox 1748 5253 2779 5316">
     <span class='ocr_line' id='line_1_107' title="bbox 1748 5253 2779 5316; baseline -0.005 -12"><span class='ocrx_word' id='word_1_664' title='bbox 1748 5259 1849 5304; x_wconf 83' lang='lat' dir='ltr'>Hoc</span> <span class='ocrx_word' id='word_1_665' title='bbox 1867 5253 2031 5303; x_wconf 84' lang='lat' dir='ltr'><strong>sedulo</strong></span> <span class='ocrx_word' id='word_1_666' title='bbox 2050 5256 2186 5303; x_wconf 86' lang='lat' dir='ltr'><strong>utens</strong></span> <span class='ocrx_word' id='word_1_667' title='bbox 2203 5253 2384 5315; x_wconf 88' lang='lat' dir='ltr'><strong>optimo</strong></span> <span class='ocrx_word' id='word_1_668' title='bbox 2399 5266 2484 5301; x_wconf 89' lang='lat' dir='ltr'><strong>ceu</strong></span> <span class='ocrx_word' id='word_1_669' title='bbox 2505 5253 2779 5316; x_wconf 76' lang='lat' dir='ltr'><strong>pharmaco.</strong></span> 
     </span>
    </p>
   </div>
   <div class='ocr_carea' id='block_1_7' title="bbox 2999 5341 3070 5387">
    <p class='ocr_par' dir='ltr' id='par_1_37' title="bbox 2999 5341 3070 5387">
     <span class='ocr_line' id='line_1_108' title="bbox 2999 5341 3070 5387; baseline -0.042 0"><span class='ocrx_word' id='word_1_670' title='bbox 2999 5341 3070 5387; x_wconf 74' lang='lat'>2⁸}-</span> 
     </span>
    </p>
   </div>
   <div class='ocr_carea' id='block_1_8' title="bbox 3252 486 3360 537">
    <p class='ocr_par' dir='ltr' id='par_1_38' title="bbox 3252 486 3360 537">
     <span class='ocr_line' id='line_1_109' title="bbox 3252 486 3360 537; baseline 0.009 -1"><span class='ocrx_word' id='word_1_671' title='bbox 3252 486 3360 537; x_wconf 78' lang='lat'>¹15</span> 
     </span>
    </p>
   </div>
  </div>
 </body>
</html>
