3767 5825
1147 335 1226 394 IN
1271 334 1726 395 ΜΑΝΕΤΗΟΝ.

135 472 254 529 mihi
272 470 536 529 videntur
557 488 668 547 pro
691 468 946 543 genuino
962 510 978 538 ,
1009 467 1113 543 qui
1139 480 1198 525 et
1219 469 1462 525 multum
1492 466 1652 524 simi-

1774 334 2069 395 LIBRUM
2111 336 2189 394 11.

1829 486 1967 525 000.
1989 464 2259 532 παντοίους
2276 466 2404 537 GH,
2426 466 2686 525 παντοίων
2702 466 2795 525 ed.
2822 488 2893 526 ex
2915 468 3199 527 Holstenii
3225 492 3304 542 c.;

3126 357 3301 399 XXVI!

137 560 366 617 lituclinis
397 578 524 615 cum
549 558 670 614 illis
691 554 940 613 habebat
965 568 1022 611 et
1049 556 1403 613 necessarius
1425 568 1551 613 erat
1581 554 1652 611 ad
1747 554 1989 611 παντοῖον
2014 566 2231 612 mutata
2267 555 2735 633 interpunctione
2776 576 2881 613 nos
2916 558 3301 635 praetulimus.

135 649 255 705 illud
281 645 596 725 ἀποκρύπτει
619 644 768 709 κλέος
814 642 1014 713 ἐσθλόν,
1040 643 1194 717 quod
1223 663 1330 721 per
1358 662 1419 701 se
1447 641 1655 701 obscu-
1746 640 1917 699 Varia
1935 640 2093 699 ὄλὸου
2118 661 2332 718 genera
2346 642 2727 719 sequentibus
2740 658 3131 703 recensentur.

133 754 238 793 rum
263 746 359 793 est.
389 733 516 790 Jam
547 732 704 790 enim
730 732 928 789 omnia
948 730 1098 789 bene
1127 730 1448 809 procedunt
1479 752 1493 787 :

181 882 288 931 ὄσσα
303 880 350 929 δι’
366 878 410 929 τ’
433 878 736 938 ἐκτελέουσιν,
759 876 1044 941 ἀποκρύπτει
1065 878 1198 933 κλέος
1219 879 1380 927 ἐσθλὸν
1513 878 1652 943 [xcv.

181 948 818 1012 κολλάκιςᾶλλοτρίων,
841 948 894 996 οἳ
921 947 1020 996 καί
1052 964 1254 1011 σφισιν
1285 948 1490 1011 αἱσχε*
1525 950 1655 997 ἐδω-

132 1082 256 1139 Sunt
271 1080 530 1139 homines
551 1078 883 1151 subtimidi,
906 1078 1023 1138 sibi
1042 1097 1248 1156 parum
1287 1079 1658 1150 confidente5‚

127 1174 212 1246 qui
231 1170 448 1228 etiamsi
487 1168 725 1246 quando
765 1168 988 1245 aliquid
1033 1166 1328 1225 laudabile
1369 1168 1655 1240 fecerunt,

131 1258 190 1314 ab
233 1258 354 1316 aliis
405 1256 814 1315 audacioribus
866 1269 923 1314 et
967 1255 1520 1333 impudentioribus,
1557 1258 1659 1333 qui

126 1364 300 1402 eorum
325 1344 532 1402 merita
554 1342 899 1415 obscurant,
917 1342 1077 1421 justa
1099 1341 1268 1400 laude
1298 1341 1656 1401 fraudantur.

125 1434 263 1489 Talia
288 1432 376 1489 vel
410 1432 501 1489 his
527 1431 670 1510 ipsis
711 1430 918 1488 diebus
942 1431 1122 1488 multa
1148 1429 1278 1487 {ieri
1305 1430 1577 1488 vidimus.

200 1541 318 1592 170.
347 1520 393 1577 δ’
423 1516 500 1577 ἔτι
527 1516 806 1599 ἀργαλέους
833 1517 910 1593 G,
949 1518 1076 1575 δέτι
1106 1518 1161 1577 ἀ.
1191 1518 1265 1590 Η,
1300 1516 1347 1573 δ’
1370 1516 1476 1575 ἔτοι
1505 1522 1562 1579 ἀ.
1587 1518 1655 1591 J;

126 1606 171 1665 δέ
187 1631 259 1664 τοι
273 1610 325 1665 ἀ.
347 1608 440 1667 011.
453 1626 530 1666 ex
545 1606 596 1665 R
613 1605 968 1683 conjectura,
984 1626 1102 1683 qua
1121 1606 1328 1664 melius
1343 1606 1656 1666 Hermann.

125 1696 288 1773 Orph.
335 1717 398 1774 p.
446 1704 561 1771 749
607 1694 662 1752 δὲ
705 1693 800 1751 καὶ
831 1694 1254 1752 emendaverat.
1303 1692 1416 1751 Sed
1467 1694 1659 1772 ipsum

123 1784 449 1861 adjectivum
479 1782 631 1841 male
665 1780 932 1858 quadrat.
963 1780 1347 1839 Scribendum
1385 1782 1494 1839 fuit
1517 1781 1561 1838 δ’
1585 1782 1661 1841 ἔτι

123 1871 440 1950 θαρσαλέως,
465 1868 810 1949 repetitione
830 1868 986 1947 apud
1005 1866 1280 1927 Nostrum
1315 1869 1606 1929 familiari.

192 1982 316 2033 177.
357 1958 518 2017 ἐπιὼν
545 1956 676 2030 GH,
718 1955 768 2033 γ’
789 1955 947 2015 ἐπιὼν
986 1956 1116 2028 ed.;
1159 1955 1364 2013 melius
1403 1958 1468 2015 in
1493 1958 1655 2036 praef.

121 2068 171 2124 p.
197 2067 282 2105 xn
317 2044 550 2126 προσιὼν
584 2056 855 2104 tentatur.
898 2043 1136 2103 Praetuli
1162 2044 1371 2123 παρεὼν
1413 2046 1546 2105 aliis
1590 2064 1663 2104 ex

123 2136 274 2207 10015,
299 2154 480 2215 supra
499 2155 560 2193 v.
595 2134 702 2207 157
732 2146 791 2191 et
810 2130 910 2205 vl,
941 2135 1076 2202 641.

196 2226 318 2284 180.
349 2223 439 2289 ἑὰς
461 2222 620 2296 01111.,
653 2224 760 2288 ἑαῖς
787 2240 916 2280 1105.
946 2221 1081 2280 Alia
1100 2240 1195 2279 res
1227 2234 1316 2281 est
1341 2222 1494 2281 infra
1514 2243 1654 2296 070.

195 2312 320 2370 186.
352 2312 412 2370 οὗ
439 2308 581 2386 μάλα
610 2309 988 2387 γαυρουμένους
1010 2309 1140 2380 GH,
1166 2310 1224 2365 οὐ
1249 2307 1374 2383 μάλ’
1398 2309 1660 2387 ἀγαυομέ·

117 2420 220 2463 νους
261 2398 377 2470 ed„
417 2398 478 2455 οὗ
508 2394 633 2473 μάλ’
667 2395 1053 2474 ἀγαλλομίνους
1091 2397 1144 2454 D
1174 2398 1288 2472 496
1305 2438 1320 2466 ,
1349 2411 1662 2474 utrumque

119 2499 308 2545 contra
333 2504 592 2546 sensum.
609 2483 784 2543 Varia
805 2484 1016 2543 tentari
1033 2497 1310 2559 possunt,
1338 2498 1402 2543 ut
1422 2486 1661 2565 φειδομέ-

116 2597 252 2650 νους,
285 2574 542 2653 (μεγάλ’)
574 2571 902 2648 αἰδομίνους,
925 2572 1058 2631 alia.
1099 2571 1210 2631 Sed
1239 2574 1472 2651 praetuli
1498 2575 1652 2645 κηδο-

117 2659 288 2735 μένους
311 2660 630 2721 50011111111111
670 2658 770 2731 vl,
807 2660 922 2717 018
955 2657 1100 2717 οὐδὲν
1137 2659 1416 2735 ὀπιζομένη
1445 2662 1660 2740 λεχέων,

115 2749 262 2824 quod
288 2750 483 2827 ipsum
515 2747 764 2807 verbum
787 2746 967 2805 nimis
986 2746 1256 2805 recedere
1280 2746 1610 2808 videbatur.

191 2837 320 2909 193.
350 2834 444 2894 καὶ
487 2834 610 2893 λαλ.
647 2833 745 2911 ἤμ.
781 2832 890 2915 φίλ.
941 2831 977 2903 ἢ
1012 2834 1167 2909 01111.,
1217 2835 1318 2892 sed
1361 2838 1661 2911 particulae

113 2923 290 2982 locum
310 2936 532 2982 mutare
555 2921 864 2996 debebant;
887 2923 960 2984 cf.
987 2924 1158 2982 etiam
1181 2923 1293 2997 111,
1315 2925 1428 2998 087
1448 2947 1462 2984 :
1488 2927 1659 3003 γλώσ·

115 3034 197 3080 σης
224 3012 420 3089 βλάὸος
444 3009 603 3090 ἔρδει,
629 3010 738 3070 Καὶ
764 3012 950 3081 λαλιῆς
975 3011 1210 3082 ἐπέδησ’.

188 3101 316 3178 195.
360 3097 708 3180 κρυπταδίους
745 3098 904 3171 edd.,
938 3101 1038 3157 sed
1080 3099 1388 3158 dicendum
1416 3115 1540 3160 erat
1560 3123 1660 3162 eos

109 3191 246 3244 clam
289 3186 619 3268 perniciosa
655 3187 1008 3261 excogitare,
1053 3199 1117 3244 ut
1151 3189 1314 3246 infra
1350 3208 1464 3265 090
1502 3188 1660 3249 οὗλοὰ

109 3274 426 3350 μηδομένους
438 3272 662 3352 στέρνων
679 3271 937 3332 ἔντοσθεν.
953 3273 1144 3343 Quare
1153 3276 1482 3352 κρυπταδίους
1498 3277 1654 3339 dedi.

181 3363 316 3422 005.
351 3362 548 3418 ἐσθλῶν
573 3359 735 3433 edd„
766 3359 974 3427 ἐσθλοὺς
997 3363 1207 3439 scripsi
1237 3382 1270 3420 e
1292 3363 1448 3441 conj.
1483 3364 1552 3428 R.

181 3470 318 3522 207.
352 3447 459 3508 ἀπὸ
487 3447 646 3520 edd„
673 3445 778 3506 ἄπο
802 3468 932 3508 1105.
963 3447 1090 3508 vid.
1121 3468 1316 3527 supra.

179 3539 312 3598 213.
345 3534 518 3602 αὔτως
545 3536 598 3593 Η
626 3535 742 3612 ed.‚
769 3533 935 3602 αὕτως
962 3537 1038 3608 G,
1061 3537 1217 3614 quod
1247 3529 1495 3598 restitui.

181 3627 296 3682 016
325 3644 418 3701 sq.
447 3622 702 3702 ἀρηρότας
722 3623 858 3682 κατὰ
872 3624 1003 3698 GH,
1030 3626 1114 3703 ἄρ.
1141 3623 1329 3694 ἧκατὰ
1345 3626 1436 3688 011.
1453 3645 1486 3685 e
1504 3627 1657 3706 conj.

106 3711 152 3766 l)
173 3712 311 3771 553.
339 3713 602 3788 Sequens
614 3730 818 3770 versus
845 3713 972 3770 sine
991 3712 1212 3770 lacunae
1230 3713 1414 3788 signis
1435 3714 1500 3772 in
1525 3715 1656 3775 edd.

103 3797 270 3858 Varia
295 3811 596 3860 tentarunt
636 3799 752 3857 viri
797 3799 970 3860 docti.
1020 3799 1072 3858 G
1098 3801 1299 3873 vertit3
1337 3827 1361 3853 ιι
1395 3802 1660 3863 homines

101 3887 430 3946 occidentes
455 3907 554 3944 suo
584 3901 871 3963 conspectu
892 3901 952 3944 et
973 3901 1238 3945 secantes.
1267 3913 1292 3940 n
1326 3888 1378 3945 D
1411 3890 1450 3948 1.
1472 3911 1526 3948 0.
1556 3891 1660 3949 ho·

105 3978 284 4034 mines
317 3975 598 4050 intelligit
613 3995 717 4032 sua
743 3995 954 4050 quoque
985 3995 1123 4032 voce
1147 3979 1362 4046 doctos,
1396 3977 1440 4034 i.
1475 3997 1531 4037 e.
1555 3981 1659 4056 qui

99 4081 212 4120 non
237 4070 501 4138 magistri
539 4084 691 4131 voce,
743 4061 844 4121 sed
868 4083 972 4119 sua
998 4063 1182 4140 quasi,
1215 4064 1413 4122 omnia
1433 4065 1656 4124 didice-

97 4163 248 4208 runt.
283 4150 498 4208 Melius
531 4151 580 4206 Α
609 4147 764 4228 conj.
807 4147 860 4208 οἳ
884 4173 934 4208 κ.
969 4173 1030 4224 μ.
1084 4149 1161 4212 Ἀ.
1195 4152 1452 4210 κλίνουσιν
1483 4157 1543 4230 ἑῇ
1569 4156 1658 4212 ὀπὶ

95 4239 180 4295 καὶ
207 4241 525 4314 μεμαῶτας,
549 4251 606 4296 et
629 4251 750 4297 tum
770 4256 881 4316 pro
899 4241 961 4316 ἑῇ
981 4236 1072 4296 ὀπὶ
1091 4240 1264 4298 etiam
1285 4239 1372 4296 ὑπ’
1393 4241 1534 4320 ἄορι,
1559 4243 1657 4300 sed

95 4337 284 4384 tamen
346 4344 554 4404 parum
619 4324 1022 4402 probabiliter.
1101 4327 1393 4386 Audacius
1455 4328 1654 4388 Lehrs.

93 4411 334 4480 Quaestt.
356 4412 466 4491 Ep.
491 4435 551 4491 p.
573 4415 688 4471 080
703 4412 1390 4474 hiatuietiaminfestusoi
1409 4439 1464 4478 κ.
1493 4440 1550 4493 μ.
1579 4417 1653 4476 Ἀ.

90 4500 383 4560 κτείνουσιν
427 4501 704 4580 ἅγηνορίην
747 4501 1031 4568 δεδαῶτας.
1084 4501 1229 4561 Mihi
1269 4504 1504 4581 quidem
1557 4507 1660 4564 vix

91 4587 344 4647 dubium
397 4601 482 4647 est
524 4589 670 4665 quin
703 4585 752 4646 οἳ
790 4601 945 4646 recte
989 4589 1068 4647 sit
1095 4591 1430 4664 inventum,
1469 4606 1656 4652 cetera

87 4692 280 4734 autem
310 4680 454 4734 satis
477 4678 707 4752 integra
733 4677 854 4735 sint
874 4678 1064 4736 lucem
1082 4677 1356 4738 habitura
1369 4701 1438 4738 eo
1460 4701 1655 4754 versu,

85 4767 186 4837 qui
219 4765 511 4840 temporis
535 4764 754 4841 injuria
795 4765 989 4842 periit.
1030 4763 1176 4823 Eum
1206 4766 1316 4825 hoc
1346 4769 1463 4826 fere
1486 4773 1660 4828 modo

83 4853 196 4908 scri
205 4863 379 4928 ptum
411 4850 587 4910 fuisse
607 4851 874 4928 suspicor
905 4875 918 4910 :

778 5023 923 5034 ——
953 4999 1000 5047 οἳ
1031 4999 1156 5047 κατὰ
1180 5000 1334 5061 μῶλον

139 5065 422 5125 ἀνθρώπους
443 5063 704 5124 κτείνοντας
723 5069 778 5131 ἑῇ
796 5067 877 5117 ὀπὶ
900 5070 979 5117 καὶ
999 5073 1266 5132 μεμαῶτας,

141 5135 424 5198 [ᾗχρεώ,
445 5137 502 5186 ἐν
511 5137 581 5185 θα
610 5139 708 5186 καὶ
736 5139 793 5186 ἐν
804 5138 855 5188 θ’
878 5140 1150 5202 ἰθυνὲμεν
1189 5139 1250 5188 εὖ
1297 5139 1628 5192 δεδάασιν.
1608 5168 1628 5206 J

1827 730 1962 787 005.
1996 732 2169 799 σηκῶν
2206 729 2459 807 μακάρων
2505 727 2669 809 ἱερούς
2698 732 2717 806 (
2743 728 2921 810 ἱερούς·
2960 731 3012 790 G
3043 732 3144 810 )τε
3171 733 3305 793 01111.

1749 816 1794 873 R
1818 819 1969 894 ἱερῶν
2009 838 2069 874 τε
2094 829 2195 875 aut
2236 815 2403 896 ἱερούς
2428 840 2485 875 τε
2520 839 2612 894 πρ.
2640 840 2755 893 τιμ.
2790 816 3103 895 κυδαλίμους
3140 822 3189 877 τ’
3224 822 3307 891 ἠδ’

1749 903 2127 962 scribendum
2168 904 2453 982 conjecit,
2497 924 2745 979 quorum
2786 905 2936 964 illud
2978 907 3103 965 sine
3128 906 3311 967 dubio

1749 1005 2016 1069 praestat3
2048 992 2122 1050 cf.
2159 993 2270 1065 317
2296 996 2413 1063 θεῆς
2438 994 2597 1072 ἱεροῖο
2616 992 2956 1073 προφήτορες,
2985 996 3139 1053 1111110
3168 1016 3308 1073 pro-

1752 1080 1886 1137 fecit
1912 1080 2172 1137 imitator
2199 1078 2299 1151 lv,
2344 1081 2457 1146 428
2488 1082 2715 1157 τεμενῶν
2738 1103 2794 1137 τε
2814 1080 3161 1161 προφήτορας.
3201 1081 3313 1140 Sed

1751 1167 1977 1243 praetuli
1984 1178 2247 1271 ⁴”propter
2266 1168 2565 1245 genitivos
2605 1168 2927 1228 cumulatos
2956 1170 3211 1279 μακάρων
3240 1172 3313 1227 ἱε-

1755 1254 1856 1332 ρεῖς
1875 1256 2051 1324 σηκῶν
2080 1277 2136 1312 τε
2158 1252 2481 1335 προέδρους.
2510 1256 2583 1315 cs.
2608 1255 2708 1327 Vl,
2742 1258 2853 1329 437
2886 1260 3061 1328 σηκῶν
3084 1255 3129 1316 θ’
3148 1257 3311 1335 ἁγίων

1748 1342 1957 1419 ἱερῆας,
1975 1342 2131 1401 1111110
2148 1343 2250 1400 ille
2270 1341 2366 1414 lV,
2395 1344 2509 1410 430
2527 1346 2701 1413 σηκῶν
2723 1367 2779 1401 τε
2799 1344 3139 1424 νεωκορίῃσι
3128 1345 3311 1403 μέλον-

1748 1450 1859 1494 τας.
1883 1462 1965 1475 -
1992 1426 2217 1495 ἐξαίτους
2252 1428 2411 1506 edd.;
2454 1430 2670 1497 ἐξαίτοις
2695 1432 2903 1509 scripsi
2928 1452 3002 1490 ex
3030 1431 3140 1504 111,
3174 1432 3310 1502 354.

1831 1518 1966 1576 030.
2002 1516 2218 1575 Addidi
2246 1517 2291 1574 τ’
2323 1531 2453 1595 post
2482 1518 2866 1595 ζευγνυμένους.
2916 1520 3135 1579 Locum
3162 1520 3314 1579 bene

1749 1605 2034 1678 illustrat,
2062 1606 2219 1682 quod
2246 1625 2381 1663 raro
2418 1607 2650 1678 accidit,
2680 1605 2765 1678 G,
2792 1606 2961 1685 cujus
2984 1622 3179 1668 notam
3207 1628 3315 1686 ap-

1753 1712 1911 1771 pono
1940 1715 1953 1750 :
2000 1720 2023 1745 ιι
2051 1694 2338 1751 Praeclara
2371 1694 2685 1753 sacerdotis
2724 1694 2981 1773 AEgyptii
3020 1696 3311 1773 nequitia,

1752 1779 1920 1857 cujus
1948 1781 2289 1839 sententiam
2318 1782 2401 1840 ita
2427 1782 2657 1840 reddidi
2686 1782 2895 1855 latine,
2923 1795 2988 1841 ut
3028 1784 3316 1862 exprimat

1751 1886 1850 1926 eos
1875 1872 2013 1946 qui,
2044 1870 2181 1928 dum
2220 1870 2451 1947 placent
2476 1869 2795 1943 uxoribus,
2832 1890 2940 1949 per
2965 1891 3062 1930 eas
3084 1872 3315 1931 efficere

1752 1970 2062 2031 conantur,
2078 1970 2141 2014 ut
2151 1956 2375 2015 maritis
2386 1976 2621 2034 quoque
2631 1956 2974 2034 probentur.
2988 1959 3315 2018 Artificium

1753 2064 1860 2103 nec
1900 2045 2119 2104 Graecis
2164 2065 2272 2104 nec
2318 2046 2593 2105 Romanis
2637 2046 2921 2120 ignotum.
2962 2074 2986 2099 n
3022 2040 3111 2105 Cf.
3171 2047 3313 2109 Sall.

1754 2130 1878 2189 Cat.
1906 2141 1978 2200 04
2011 2147 2159 2192 extr.

1833 2220 1965 2288 234.
1993 2220 2197 2299 μίτραις
2219 2219 2380 2295 edd.;
2412 2220 2641 2278 correxi
2670 2239 2745 2278 ex
2771 2220 2882 2297 Ill,
2918 2222 3017 2295 37.

1834 2308 1966 2364 035.
1997 2311 2102 2373 τοῖς
2131 2307 2365 2387 1101111,
2388 2304 2504 2372 τοὺς
2529 2308 2740 2386 scripsi
2761 2327 2796 2367 e
2819 2308 2976 2387 conj.
3003 2310 3073 2367 Α.

1836 2396 1949 2470 037
1982 2416 2069 2474 sq.
2096 2393 2307 2455 ὤπασεν
2332 2397 2393 2455 ἐκ
2420 2394 2679 2471 Θαλάμου.
2723 2397 2887 2456 δῶκεν
2921 2396 2976 2455 δὲ
3002 2396 3315 2477 λέκτρα.γο-

1752 2486 1943 2542 ναικῶν
1968 2482 2242 2555 Εὐόλὸων,
2270 2486 2324 2541 ἐν
2353 2485 2471 2559 ἑῇσι
2498 2482 2543 2539 τ’
2576 2483 2650 2541 ε’νὶ
2674 2484 2953 2542 πολέεσσιν
2976 2483 3217 2564 ἀρίστους
3236 2485 3313 2558 G,

1753 2570 1854 2627 sed
1875 2569 2141 2646 θαλάμους
2164 2568 2300 2642 ΜΗ,
2332 2568 2656 2646 εὐθαλάμους
2675 2569 2745 2645 J;
2784 2568 3063 2630 πτόλεσσιν
3088 2572 3157 2646 H,
3188 2594 3315 2632 πτο-

1751 2658 1956 2715 λεεσσιν
1975 2655 2011 2714 J
2027 2680 2044 2729 3
2076 2656 2139 2719 ὤ.
2176 2657 2511 2733 εὗθαλάμων.
2549 2662 2600 2718 δ.
2634 2657 2689 2716 δέ
2714 2681 2770 2716 τε
2804 2660 2858 2719 λ.
2884 2682 2939 2736 γ.
2970 2660 3048 2717 εὖ.
3074 2658 3143 2717 ἰδ’
3173 2662 3318 2738 ἑῇσιν

1753 2744 1826 2802 ἐνὶ
1848 2744 2147 2803 πτολίεσσιν
2180 2742 2386 2823 ἄριστοι
2413 2744 2539 2817 AR,
2588 2746 2937 2822 repetitione
2980 2747 3315 2824 nuptiarum

1753 2852 1993 2909 prorsus
2028 2832 2401 2891 intolerabili.
2440 2832 2641 2910 Neque
2676 2852 2801 2890 eam
2830 2833 2981 2892 tollit
3008 2852 3117 2891 nec
3147 2834 3316 2910 quid·

1751 2937 1923 2994 quam
1952 2918 2095 2976 boni
2126 2919 2302 2977 infert
2329 2920 2484 2996 quod
2514 2919 2673 2998 conj.
2702 2921 2754 2978 D
2785 2921 2895 2978 333
2928 2942 2943 2978 :
2974 2919 3213 2978 ἐπέεσσιν
3240 2921 3315 2980 ἐνὶ

1749 3005 2077 3065 πτολέεσσιν.
2112 3007 2373 3064 Alterum
2408 3007 2581 3064 etiam
2602 3019 2691 3065 est
2722 3007 2769 3064 R
2805 3019 3215 3080 commentum,
3253 3023 3319 3068 ut

1754 3093 1995 3171 ἀρίστους
2030 3092 2160 3150 0010
2196 3095 2519 3173 postposito
2549 3095 2883 3164 retineatur,
2918 3107 2977 3152 et
3001 3108 3121 3153 tum
3159 3117 3245 3154 κτ.
3270 3093 3317 3152 δ’

1752 3181 2058 3240 scribatur.
2092 3184 2282 3239 Locus
2312 3195 2412 3240 aut
2438 3181 2831 3260 dittographia
2860 3195 3169 3258 corruptus
3196 3197 3278 3241 051
3292 3227 3309 3256 ,

1755 3281 1821 3327 111
1842 3289 1916 3326 ex
1935 3268 2159 3345 duplici
2186 3268 2479 3346 scriptura
2506 3267 2598 3326 καὶ
2635 3268 2831 3349 λέκτρα
2859 3273 3119 3345 γυναικῶν
3160 3272 3318 3330 Εὐόλ-

1752 3355 1879 3428 δων,
1914 3353 2182 3430 θαλάμους
2206 3358 2255 3414 τ’
2286 3357 2341 3413 ἄν
2370 3355 2478 3422 ἑαῖς
2496 3355 2770 3414 πολίεσσεν
2797 3356 3039 3436 ἀρίστους
3071 3372 3127 3417 et
3154 3359 3314 3416 θαλά-

1751 3465 1878 3518 μους
1902 3464 1959 3499 τε
1988 3445 2245 3520 γυναικῶν
2281 3438 2525 3502 Ὦπασεν
2558 3443 2785 3501 εὐόλὸων
2820 3445 2875 3502 ἐν
2904 3447 3015 3508 ἑαῖς
3046 3445 3314 3503 πολίεσσιν

1749 3529 1974 3611 ἀρίστοιν
2010 3531 2323 3590 commixta
2366 3531 2483 3591 duo
2523 3550 2730 3590 versus
2779 3533 2958 3592 efficti
3010 3534 3152 3606 sint,
3182 3547 3313 3606 aut,

1751 3619 1906 3694 quod
1936 3618 2091 3695 apud
2130 3619 2404 3678 Nostrum
2445 3621 2869 3698 praeferendum
2900 3622 3074 3694 duxi,
3116 3623 3315 3681 omnia

1750 3707 1887 3764 vitae
1909 3704 2067 3764 bona
2092 3707 2263 3764 claris
2284 3705 2485 3766 verbis
2508 3727 2581 3766 ex
2605 3708 2789 3766 fausto
2815 3710 3189 3766 matrimonio
3218 3709 3315 3766 ‹le-

1751 3793 2114 3854 rivabantur.
2146 3795 2215 3854 Id
2243 3814 2383 3853 vero
2407 3796 2513 3853 vix
2540 3796 2731 3867 aliter,
2767 3797 2818 3853 si
2851 3815 3023 3872 quam
3053 3797 3316 3874 proxime

1750 3885 2079 3943 accedimus
2106 3884 2178 3941 ad
2202 3885 2417 3942 codicis
2444 3886 2814 3962 scripturam,
2844 3886 3061 3961 exponi
3092 3898 3314 3962 poterat

1749 3991 1921 4045 quam
1958 3971 2039 4028 ita
2067 3989 2083 4028 τ
2933 4043 2937 4050 .

1869 4101 1953 4158 ἠδὲ
1987 4098 2167 4162 γάμους
2192 4101 2341 4149 δῶκεν
2363 4099 2555 4163 φιλίους,
2576 4102 2657 4150 καὶ
2685 4101 2853 4163 λέκτρα
2876 4104 3114 4162 γυναικῶν

1871 4171 2062 4219 ὤπασεν
2084 4170 2377 4233 εὖθαλάμων,
2398 4171 2602 4232 λέκτροις
2624 4172 2675 4220 δέ
2694 4187 2745 4220 τε
2763 4173 2889 4220 δῶκε
2909 4176 3144 4234 γυναικῶν

1869 4239 2072 4288 εὒόλὸων
2091 4241 2139 4288 ἐν
2152 4243 2281 4304 ἑῇσιν
2296 4240 2404 4304 ἔμεν
2422 4240 2664 4291 πολίεσσιν
2682 4241 2910 4304 ἀρίστοις,

1869 4309 2087 4372 κτήματά
2107 4310 2147 4359 θ’
2170 4311 2348 4367 ἔξουσιν
2365 4311 2543 4361 κλεινὸν
2559 4311 2716 4375 βίοτόν
2733 4327 2785 4360 τε
2800 4311 2883 4360 καὶ
2901 4310 3078 4368 olma.

1748 4425 2117 4484 Matrimonia
2142 4437 2533 4484 memorantur
2558 4427 2813 4503 primum
2834 4447 3083 4485 uxorum
3114 4446 3311 4485 amore

1748 4527 1804 4570 et
1839 4512 2187 4583 virtutibus,
2218 4526 2339 4571 tum
2360 4515 2620 4587 divitiis,
2651 4515 2865 4591 quibus
2895 4517 3166 4573 maritum
3212 4537 3307 4573 or-

1749 4613 1909 4671 nant,
1934 4600 2143 4663 felicia.
2171 4597 2418 4669 Ἔξουσιν
2442 4615 2509 4660 111
2536 4601 2761 4681 ἀρίστοις
2794 4603 3023 4662 dativus
3046 4616 3136 4662 est
3161 4623 3304 4682 pen-

1749 4690 1892 4748 dens
1924 4712 1959 4750 a
1990 4691 2144 4748 δῶκε.

1831 4789 1969 4848 040.
2012 4776 2059 4834 τ’
2104 4777 2265 4854 edd.,
2296 4779 2342 4836 δ’
2376 4797 2526 4838 nos:
2574 4799 2793 4838 novum
2821 4778 2977 4838 enim
3028 4799 3310 4840 memora·

1749 4878 1846 4924 tur
1866 4865 2259 4925 commodum.

1830 4954 1967 5012 050.
2007 4953 2051 5010 τ’
2080 4953 2239 5026 edd„
2270 4955 2317 5012 δ’
2348 4975 2455 5013 1105
2488 4955 2687 5014 eadem
2716 4975 2907 5014 causa.
2934 4991 3013 5000 —
3032 4958 3085 5014 ἐν
3111 4957 3155 5016 δ’
3174 4957 3309 5015 ἑτά-

1753 5062 1914 5118 ροισιν
1941 5041 2097 5112 edd„
2123 5042 2279 5118 quod
2312 5042 2510 5100 falsum
2540 5062 2665 5100 esse
2696 5045 2877 5100 sensit
2904 5045 2955 5099 A
2986 5044 3307 5120 conjiciens

1750 5132 1799 5185 ἐν
1817 5129 1863 5186 δ’
1883 5130 2144 5206 ἑτέροισιν.
2164 5127 2486 5210 Utrumque
2513 5131 2792 5206 ineptum.
2814 5129 3059 5208 Scripsit
3072 5134 3124 5188 ἐν
3140 5130 3184 5188 δ’
3203 5129 3305 5210 ἄρα
