<?xml version="1.0" encoding="UTF-8"?>
<!DOCTYPE html PUBLIC "-//W3C//DTD XHTML 1.0 Transitional//EN"
    "http://www.w3.org/TR/xhtml1/DTD/xhtml1-transitional.dtd">
<html xmlns="http://www.w3.org/1999/xhtml" xml:lang="en" lang="en">
 <head>
  <title>
</title>
<meta http-equiv="Content-Type" content="text/html;charset=utf-8" />
  <meta name='ocr-system' content='tesseract 3.04.00' />
  <meta name='ocr-capabilities' content='ocr_page ocr_carea ocr_par ocr_line ocrx_word'/>
</head>
<body>
  <div class='ocr_page' id='page_1' title='image "./poetbucolicietd00ameigoog_0038.png"; bbox 0 0 3767 5825; ppageno 0'>
   <div class='ocr_carea' id='block_1_1' title="bbox 491 419 672 493">
    <p class='ocr_par' dir='ltr' id='par_1_1' title="bbox 491 419 672 493">
     <span class='ocr_line' id='line_1_1' title="bbox 491 419 672 493; baseline 0 -14"><span class='ocrx_word' id='word_1_1' title='bbox 491 419 672 493; x_wconf 74' lang='lat' dir='ltr'><strong>xxviij</strong></span> 
     </span>
    </p>
   </div>
   <div class='ocr_carea' id='block_1_2' title="bbox 540 537 2022 707">
    <p class='ocr_par' dir='ltr' id='par_1_2' title="bbox 540 537 2022 707">
     <span class='ocr_line' id='line_1_2' title="bbox 540 537 1960 591; baseline -0.004 0"><span class='ocrx_word' id='word_1_2' title='bbox 540 547 595 591; x_wconf 81' lang='lat' dir='ltr'><strong>tn</strong></span> <span class='ocrx_word' id='word_1_3' title='bbox 621 539 844 591; x_wconf 66' lang='lat' dir='ltr'><strong>Heinekii</strong></span> <span class='ocrx_word' id='word_1_4' title='bbox 866 540 1078 591; x_wconf 73' lang='lat' dir='ltr'><strong>editione</strong></span> <span class='ocrx_word' id='word_1_5' title='bbox 1105 554 1118 588; x_wconf 77' lang='grc' dir='ltr'><strong>ι</strong></span> <span class='ocrx_word' id='word_1_6' title='bbox 1526 544 1578 587; x_wconf 92' lang='lat' dir='ltr'><strong>tn</strong></span> <span class='ocrx_word' id='word_1_7' title='bbox 1604 538 1695 587; x_wconf 78' lang='lat' dir='ltr'><strong>hac</strong></span> <span class='ocrx_word' id='word_1_8' title='bbox 1712 537 1924 585; x_wconf 72' lang='lat' dir='ltr'><strong>editione</strong></span> <span class='ocrx_word' id='word_1_9' title='bbox 1947 552 1960 585; x_wconf 93' lang='lat'>:</span> 
     </span>
     <span class='ocr_line' id='line_1_3' title="bbox 598 627 2022 707; baseline -0.004 -19"><span class='ocrx_word' id='word_1_10' title='bbox 598 652 693 707; x_wconf 76' lang='lat'><strong>92.</strong></span> <span class='ocrx_word' id='word_1_11' title='bbox 739 628 1002 707; x_wconf 76' lang='grc' dir='ltr'>ἀλλήλῃσι</span> <span class='ocrx_word' id='word_1_12' title='bbox 1033 669 1603 687; x_wconf 91' lang='grc'><strong>..........</strong></span> <span class='ocrx_word' id='word_1_13' title='bbox 1632 627 1917 697; x_wconf 74' lang='grc' dir='ltr'>ἀλλήλαισι</span> <span class='ocrx_word' id='word_1_14' title='bbox 1941 628 2022 707; x_wconf 88' lang='grc' dir='ltr'><strong>(ι)</strong></span> 
     </span>
    </p>
   </div>
   <div class='ocr_carea' id='block_1_3' title="bbox 472 713 2021 3780">
    <p class='ocr_par' dir='ltr' id='par_1_3' title="bbox 602 713 1938 793">
     <span class='ocr_line' id='line_1_4' title="bbox 602 713 1938 793; baseline -0.007 -17"><span class='ocrx_word' id='word_1_15' title='bbox 602 718 696 793; x_wconf 85' lang='grc'><strong>95.</strong></span> <span class='ocrx_word' id='word_1_16' title='bbox 742 718 833 774; x_wconf 80' lang='grc' dir='ltr'><strong>καί</strong></span> <span class='ocrx_word' id='word_1_17' title='bbox 867 741 955 791; x_wconf 85' lang='grc' dir='ltr'><strong>μιν</strong></span> <span class='ocrx_word' id='word_1_18' title='bbox 1002 757 1739 775; x_wconf 91' lang='grc'><strong>.............</strong></span> <span class='ocrx_word' id='word_1_19' title='bbox 1764 716 1817 770; x_wconf 80' lang='grc' dir='ltr'><strong>αἱ</strong></span> <span class='ocrx_word' id='word_1_20' title='bbox 1844 713 1938 789; x_wconf 82' lang='grc' dir='ltr'>μὲν</span> 
     </span>
    </p>

    <p class='ocr_par' dir='ltr' id='par_1_4' title="bbox 472 800 2021 3780">
     <span class='ocr_line' id='line_1_5' title="bbox 602 800 2021 883; baseline -0.003 -22"><span class='ocrx_word' id='word_1_21' title='bbox 602 824 695 879; x_wconf 87' lang='lat'><strong>97.</strong></span> <span class='ocrx_word' id='word_1_22' title='bbox 738 804 1030 883; x_wconf 83' lang='grc' dir='ltr'>τοσήμερον</span> <span class='ocrx_word' id='word_1_23' title='bbox 1076 845 1569 865; x_wconf 86' lang='grc'><strong><em>.........</em></strong></span> <span class='ocrx_word' id='word_1_24' title='bbox 1592 802 1653 859; x_wconf 82' lang='grc' dir='ltr'><strong>τὸ</strong></span> <span class='ocrx_word' id='word_1_25' title='bbox 1678 800 1912 879; x_wconf 75' lang='grc' dir='ltr'>σήμερον</span> <span class='ocrx_word' id='word_1_26' title='bbox 1937 802 2021 878; x_wconf 80' lang='lat'><strong>(2)</strong></span> 
     </span>
     <span class='ocr_line' id='line_1_6' title="bbox 480 888 2021 967; baseline -0.002 -17"><span class='ocrx_word' id='word_1_27' title='bbox 480 895 549 950; x_wconf 86' lang='lat' dir='ltr'><strong>In</strong></span> <span class='ocrx_word' id='word_1_28' title='bbox 564 894 819 949; x_wconf 76' lang='lat' dir='ltr'>carmine</span> <span class='ocrx_word' id='word_1_29' title='bbox 844 892 1037 949; x_wconf 83' lang='lat' dir='ltr'>Bionis</span> <span class='ocrx_word' id='word_1_30' title='bbox 1067 891 1131 949; x_wconf 89' lang='lat' dir='ltr'><strong>B&#39;</strong></span> <span class='ocrx_word' id='word_1_31' title='bbox 1156 888 1297 967; x_wconf 76' lang='lat' dir='ltr'><strong>[tE‘]</strong></span> <span class='ocrx_word' id='word_1_32' title='bbox 1325 908 1506 965; x_wconf 89' lang='lat' dir='ltr'><strong>quum</strong></span> <span class='ocrx_word' id='word_1_33' title='bbox 1534 891 1697 965; x_wconf 90' lang='lat' dir='ltr'><strong>optio</strong></span> <span class='ocrx_word' id='word_1_34' title='bbox 1719 888 1861 947; x_wconf 90' lang='lat' dir='ltr'><strong>mihi</strong></span> <span class='ocrx_word' id='word_1_35' title='bbox 1887 888 2021 947; x_wconf 88' lang='lat' dir='ltr'><strong>data</strong></span> 
     </span>
     <span class='ocr_line' id='line_1_7' title="bbox 478 976 2020 1053; baseline 0 -19"><span class='ocrx_word' id='word_1_36' title='bbox 478 992 647 1049; x_wconf 89' lang='lat' dir='ltr'><strong>esset,</strong></span> <span class='ocrx_word' id='word_1_37' title='bbox 673 992 869 1036; x_wconf 87' lang='lat' dir='ltr'><strong>utrum</strong></span> <span class='ocrx_word' id='word_1_38' title='bbox 899 978 1137 1035; x_wconf 83' lang='lat' dir='ltr'><strong>vitiosas</strong></span> <span class='ocrx_word' id='word_1_39' title='bbox 1175 976 1457 1034; x_wconf 88' lang='lat' dir='ltr'><strong>librorum</strong></span> <span class='ocrx_word' id='word_1_40' title='bbox 1492 978 1809 1053; x_wconf 83' lang='lat' dir='ltr'><strong>scripturas</strong></span> <span class='ocrx_word' id='word_1_41' title='bbox 1843 978 2020 1034; x_wconf 66' lang='lat' dir='ltr'><strong>relin-</strong></span> 
     </span>
     <span class='ocr_line' id='line_1_8' title="bbox 478 1064 2019 1141; baseline 0.004 -22"><span class='ocrx_word' id='word_1_42' title='bbox 478 1086 715 1141; x_wconf 83' lang='lat' dir='ltr'><strong>querem</strong></span> <span class='ocrx_word' id='word_1_43' title='bbox 742 1068 1001 1139; x_wconf 81' lang='lat' dir='ltr'><strong>intactas,</strong></span> <span class='ocrx_word' id='word_1_44' title='bbox 1027 1065 1087 1122; x_wconf 89' lang='lat' dir='ltr'><strong>id</strong></span> <span class='ocrx_word' id='word_1_45' title='bbox 1112 1064 1269 1141; x_wconf 89' lang='lat' dir='ltr'><strong>quod</strong></span> <span class='ocrx_word' id='word_1_46' title='bbox 1292 1066 1617 1137; x_wconf 64' lang='lat' dir='ltr'><strong>cautissime</strong></span> <span class='ocrx_word' id='word_1_47' title='bbox 1642 1066 1778 1121; x_wconf 83' lang='lat' dir='ltr'><strong>fecit</strong></span> <span class='ocrx_word' id='word_1_48' title='bbox 1800 1067 2019 1125; x_wconf 89' lang='lat' dir='ltr'><strong>Meine-</strong></span> 
     </span>
     <span class='ocr_line' id='line_1_9' title="bbox 480 1152 2015 1231; baseline 0.001 -22"><span class='ocrx_word' id='word_1_49' title='bbox 480 1154 623 1220; x_wconf 64' lang='lat' dir='ltr'><strong>liius,</strong></span> <span class='ocrx_word' id='word_1_50' title='bbox 645 1175 717 1211; x_wconf 85' lang='lat' dir='ltr'><strong>an</strong></span> <span class='ocrx_word' id='word_1_51' title='bbox 748 1156 939 1231; x_wconf 84' lang='lat' dir='ltr'><strong>plures</strong></span> <span class='ocrx_word' id='word_1_52' title='bbox 964 1152 1323 1230; x_wconf 87' lang='lat' dir='ltr'><strong>conjecturas</strong></span> <span class='ocrx_word' id='word_1_53' title='bbox 1350 1174 1559 1231; x_wconf 83' lang='lat' dir='ltr'><strong>easque</strong></span> <span class='ocrx_word' id='word_1_54' title='bbox 1589 1153 1928 1211; x_wconf 85' lang='lat' dir='ltr'><strong>audaciores</strong></span> <span class='ocrx_word' id='word_1_55' title='bbox 1957 1156 2015 1211; x_wconf 94' lang='lat' dir='ltr'><strong>in</strong></span> 
     </span>
     <span class='ocr_line' id='line_1_10' title="bbox 478 1239 2019 1317; baseline 0.003 -22"><span class='ocrx_word' id='word_1_56' title='bbox 478 1239 743 1299; x_wconf 79' lang='lat' dir='ltr'><strong>ordinem</strong></span> <span class='ocrx_word' id='word_1_57' title='bbox 768 1241 1075 1299; x_wconf 86' lang='lat' dir='ltr'><strong>verborum</strong></span> <span class='ocrx_word' id='word_1_58' title='bbox 1104 1240 1445 1317; x_wconf 79' lang='lat' dir='ltr'><strong>reciperem,</strong></span> <span class='ocrx_word' id='word_1_59' title='bbox 1471 1260 1578 1316; x_wconf 80' lang='lat' dir='ltr'><strong>ego</strong></span> <span class='ocrx_word' id='word_1_60' title='bbox 1604 1242 1825 1297; x_wconf 85' lang='lat' dir='ltr'><strong>ratione</strong></span> <span class='ocrx_word' id='word_1_61' title='bbox 1845 1240 2019 1315; x_wconf 88' lang='lat' dir='ltr'><strong>hujus</strong></span> 
     </span>
     <span class='ocr_line' id='line_1_11' title="bbox 477 1326 2018 1407; baseline 0 -23"><span class='ocrx_word' id='word_1_62' title='bbox 477 1326 845 1387; x_wconf 77' lang='lat' dir='ltr'><strong>bibliothecae</strong></span> <span class='ocrx_word' id='word_1_63' title='bbox 892 1328 1087 1386; x_wconf 84' lang='lat' dir='ltr'><strong>habita</strong></span> <span class='ocrx_word' id='word_1_64' title='bbox 1124 1331 1410 1407; x_wconf 82' lang='lat' dir='ltr'><strong>posterius</strong></span> <span class='ocrx_word' id='word_1_65' title='bbox 1440 1328 1699 1404; x_wconf 86' lang='lat' dir='ltr'><strong>praetuli,</strong></span> <span class='ocrx_word' id='word_1_66' title='bbox 1740 1348 1853 1383; x_wconf 90' lang='lat' dir='ltr'><strong>non</strong></span> <span class='ocrx_word' id='word_1_67' title='bbox 1902 1349 2018 1404; x_wconf 87' lang='lat' dir='ltr'><strong>quo</strong></span> 
     </span>
     <span class='ocr_line' id='line_1_12' title="bbox 478 1416 2018 1495; baseline 0 -22"><span class='ocrx_word' id='word_1_68' title='bbox 478 1431 662 1475; x_wconf 88' lang='lat' dir='ltr'><strong>certas</strong></span> <span class='ocrx_word' id='word_1_69' title='bbox 686 1416 903 1495; x_wconf 91' lang='lat' dir='ltr'><strong>ubique</strong></span> <span class='ocrx_word' id='word_1_70' title='bbox 928 1418 1203 1474; x_wconf 84' lang='lat' dir='ltr'><strong>haberem</strong></span> <span class='ocrx_word' id='word_1_71' title='bbox 1234 1419 1596 1490; x_wconf 85' lang='lat' dir='ltr'><strong>conjecturas</strong></span> <span class='ocrx_word' id='word_1_72' title='bbox 1624 1428 1898 1493; x_wconf 76' lang='lat' dir='ltr'><strong>receptaS,</strong></span> <span class='ocrx_word' id='word_1_73' title='bbox 1917 1417 2018 1474; x_wconf 89' lang='lat' dir='ltr'><strong>sed</strong></span> 
     </span>
     <span class='ocr_line' id='line_1_13' title="bbox 478 1502 2014 1580; baseline -0.003 -21"><span class='ocrx_word' id='word_1_74' title='bbox 478 1517 543 1559; x_wconf 88' lang='lat' dir='ltr'><strong>ut</strong></span> <span class='ocrx_word' id='word_1_75' title='bbox 565 1504 676 1579; x_wconf 83' lang='lat' dir='ltr'><strong>legi</strong></span> <span class='ocrx_word' id='word_1_76' title='bbox 698 1516 860 1562; x_wconf 88' lang='lat' dir='ltr'><strong>certe</strong></span> <span class='ocrx_word' id='word_1_77' title='bbox 892 1515 1088 1580; x_wconf 86' lang='lat' dir='ltr'><strong>posset</strong></span> <span class='ocrx_word' id='word_1_78' title='bbox 1110 1503 1221 1559; x_wconf 90' lang='lat' dir='ltr'><strong>hoc</strong></span> <span class='ocrx_word' id='word_1_79' title='bbox 1252 1522 1481 1559; x_wconf 82' lang='lat' dir='ltr'><strong>carmen</strong></span> <span class='ocrx_word' id='word_1_80' title='bbox 1510 1502 2014 1579; x_wconf 84' lang='lat' dir='ltr'><strong>elegantissimum.</strong></span> 
     </span>
     <span class='ocr_line' id='line_1_14' title="bbox 474 1592 2018 1675; baseline -0.001 -26"><span class='ocrx_word' id='word_1_81' title='bbox 474 1596 679 1669; x_wconf 86' lang='lat' dir='ltr'><strong>Itaque</strong></span> <span class='ocrx_word' id='word_1_82' title='bbox 707 1593 785 1650; x_wconf 85' lang='lat' dir='ltr'><strong>nit</strong></span> <span class='ocrx_word' id='word_1_83' title='bbox 816 1606 1079 1669; x_wconf 89' lang='lat' dir='ltr'><strong>superest</strong></span> <span class='ocrx_word' id='word_1_84' title='bbox 1114 1592 1221 1649; x_wconf 91' lang='lat' dir='ltr'><strong>nisi</strong></span> <span class='ocrx_word' id='word_1_85' title='bbox 1260 1605 1325 1648; x_wconf 95' lang='lat' dir='ltr'><strong>ut</strong></span> <span class='ocrx_word' id='word_1_86' title='bbox 1358 1592 1609 1675; x_wconf 74' lang='lat' dir='ltr'><strong>indicem</strong></span> <span class='ocrx_word' id='word_1_87' title='bbox 1634 1637 1649 1661; x_wconf 95' lang='lat'>,</span> <span class='ocrx_word' id='word_1_88' title='bbox 1680 1612 1711 1646; x_wconf 75' lang='lat' dir='ltr'><strong>a</strong></span> <span class='ocrx_word' id='word_1_89' title='bbox 1746 1612 1863 1667; x_wconf 90' lang='lat' dir='ltr'><strong>quo</strong></span> <span class='ocrx_word' id='word_1_90' title='bbox 1903 1592 2018 1648; x_wconf 89' lang='lat' dir='ltr'><strong>sint</strong></span> 
     </span>
     <span class='ocr_line' id='line_1_15' title="bbox 476 1678 2014 1756; baseline 0.001 -23"><span class='ocrx_word' id='word_1_91' title='bbox 476 1678 714 1755; x_wconf 82' lang='lat' dir='ltr'><strong>singulae</strong></span> <span class='ocrx_word' id='word_1_92' title='bbox 745 1680 1101 1756; x_wconf 87' lang='lat' dir='ltr'><strong>suspiciones</strong></span> <span class='ocrx_word' id='word_1_93' title='bbox 1148 1680 1457 1755; x_wconf 86' lang='lat' dir='ltr'><strong>profectae,</strong></span> <span class='ocrx_word' id='word_1_94' title='bbox 1503 1697 1847 1754; x_wconf 86' lang='lat' dir='ltr'><strong>quamquam</strong></span> <span class='ocrx_word' id='word_1_95' title='bbox 1899 1700 2014 1734; x_wconf 91' lang='lat' dir='ltr'><strong>non</strong></span> 
     </span>
     <span class='ocr_line' id='line_1_16' title="bbox 477 1765 2014 1844; baseline 0.001 -23"><span class='ocrx_word' id='word_1_96' title='bbox 477 1766 716 1840; x_wconf 84' lang='lat' dir='ltr'><strong>ignoro,</strong></span> <span class='ocrx_word' id='word_1_97' title='bbox 768 1786 861 1823; x_wconf 89' lang='lat' dir='ltr'><strong>me</strong></span> <span class='ocrx_word' id='word_1_98' title='bbox 883 1766 1015 1844; x_wconf 66' lang='lat' dir='ltr'><strong>JW&#39;e</strong></span> <span class='ocrx_word' id='word_1_99' title='bbox 1047 1768 1439 1825; x_wconf 86' lang='lat' dir='ltr'><strong>insimulatum</strong></span> <span class='ocrx_word' id='word_1_100' title='bbox 1482 1766 1553 1822; x_wconf 89' lang='lat' dir='ltr'><strong>iri</strong></span> <span class='ocrx_word' id='word_1_101' title='bbox 1580 1765 1851 1823; x_wconf 83' lang='lat' dir='ltr'><strong>audaciae.</strong></span> <span class='ocrx_word' id='word_1_102' title='bbox 1882 1772 1949 1823; x_wconf 90' lang='lat' dir='ltr'><strong>V.</strong></span> <span class='ocrx_word' id='word_1_103' title='bbox 1983 1769 2014 1822; x_wconf 83' lang='lat'>3</span> 
     </span>
     <span class='ocr_line' id='line_1_17' title="bbox 476 1852 2012 1933; baseline 0.001 -21"><span class='ocrx_word' id='word_1_104' title='bbox 476 1852 593 1933; x_wconf 76' lang='grc' dir='ltr'>ᾀόνι</span> <span class='ocrx_word' id='word_1_105' title='bbox 620 1875 749 1912; x_wconf 90' lang='lat' dir='ltr'><strong>cum</strong></span> <span class='ocrx_word' id='word_1_106' title='bbox 793 1856 1082 1915; x_wconf 87' lang='lat' dir='ltr'><strong>Brunckio</strong></span> <span class='ocrx_word' id='word_1_107' title='bbox 1128 1869 1183 1913; x_wconf 89' lang='lat' dir='ltr'><strong>et</strong></span> <span class='ocrx_word' id='word_1_108' title='bbox 1219 1855 1577 1913; x_wconf 82' lang='lat' dir='ltr'><strong>Miihlmann.</strong></span> <span class='ocrx_word' id='word_1_109' title='bbox 1629 1875 1684 1931; x_wconf 92' lang='lat' dir='ltr'><strong>p.</strong></span> <span class='ocrx_word' id='word_1_110' title='bbox 1735 1855 2012 1913; x_wconf 87' lang='lat' dir='ltr'><strong>66.—v.</strong></span> 
     </span>
     <span class='ocr_line' id='line_1_18' title="bbox 480 1941 2016 2019; baseline 0.003 -22"><span class='ocrx_word' id='word_1_111' title='bbox 480 1941 513 1996; x_wconf 82' lang='lat'><strong>5</strong></span> <span class='ocrx_word' id='word_1_112' title='bbox 557 1961 687 1999; x_wconf 90' lang='lat' dir='ltr'><strong>cum</strong></span> <span class='ocrx_word' id='word_1_113' title='bbox 716 1943 843 2001; x_wconf 78' lang='lat' dir='ltr'><strong>aliis</strong></span> <span class='ocrx_word' id='word_1_114' title='bbox 873 1964 944 2001; x_wconf 86' lang='lat' dir='ltr'><strong>ex</strong></span> <span class='ocrx_word' id='word_1_115' title='bbox 978 1945 1339 2001; x_wconf 81' lang='lat' dir='ltr'><strong>correctione</strong></span> <span class='ocrx_word' id='word_1_116' title='bbox 1372 1944 1645 2019; x_wconf 91' lang='lat' dir='ltr'><strong>Lennepii</strong></span> <span class='ocrx_word' id='word_1_117' title='bbox 1670 1986 1687 2013; x_wconf 90' lang='lat'><strong>,</strong></span> <span class='ocrx_word' id='word_1_118' title='bbox 1728 1944 1835 2000; x_wconf 89' lang='lat' dir='ltr'><strong>nisi</strong></span> <span class='ocrx_word' id='word_1_119' title='bbox 1863 1943 2016 2002; x_wconf 90' lang='lat' dir='ltr'><strong>forte</strong></span> 
     </span>
     <span class='ocr_line' id='line_1_19' title="bbox 477 2031 2013 2108; baseline 0.002 -22"><span class='ocrx_word' id='word_1_120' title='bbox 477 2049 586 2106; x_wconf 91' lang='lat' dir='ltr'><strong>pro</strong></span> <span class='ocrx_word' id='word_1_121' title='bbox 613 2032 756 2097; x_wconf 81' lang='grc' dir='ltr'>ζαλῶ</span> <span class='ocrx_word' id='word_1_122' title='bbox 781 2031 945 2089; x_wconf 86' lang='lat' dir='ltr'><strong>malis</strong></span> <span class='ocrx_word' id='word_1_123' title='bbox 966 2035 1124 2100; x_wconf 82' lang='grc' dir='ltr'><strong>ζατῶ.</strong></span> <span class='ocrx_word' id='word_1_124' title='bbox 1148 2070 1227 2083; x_wconf 91' lang='grc'>-</span> <span class='ocrx_word' id='word_1_125' title='bbox 1246 2038 1488 2089; x_wconf 84' lang='lat' dir='ltr'><strong>Versum</strong></span> <span class='ocrx_word' id='word_1_126' title='bbox 1516 2034 1821 2108; x_wconf 90' lang='lat' dir='ltr'><strong>septimum</strong></span> <span class='ocrx_word' id='word_1_127' title='bbox 1849 2032 2013 2089; x_wconf 79' lang='lat' dir='ltr'><strong>exhi-</strong></span> 
     </span>
     <span class='ocr_line' id='line_1_20' title="bbox 474 2116 2011 2178; baseline -0.001 -4"><span class='ocrx_word' id='word_1_128' title='bbox 474 2116 578 2174; x_wconf 90' lang='lat' dir='ltr'><strong>bui</strong></span> <span class='ocrx_word' id='word_1_129' title='bbox 603 2138 674 2174; x_wconf 86' lang='lat' dir='ltr'><strong>ex</strong></span> <span class='ocrx_word' id='word_1_130' title='bbox 700 2120 981 2176; x_wconf 86' lang='lat' dir='ltr'><strong>sententia</strong></span> <span class='ocrx_word' id='word_1_131' title='bbox 1008 2124 1071 2177; x_wconf 94' lang='grc' dir='ltr'><strong>Ο.</strong></span> <span class='ocrx_word' id='word_1_132' title='bbox 1097 2119 1438 2178; x_wconf 88' lang='lat' dir='ltr'><strong>Schneideri</strong></span> <span class='ocrx_word' id='word_1_133' title='bbox 1468 2119 1523 2175; x_wconf 91' lang='lat' dir='ltr'><strong>in</strong></span> <span class='ocrx_word' id='word_1_134' title='bbox 1555 2123 1703 2177; x_wconf 85' lang='lat' dir='ltr'><strong>Nov.</strong></span> <span class='ocrx_word' id='word_1_135' title='bbox 1728 2122 1874 2175; x_wconf 82' lang='lat' dir='ltr'><strong>Mus.</strong></span> <span class='ocrx_word' id='word_1_136' title='bbox 1901 2119 2011 2176; x_wconf 88' lang='lat' dir='ltr'><strong>Rh.</strong></span> 
     </span>
     <span class='ocr_line' id='line_1_21' title="bbox 474 2206 2016 2285; baseline 0.001 -23"><span class='ocrx_word' id='word_1_137' title='bbox 474 2226 525 2262; x_wconf 90' lang='lat' dir='ltr'><strong>a.</strong></span> <span class='ocrx_word' id='word_1_138' title='bbox 566 2208 734 2275; x_wconf 69' lang='lat'><strong>1844.</strong></span> <span class='ocrx_word' id='word_1_139' title='bbox 775 2210 881 2265; x_wconf 93' lang='lat'><strong>111.</strong></span> <span class='ocrx_word' id='word_1_140' title='bbox 918 2227 973 2283; x_wconf 89' lang='lat' dir='ltr'><strong>p.</strong></span> <span class='ocrx_word' id='word_1_141' title='bbox 1006 2209 1149 2283; x_wconf 88' lang='lat'><strong>630,</strong></span> <span class='ocrx_word' id='word_1_142' title='bbox 1191 2209 1411 2285; x_wconf 88' lang='lat' dir='ltr'><strong>reliqua</strong></span> <span class='ocrx_word' id='word_1_143' title='bbox 1452 2207 1535 2263; x_wconf 90' lang='lat' dir='ltr'><strong>sic</strong></span> <span class='ocrx_word' id='word_1_144' title='bbox 1582 2219 1646 2263; x_wconf 97' lang='grc' dir='ltr'><strong>ιιι</strong></span> <span class='ocrx_word' id='word_1_145' title='bbox 1682 2206 2016 2264; x_wconf 78' lang='lat' dir='ltr'><strong>dubitanter</strong></span> 
     </span>
     <span class='ocr_line' id='line_1_22' title="bbox 474 2292 2013 2373; baseline 0.001 -24"><span class='ocrx_word' id='word_1_146' title='bbox 474 2295 773 2351; x_wconf 88' lang='lat' dir='ltr'><strong>constituit</strong></span> <span class='ocrx_word' id='word_1_147' title='bbox 804 2298 1113 2355; x_wconf 83' lang='lat' dir='ltr'><strong>Hermann.</strong></span> <span class='ocrx_word' id='word_1_148' title='bbox 1159 2328 1238 2339; x_wconf 95' lang='lat'>—</span> <span class='ocrx_word' id='word_1_149' title='bbox 1272 2300 1331 2351; x_wconf 92' lang='lat' dir='ltr'><strong>V.</strong></span> <span class='ocrx_word' id='word_1_150' title='bbox 1372 2316 1431 2352; x_wconf 86' lang='grc' dir='ltr'><strong>ιι</strong></span> <span class='ocrx_word' id='word_1_151' title='bbox 1466 2292 1675 2373; x_wconf 71' lang='grc' dir='ltr'>Οἰνώνᾳ</span> <span class='ocrx_word' id='word_1_152' title='bbox 1702 2314 1775 2351; x_wconf 83' lang='lat' dir='ltr'><strong>ex</strong></span> <span class='ocrx_word' id='word_1_153' title='bbox 1811 2295 2013 2371; x_wconf 88' lang='lat' dir='ltr'><strong>conje-</strong></span> 
     </span>
     <span class='ocr_line' id='line_1_23' title="bbox 474 2378 2010 2463; baseline 0.003 -26"><span class='ocrx_word' id='word_1_154' title='bbox 474 2393 661 2441; x_wconf 87' lang='lat' dir='ltr'><strong>ctura.</strong></span> <span class='ocrx_word' id='word_1_155' title='bbox 692 2427 765 2437; x_wconf 89' lang='grc'>-</span> <span class='ocrx_word' id='word_1_156' title='bbox 804 2386 871 2443; x_wconf 90' lang='lat' dir='ltr'><strong>V.</strong></span> <span class='ocrx_word' id='word_1_157' title='bbox 903 2392 969 2450; x_wconf 73' lang='lat'><strong>¹4</strong></span> <span class='ocrx_word' id='word_1_158' title='bbox 998 2383 1167 2463; x_wconf 80' lang='grc' dir='ltr'>φέρων</span> <span class='ocrx_word' id='word_1_159' title='bbox 1202 2382 1517 2440; x_wconf 71' lang='grc' dir='ltr'>δύστανον</span> <span class='ocrx_word' id='word_1_160' title='bbox 1552 2378 1719 2459; x_wconf 76' lang='grc' dir='ltr'>Ἄρηα</span> <span class='ocrx_word' id='word_1_161' title='bbox 1754 2388 2010 2461; x_wconf 86' lang='lat' dir='ltr'><strong>Lennep.</strong></span> 
     </span>
     <span class='ocr_line' id='line_1_24' title="bbox 474 2469 2012 2549; baseline 0.001 -24"><span class='ocrx_word' id='word_1_162' title='bbox 474 2469 793 2546; x_wconf 87' lang='lat' dir='ltr'><strong>Bentlejus‚</strong></span> <span class='ocrx_word' id='word_1_163' title='bbox 838 2470 1011 2527; x_wconf 83' lang='lat' dir='ltr'><strong>Graef.</strong></span> <span class='ocrx_word' id='word_1_164' title='bbox 1054 2476 1365 2530; x_wconf 83' lang='lat' dir='ltr'><strong>Hermann.</strong></span> <span class='ocrx_word' id='word_1_165' title='bbox 1420 2470 1793 2548; x_wconf 88' lang='lat' dir='ltr'><strong>Participium</strong></span> <span class='ocrx_word' id='word_1_166' title='bbox 1843 2469 2012 2549; x_wconf 82' lang='grc' dir='ltr'>φέρων</span> 
     </span>
     <span class='ocr_line' id='line_1_25' title="bbox 473 2558 2015 2635; baseline 0.001 -21"><span class='ocrx_word' id='word_1_167' title='bbox 473 2559 567 2615; x_wconf 80' lang='lat' dir='ltr'><strong>vel</strong></span> <span class='ocrx_word' id='word_1_168' title='bbox 608 2562 691 2615; x_wconf 91' lang='lat' dir='ltr'><strong>sic</strong></span> <span class='ocrx_word' id='word_1_169' title='bbox 738 2558 1141 2635; x_wconf 85' lang='lat' dir='ltr'><strong>explicandum</strong></span> <span class='ocrx_word' id='word_1_170' title='bbox 1196 2574 1312 2632; x_wconf 87' lang='lat' dir='ltr'><strong>est,</strong></span> <span class='ocrx_word' id='word_1_171' title='bbox 1358 2571 1421 2616; x_wconf 92' lang='lat' dir='ltr'><strong>ut</strong></span> <span class='ocrx_word' id='word_1_172' title='bbox 1466 2560 1685 2635; x_wconf 81' lang='lat' dir='ltr'><strong>synesis</strong></span> <span class='ocrx_word' id='word_1_173' title='bbox 1729 2572 2015 2617; x_wconf 80' lang='lat' dir='ltr'><strong>statuatur</strong></span> 
     </span>
     <span class='ocr_line' id='line_1_26' title="bbox 476 2644 2014 2723; baseline 0 -20"><span class='ocrx_word' id='word_1_174' title='bbox 476 2648 644 2723; x_wconf 82' lang='lat' dir='ltr'><strong>quasi</strong></span> <span class='ocrx_word' id='word_1_175' title='bbox 696 2646 1049 2723; x_wconf 81' lang='lat' dir='ltr'><strong>praecederet</strong></span> <span class='ocrx_word' id='word_1_176' title='bbox 1092 2644 1363 2711; x_wconf 70' lang='grc' dir='ltr'>ἕκαστος</span> <span class='ocrx_word' id='word_1_177' title='bbox 1408 2648 1531 2703; x_wconf 83' lang='lat' dir='ltr'><strong>sive</strong></span> <span class='ocrx_word' id='word_1_178' title='bbox 1576 2655 1695 2711; x_wconf 78' lang='grc' dir='ltr'><strong>πᾶς</strong></span> <span class='ocrx_word' id='word_1_179' title='bbox 1736 2646 1918 2717; x_wconf 85' lang='grc' dir='ltr'>νηυσὶν</span> <span class='ocrx_word' id='word_1_180' title='bbox 1958 2649 2014 2703; x_wconf 80' lang='grc' dir='ltr'>ἐν</span> 
     </span>
     <span class='ocr_line' id='line_1_27' title="bbox 478 2732 2013 2815; baseline 0 -24"><span class='ocrx_word' id='word_1_181' title='bbox 478 2733 824 2815; x_wconf 82' lang='grc' dir='ltr'>ὠκυπόροισιν</span> <span class='ocrx_word' id='word_1_182' title='bbox 848 2732 1081 2807; x_wconf 76' lang='grc' dir='ltr'>ἕδαινεν,</span> <span class='ocrx_word' id='word_1_183' title='bbox 1110 2736 1198 2792; x_wconf 88' lang='lat' dir='ltr'><strong>vel</strong></span> <span class='ocrx_word' id='word_1_184' title='bbox 1224 2736 1307 2792; x_wconf 91' lang='lat' dir='ltr'><strong>sic</strong></span> <span class='ocrx_word' id='word_1_185' title='bbox 1330 2748 1396 2792; x_wconf 92' lang='lat' dir='ltr'><strong>ut</strong></span> <span class='ocrx_word' id='word_1_186' title='bbox 1428 2735 1757 2812; x_wconf 90' lang='lat' dir='ltr'><strong>praecedens</strong></span> <span class='ocrx_word' id='word_1_187' title='bbox 1784 2736 2013 2813; x_wconf 82' lang='lat' dir='ltr'><strong>negatio</strong></span> 
     </span>
     <span class='ocr_line' id='line_1_28' title="bbox 477 2822 2015 2899; baseline 0.001 -21"><span class='ocrx_word' id='word_1_188' title='bbox 477 2822 591 2878; x_wconf 90' lang='lat' dir='ltr'><strong>huc</strong></span> <span class='ocrx_word' id='word_1_189' title='bbox 646 2841 881 2899; x_wconf 87' lang='lat' dir='ltr'><strong>quoque</strong></span> <span class='ocrx_word' id='word_1_190' title='bbox 938 2826 1222 2899; x_wconf 75' lang='lat' dir='ltr'><strong>pertineat</strong></span> <span class='ocrx_word' id='word_1_191' title='bbox 1274 2844 1345 2881; x_wconf 85' lang='lat' dir='ltr'><strong>ex</strong></span> <span class='ocrx_word' id='word_1_192' title='bbox 1395 2843 1502 2880; x_wconf 87' lang='lat' dir='ltr'><strong>usu</strong></span> <span class='ocrx_word' id='word_1_193' title='bbox 1526 2868 1541 2895; x_wconf 91' lang='lat'>,</span> <span class='ocrx_word' id='word_1_194' title='bbox 1593 2842 1761 2899; x_wconf 91' lang='lat' dir='ltr'><strong>quem</strong></span> <span class='ocrx_word' id='word_1_195' title='bbox 1818 2825 2015 2898; x_wconf 83' lang='lat' dir='ltr'><strong>Poppo</strong></span> 
     </span>
     <span class='ocr_line' id='line_1_29' title="bbox 474 2908 2009 2988; baseline 0 -20"><span class='ocrx_word' id='word_1_196' title='bbox 474 2908 717 2970; x_wconf 87' lang='lat' dir='ltr'><strong>Observ.</strong></span> <span class='ocrx_word' id='word_1_197' title='bbox 744 2911 868 2967; x_wconf 75' lang='lat' dir='ltr'><strong>(trit.</strong></span> <span class='ocrx_word' id='word_1_198' title='bbox 898 2910 952 2967; x_wconf 90' lang='lat' dir='ltr'><strong>in</strong></span> <span class='ocrx_word' id='word_1_199' title='bbox 980 2910 1240 2988; x_wconf 82' lang='lat' dir='ltr'><strong>Thucyd.</strong></span> <span class='ocrx_word' id='word_1_200' title='bbox 1269 2932 1325 2988; x_wconf 89' lang='lat' dir='ltr'><strong>p.</strong></span> <span class='ocrx_word' id='word_1_201' title='bbox 1355 2915 1447 2970; x_wconf 90' lang='lat'><strong>61.</strong></span> <span class='ocrx_word' id='word_1_202' title='bbox 1480 2911 1714 2968; x_wconf 80' lang='lat' dir='ltr'><strong>Goeller.</strong></span> <span class='ocrx_word' id='word_1_203' title='bbox 1743 2910 1801 2967; x_wconf 92' lang='lat' dir='ltr'><strong>in</strong></span> <span class='ocrx_word' id='word_1_204' title='bbox 1826 2910 2009 2974; x_wconf 85' lang='lat' dir='ltr'><strong>Thuc.</strong></span> 
     </span>
     <span class='ocr_line' id='line_1_30' title="bbox 474 2998 2010 3077; baseline 0.001 -21"><span class='ocrx_word' id='word_1_205' title='bbox 474 3003 520 3068; x_wconf 92' lang='lat'><strong>1,</strong></span> <span class='ocrx_word' id='word_1_206' title='bbox 548 3019 634 3054; x_wconf 67' lang='grc' dir='ltr'><strong>ια.</strong></span> <span class='ocrx_word' id='word_1_207' title='bbox 660 3002 851 3054; x_wconf 83' lang='lat' dir='ltr'><strong>Haase</strong></span> <span class='ocrx_word' id='word_1_208' title='bbox 867 2998 1119 3059; x_wconf 91' lang='lat' dir='ltr'><strong>Lucubr.</strong></span> <span class='ocrx_word' id='word_1_209' title='bbox 1146 3021 1201 3076; x_wconf 88' lang='lat' dir='ltr'><strong>p.</strong></span> <span class='ocrx_word' id='word_1_210' title='bbox 1239 3022 1253 3054; x_wconf 92' lang='grc' dir='ltr'><strong>ι</strong></span> <span class='ocrx_word' id='word_1_211' title='bbox 1278 3021 1293 3054; x_wconf 92' lang='grc' dir='ltr'><strong>ι</strong></span> <span class='ocrx_word' id='word_1_212' title='bbox 1324 3021 1409 3077; x_wconf 88' lang='lat' dir='ltr'><strong>sq.</strong></span> <span class='ocrx_word' id='word_1_213' title='bbox 1452 3002 1675 3057; x_wconf 87' lang='lat' dir='ltr'><strong>Dissen.</strong></span> <span class='ocrx_word' id='word_1_214' title='bbox 1700 2999 1759 3055; x_wconf 89' lang='lat' dir='ltr'><strong>in</strong></span> <span class='ocrx_word' id='word_1_215' title='bbox 1782 2999 2010 3058; x_wconf 86' lang='lat' dir='ltr'><strong>Pindar.</strong></span> 
     </span>
     <span class='ocr_line' id='line_1_31' title="bbox 477 3086 2011 3162; baseline 0.004 -19"><span class='ocrx_word' id='word_1_216' title='bbox 477 3091 558 3144; x_wconf 90' lang='lat'><strong>11.</strong></span> <span class='ocrx_word' id='word_1_217' title='bbox 582 3106 636 3162; x_wconf 87' lang='lat' dir='ltr'><strong>p.</strong></span> <span class='ocrx_word' id='word_1_218' title='bbox 669 3088 782 3160; x_wconf 83' lang='lat'><strong>379</strong></span> <span class='ocrx_word' id='word_1_219' title='bbox 806 3130 823 3158; x_wconf 93' lang='lat'><strong>,</strong></span> <span class='ocrx_word' id='word_1_220' title='bbox 842 3086 955 3142; x_wconf 73' lang='lat' dir='ltr'><strong>”alii</strong></span> <span class='ocrx_word' id='word_1_221' title='bbox 994 3087 1374 3144; x_wconf 75' lang='lat' dir='ltr'><strong>illustrarunt.</strong></span> <span class='ocrx_word' id='word_1_222' title='bbox 1412 3091 1706 3146; x_wconf 79' lang='lat' dir='ltr'><strong>Posterius</strong></span> <span class='ocrx_word' id='word_1_223' title='bbox 1734 3108 1904 3146; x_wconf 90' lang='lat' dir='ltr'><strong>suasu</strong></span> <span class='ocrx_word' id='word_1_224' title='bbox 1939 3095 2011 3149; x_wconf 91' lang='grc' dir='ltr'><strong>Ο.</strong></span> 
     </span>
     <span class='ocr_line' id='line_1_32' title="bbox 476 3165 2014 3255; baseline 0.001 -24"><span class='ocrx_word' id='word_1_225' title='bbox 476 3172 805 3231; x_wconf 87' lang='lat' dir='ltr'><strong>Schneideri</strong></span> <span class='ocrx_word' id='word_1_226' title='bbox 850 3165 1113 3250; x_wconf 67' lang='lat' dir='ltr'><strong>praefero,</strong></span> <span class='ocrx_word' id='word_1_227' title='bbox 1164 3217 1239 3225; x_wconf 91' lang='lat'><strong>—</strong></span> <span class='ocrx_word' id='word_1_228' title='bbox 1274 3179 1338 3231; x_wconf 87' lang='lat' dir='ltr'><strong>V.</strong></span> <span class='ocrx_word' id='word_1_229' title='bbox 1393 3196 1460 3246; x_wconf 91' lang='lat'><strong>17</strong></span> <span class='ocrx_word' id='word_1_230' title='bbox 1509 3175 1825 3255; x_wconf 81' lang='grc' dir='ltr'>παρθενικὰν</span> <span class='ocrx_word' id='word_1_231' title='bbox 1868 3176 2014 3252; x_wconf 86' lang='grc' dir='ltr'>κρόκ’</span> 
     </span>
     <span class='ocr_line' id='line_1_33' title="bbox 478 3260 2012 3345; baseline 0.001 -27"><span class='ocrx_word' id='word_1_232' title='bbox 478 3264 684 3337; x_wconf 77' lang='grc' dir='ltr'>ἀνεῖχεν</span> <span class='ocrx_word' id='word_1_233' title='bbox 712 3260 1042 3318; x_wconf 82' lang='lat' dir='ltr'><strong>emendatio</strong></span> <span class='ocrx_word' id='word_1_234' title='bbox 1073 3276 1158 3318; x_wconf 87' lang='lat' dir='ltr'><strong>est</strong></span> <span class='ocrx_word' id='word_1_235' title='bbox 1181 3265 1516 3320; x_wconf 86' lang='lat' dir='ltr'><strong>Hermanni.</strong></span> <span class='ocrx_word' id='word_1_236' title='bbox 1540 3298 1617 3308; x_wconf 93' lang='lat'><em>-</em></span> <span class='ocrx_word' id='word_1_237' title='bbox 1654 3265 1727 3324; x_wconf 86' lang='lat' dir='ltr'><strong>V.</strong></span> <span class='ocrx_word' id='word_1_238' title='bbox 1766 3285 1841 3320; x_wconf 74' lang='lat' dir='ltr'><strong>ao</strong></span> <span class='ocrx_word' id='word_1_239' title='bbox 1867 3287 2012 3345; x_wconf 86' lang='grc' dir='ltr'>παρ-</span> 
     </span>
     <span class='ocr_line' id='line_1_34' title="bbox 473 3349 2010 3430; baseline 0.002 -23"><span class='ocrx_word' id='word_1_240' title='bbox 473 3355 679 3415; x_wconf 75' lang='grc' dir='ltr'>θενικᾶς</span> <span class='ocrx_word' id='word_1_241' title='bbox 707 3361 766 3407; x_wconf 88' lang='lat' dir='ltr'><strong>et</strong></span> <span class='ocrx_word' id='word_1_242' title='bbox 796 3349 1073 3430; x_wconf 74' lang='grc' dir='ltr'><strong>ιιαλύίτϊραΙ</strong></span> <span class='ocrx_word' id='word_1_243' title='bbox 1104 3369 1233 3406; x_wconf 86' lang='lat' dir='ltr'><strong>cum</strong></span> <span class='ocrx_word' id='word_1_244' title='bbox 1269 3351 1625 3410; x_wconf 78' lang='lat' dir='ltr'><strong>Miihlmann.</strong></span> <span class='ocrx_word' id='word_1_245' title='bbox 1666 3374 1723 3430; x_wconf 88' lang='lat' dir='ltr'><strong>p.</strong></span> <span class='ocrx_word' id='word_1_246' title='bbox 1771 3355 1898 3410; x_wconf 85' lang='lat'><strong>103.</strong></span> <span class='ocrx_word' id='word_1_247' title='bbox 1935 3387 2010 3396; x_wconf 95' lang='lat'>—</span> 
     </span>
     <span class='ocr_line' id='line_1_35' title="bbox 474 3434 2018 3516; baseline -0.001 -23"><span class='ocrx_word' id='word_1_248' title='bbox 474 3443 538 3495; x_wconf 84' lang='lat' dir='ltr'><strong>V.</strong></span> <span class='ocrx_word' id='word_1_249' title='bbox 603 3446 677 3505; x_wconf 76' lang='lat'><strong>24</strong></span> <span class='ocrx_word' id='word_1_250' title='bbox 725 3438 878 3512; x_wconf 85' lang='grc' dir='ltr'>σῶμ’</span> <span class='ocrx_word' id='word_1_251' title='bbox 924 3434 1023 3492; x_wconf 77' lang='grc' dir='ltr'>ἀνὰ</span> <span class='ocrx_word' id='word_1_252' title='bbox 1072 3436 1231 3493; x_wconf 84' lang='grc' dir='ltr'>καλὸν</span> <span class='ocrx_word' id='word_1_253' title='bbox 1280 3436 1420 3516; x_wconf 79' lang='grc' dir='ltr'>ἄειρε</span> <span class='ocrx_word' id='word_1_254' title='bbox 1474 3460 1547 3495; x_wconf 83' lang='lat' dir='ltr'><strong>ex</strong></span> <span class='ocrx_word' id='word_1_255' title='bbox 1604 3441 1756 3516; x_wconf 88' lang='lat' dir='ltr'><strong>conj.</strong></span> <span class='ocrx_word' id='word_1_256' title='bbox 1822 3441 2018 3496; x_wconf 77' lang='lat' dir='ltr'><strong>Ursini</strong></span> 
     </span>
     <span class='ocr_line' id='line_1_36' title="bbox 472 3526 2008 3604; baseline -0.001 -20"><span class='ocrx_word' id='word_1_257' title='bbox 472 3526 708 3584; x_wconf 85' lang='lat' dir='ltr'><strong>Heskin.</strong></span> <span class='ocrx_word' id='word_1_258' title='bbox 750 3526 997 3582; x_wconf 86' lang='lat' dir='ltr'><strong>Brunck.</strong></span> <span class='ocrx_word' id='word_1_259' title='bbox 1036 3526 1255 3583; x_wconf 85' lang='lat' dir='ltr'><strong>Harles.</strong></span> <span class='ocrx_word' id='word_1_260' title='bbox 1302 3527 1585 3584; x_wconf 90' lang='lat' dir='ltr'><strong>Teucher.</strong></span> <span class='ocrx_word' id='word_1_261' title='bbox 1628 3530 1846 3604; x_wconf 78' lang='lat' dir='ltr'><strong>BriggS.</strong></span> <span class='ocrx_word' id='word_1_262' title='bbox 1891 3527 2008 3583; x_wconf 80' lang='lat' dir='ltr'><strong>atii.</strong></span> 
     </span>
     <span class='ocr_line' id='line_1_37' title="bbox 472 3611 2008 3690; baseline -0.001 -19"><span class='ocrx_word' id='word_1_263' title='bbox 472 3620 561 3672; x_wconf 90' lang='lat' dir='ltr'><strong>De</strong></span> <span class='ocrx_word' id='word_1_264' title='bbox 598 3611 937 3670; x_wconf 84' lang='lat' dir='ltr'><strong>confusione</strong></span> <span class='ocrx_word' id='word_1_265' title='bbox 984 3631 1189 3669; x_wconf 82' lang='lat' dir='ltr'><strong>vocum</strong></span> <span class='ocrx_word' id='word_1_266' title='bbox 1238 3611 1411 3688; x_wconf 72' lang='grc' dir='ltr'>στόμα</span> <span class='ocrx_word' id='word_1_267' title='bbox 1458 3629 1515 3671; x_wconf 82' lang='lat' dir='ltr'><strong>et</strong></span> <span class='ocrx_word' id='word_1_268' title='bbox 1562 3619 1718 3690; x_wconf 67' lang='grc' dir='ltr'>σῶμα</span> <span class='ocrx_word' id='word_1_269' title='bbox 1760 3617 1873 3672; x_wconf 84' lang='lat' dir='ltr'><strong>vid.</strong></span> <span class='ocrx_word' id='word_1_270' title='bbox 1919 3619 2008 3671; x_wconf 89' lang='lat' dir='ltr'><strong>Fr.</strong></span> 
     </span>
     <span class='ocr_line' id='line_1_38' title="bbox 472 3700 2008 3780; baseline 0 -22"><span class='ocrx_word' id='word_1_271' title='bbox 472 3700 701 3759; x_wconf 80' lang='lat' dir='ltr'><strong>Jacobs.</strong></span> <span class='ocrx_word' id='word_1_272' title='bbox 734 3701 792 3758; x_wconf 91' lang='lat' dir='ltr'><strong>in</strong></span> <span class='ocrx_word' id='word_1_273' title='bbox 822 3700 1020 3757; x_wconf 83' lang='lat' dir='ltr'><strong>Achill.</strong></span> <span class='ocrx_word' id='word_1_274' title='bbox 1053 3705 1175 3757; x_wconf 78' lang='lat' dir='ltr'><strong>&#39;1&#39;at.</strong></span> <span class='ocrx_word' id='word_1_275' title='bbox 1212 3721 1269 3778; x_wconf 88' lang='lat' dir='ltr'><strong>p.</strong></span> <span class='ocrx_word' id='word_1_276' title='bbox 1303 3705 1415 3778; x_wconf 76' lang='grc'><strong>489</strong></span> <span class='ocrx_word' id='word_1_277' title='bbox 1440 3723 1525 3780; x_wconf 89' lang='lat' dir='ltr'><strong>sq.</strong></span> <span class='ocrx_word' id='word_1_278' title='bbox 1554 3703 1703 3761; x_wconf 86' lang='lat' dir='ltr'><strong>lbid.</strong></span> <span class='ocrx_word' id='word_1_279' title='bbox 1741 3703 2008 3761; x_wconf 81' lang='grc' dir='ltr'>δάκτυλ’</span> 
     </span>
    </p>
   </div>
   <div class='ocr_carea' id='block_1_4' title="bbox 420 3863 2010 5280">
    <p class='ocr_par' dir='ltr' id='par_1_5' title="bbox 472 3863 2008 4159">
     <span class='ocr_line' id='line_1_39' title="bbox 472 3863 2004 3930; baseline 0 -13"><span class='ocrx_word' id='word_1_280' title='bbox 472 3884 609 3930; x_wconf 85' lang='grc' dir='ltr'>γοντι</span> <span class='ocrx_word' id='word_1_281' title='bbox 633 3866 757 3916; x_wconf 79' lang='grc' dir='ltr'>πολὺ</span> <span class='ocrx_word' id='word_1_282' title='bbox 782 3867 926 3916; x_wconf 82' lang='grc' dir='ltr'>πλέον</span> <span class='ocrx_word' id='word_1_283' title='bbox 954 3863 986 3926; x_wconf 76' lang='grc' dir='ltr'><strong>ἢ</strong></span> <span class='ocrx_word' id='word_1_284' title='bbox 1012 3867 1070 3915; x_wconf 83' lang='grc' dir='ltr'><strong>τὺ</strong></span> <span class='ocrx_word' id='word_1_285' title='bbox 1100 3869 1278 3925; x_wconf 85' lang='grc' dir='ltr'>Διώνα,</span> <span class='ocrx_word' id='word_1_286' title='bbox 1307 3867 1391 3917; x_wconf 90' lang='lat' dir='ltr'><strong>ubi</strong></span> <span class='ocrx_word' id='word_1_287' title='bbox 1418 3879 1463 3917; x_wconf 86' lang='lat' dir='ltr'><strong>et</strong></span> <span class='ocrx_word' id='word_1_288' title='bbox 1490 3873 1731 3919; x_wconf 77' lang='lat' dir='ltr'><strong>Venerem</strong></span> <span class='ocrx_word' id='word_1_289' title='bbox 1750 3880 1794 3919; x_wconf 87' lang='lat' dir='ltr'><strong>et</strong></span> <span class='ocrx_word' id='word_1_290' title='bbox 1820 3871 2004 3920; x_wconf 83' lang='lat' dir='ltr'><strong>Adoni-</strong></span> 
     </span>
     <span class='ocr_line' id='line_1_40' title="bbox 476 3942 2008 4011; baseline 0.003 -21"><span class='ocrx_word' id='word_1_291' title='bbox 476 3943 585 3990; x_wconf 88' lang='lat' dir='ltr'><strong>dem</strong></span> <span class='ocrx_word' id='word_1_292' title='bbox 616 3950 664 3990; x_wconf 84' lang='lat' dir='ltr'><strong>et</strong></span> <span class='ocrx_word' id='word_1_293' title='bbox 688 3943 997 4008; x_wconf 59' lang='lat' dir='ltr'><strong>Hymenaeum</strong></span> <span class='ocrx_word' id='word_1_294' title='bbox 1026 3949 1071 3990; x_wconf 90' lang='lat' dir='ltr'><strong>et</strong></span> <span class='ocrx_word' id='word_1_295' title='bbox 1094 3951 1237 3991; x_wconf 88' lang='lat' dir='ltr'><strong>semet</strong></span> <span class='ocrx_word' id='word_1_296' title='bbox 1264 3944 1385 4008; x_wconf 84' lang='lat' dir='ltr'><strong>ipsas</strong></span> <span class='ocrx_word' id='word_1_297' title='bbox 1405 3942 1673 4011; x_wconf 79' lang='lat' dir='ltr'><strong>deplorant.</strong></span> <span class='ocrx_word' id='word_1_298' title='bbox 1696 3950 1842 3993; x_wconf 86' lang='lat' dir='ltr'><strong>Porro</strong></span> <span class='ocrx_word' id='word_1_299' title='bbox 1866 3945 2008 3994; x_wconf 77' lang='lat' dir='ltr'><strong>verba</strong></span> 
     </span>
     <span class='ocr_line' id='line_1_41' title="bbox 476 4017 2008 4085; baseline 0.001 -19"><span class='ocrx_word' id='word_1_300' title='bbox 476 4019 559 4067; x_wconf 88' lang='grc' dir='ltr'>τὸν</span> <span class='ocrx_word' id='word_1_301' title='bbox 584 4018 692 4066; x_wconf 81' lang='grc' dir='ltr'>υἱέα</span> <span class='ocrx_word' id='word_1_302' title='bbox 727 4017 810 4066; x_wconf 83' lang='grc' dir='ltr'>τὸν</span> <span class='ocrx_word' id='word_1_303' title='bbox 850 4017 1068 4082; x_wconf 73' lang='grc' dir='ltr'>Κινύραο</span> <span class='ocrx_word' id='word_1_304' title='bbox 1098 4017 1320 4082; x_wconf 77' lang='lat' dir='ltr'><strong>languida</strong></span> <span class='ocrx_word' id='word_1_305' title='bbox 1353 4029 1487 4080; x_wconf 83' lang='lat' dir='ltr'><strong>sunt,</strong></span> <span class='ocrx_word' id='word_1_306' title='bbox 1514 4019 1553 4068; x_wconf 86' lang='lat' dir='ltr'><strong>si</strong></span> <span class='ocrx_word' id='word_1_307' title='bbox 1581 4019 1736 4085; x_wconf 88' lang='lat' dir='ltr'><strong>ipsum</strong></span> <span class='ocrx_word' id='word_1_308' title='bbox 1772 4019 2008 4070; x_wconf 81' lang='lat' dir='ltr'><strong>Adonidis</strong></span> 
     </span>
     <span class='ocr_line' id='line_1_42' title="bbox 475 4093 918 4159; baseline -0.002 -15"><span class='ocrx_word' id='word_1_309' title='bbox 475 4110 653 4145; x_wconf 84' lang='lat' dir='ltr'><strong>nomen</strong></span> <span class='ocrx_word' id='word_1_310' title='bbox 678 4093 918 4159; x_wconf 69' lang='lat' dir='ltr'><strong>praecedit.</strong></span> 
     </span>
    </p>

    <p class='ocr_par' dir='ltr' id='par_1_6' title="bbox 473 4167 2010 4604">
     <span class='ocr_line' id='line_1_43' title="bbox 540 4167 2008 4236; baseline 0 -19"><span class='ocrx_word' id='word_1_311' title='bbox 540 4170 613 4232; x_wconf 90' lang='lat'><strong>(1)</strong></span> <span class='ocrx_word' id='word_1_312' title='bbox 649 4172 719 4216; x_wconf 84' lang='lat' dir='ltr'><strong>Ita</strong></span> <span class='ocrx_word' id='word_1_313' title='bbox 748 4167 857 4218; x_wconf 88' lang='lat' dir='ltr'><strong>cod.</strong></span> <span class='ocrx_word' id='word_1_314' title='bbox 896 4184 971 4217; x_wconf 86' lang='lat'><strong>10.</strong></span> <span class='ocrx_word' id='word_1_315' title='bbox 1003 4195 1064 4203; x_wconf 91' lang='lat'>—</span> <span class='ocrx_word' id='word_1_316' title='bbox 1096 4171 1158 4215; x_wconf 84' lang='lat' dir='ltr'><strong>V.</strong></span> <span class='ocrx_word' id='word_1_317' title='bbox 1188 4169 1249 4230; x_wconf 84' lang='lat'><strong>95</strong></span> <span class='ocrx_word' id='word_1_318' title='bbox 1277 4167 1439 4233; x_wconf 77' lang='lat' dir='ltr'><strong>scripsi</strong></span> <span class='ocrx_word' id='word_1_319' title='bbox 1468 4177 1519 4216; x_wconf 90' lang='lat' dir='ltr'><strong>ut</strong></span> <span class='ocrx_word' id='word_1_320' title='bbox 1554 4169 1701 4217; x_wconf 81' lang='lat' dir='ltr'><strong>votuit</strong></span> <span class='ocrx_word' id='word_1_321' title='bbox 1742 4173 2008 4236; x_wconf 75' lang='lat' dir='ltr'><strong>VVyngaar-</strong></span> 
     </span>
     <span class='ocr_line' id='line_1_44' title="bbox 473 4241 2006 4308; baseline 0.001 -16"><span class='ocrx_word' id='word_1_322' title='bbox 473 4244 583 4292; x_wconf 90' lang='lat' dir='ltr'><strong>den.</strong></span> <span class='ocrx_word' id='word_1_323' title='bbox 609 4279 622 4302; x_wconf 91' lang='lat'>,</span> <span class='ocrx_word' id='word_1_324' title='bbox 652 4257 761 4290; x_wconf 87' lang='lat' dir='ltr'><strong>cum</strong></span> <span class='ocrx_word' id='word_1_325' title='bbox 788 4241 1013 4290; x_wconf 82' lang='lat' dir='ltr'><strong>Jacobsio</strong></span> <span class='ocrx_word' id='word_1_326' title='bbox 1040 4251 1087 4288; x_wconf 89' lang='lat' dir='ltr'><strong>et</strong></span> <span class='ocrx_word' id='word_1_327' title='bbox 1114 4241 1431 4298; x_wconf 81' lang='lat' dir='ltr'><strong>Boissonad0‚</strong></span> <span class='ocrx_word' id='word_1_328' title='bbox 1460 4259 1599 4306; x_wconf 87' lang='lat' dir='ltr'><strong>quem</strong></span> <span class='ocrx_word' id='word_1_329' title='bbox 1629 4260 1684 4291; x_wconf 82' lang='lat' dir='ltr'><strong>ex</strong></span> <span class='ocrx_word' id='word_1_330' title='bbox 1730 4253 1863 4308; x_wconf 83' lang='lat' dir='ltr'><strong>parte</strong></span> <span class='ocrx_word' id='word_1_331' title='bbox 1896 4245 1944 4293; x_wconf 89' lang='grc' dir='ltr'><strong>Ιι.</strong></span> <span class='ocrx_word' id='word_1_332' title='bbox 1975 4245 2006 4294; x_wconf 93' lang='lat' dir='ltr'><strong>l.</strong></span> 
     </span>
     <span class='ocr_line' id='line_1_45' title="bbox 476 4314 2009 4382; baseline 0 -16"><span class='ocrx_word' id='word_1_333' title='bbox 476 4316 659 4382; x_wconf 64' lang='lat' dir='ltr'><strong>praeivit</strong></span> <span class='ocrx_word' id='word_1_334' title='bbox 690 4315 902 4364; x_wconf 81' lang='lat' dir='ltr'><strong>Graefius.</strong></span> <span class='ocrx_word' id='word_1_335' title='bbox 924 4314 1149 4364; x_wconf 80' lang='lat' dir='ltr'><strong>Eamdem</strong></span> <span class='ocrx_word' id='word_1_336' title='bbox 1196 4315 1475 4364; x_wconf 86' lang='lat' dir='ltr'><strong>sententiam</strong></span> <span class='ocrx_word' id='word_1_337' title='bbox 1496 4319 1589 4380; x_wconf 85' lang='lat' dir='ltr'><strong>jam</strong></span> <span class='ocrx_word' id='word_1_338' title='bbox 1618 4319 1912 4382; x_wconf 77' lang='lat' dir='ltr'><strong>propositam</strong></span> <span class='ocrx_word' id='word_1_339' title='bbox 1938 4319 2009 4367; x_wconf 89' lang='lat' dir='ltr'><strong>iu-</strong></span> 
     </span>
     <span class='ocr_line' id='line_1_46' title="bbox 484 4389 2010 4454; baseline 0.003 -17"><span class='ocrx_word' id='word_1_340' title='bbox 484 4391 589 4438; x_wconf 74' lang='lat' dir='ltr'><strong>wui</strong></span> <span class='ocrx_word' id='word_1_341' title='bbox 619 4390 667 4437; x_wconf 90' lang='lat' dir='ltr'><strong>in</strong></span> <span class='ocrx_word' id='word_1_342' title='bbox 702 4405 840 4454; x_wconf 71' lang='lat' dir='ltr'><strong>parva</strong></span> <span class='ocrx_word' id='word_1_343' title='bbox 868 4389 1097 4450; x_wconf 73' lang='lat' dir='ltr'><strong>editione,</strong></span> <span class='ocrx_word' id='word_1_344' title='bbox 1124 4393 1259 4454; x_wconf 87' lang='lat' dir='ltr'><strong>cujus</strong></span> <span class='ocrx_word' id='word_1_345' title='bbox 1288 4391 1452 4438; x_wconf 85' lang='lat' dir='ltr'><strong>titulus</strong></span> <span class='ocrx_word' id='word_1_346' title='bbox 1483 4399 1551 4439; x_wconf 84' lang='lat' dir='ltr'><strong>est</strong></span> <span class='ocrx_word' id='word_1_347' title='bbox 1580 4411 1590 4437; x_wconf 75' lang='grc' dir='ltr'><strong>ι</strong></span> <span class='ocrx_word' id='word_1_348' title='bbox 1621 4394 1789 4454; x_wconf 66' lang='lat' dir='ltr'><strong>ssbniltn</strong></span> <span class='ocrx_word' id='word_1_349' title='bbox 1824 4407 1899 4440; x_wconf 72' lang='lat' dir='ltr'><strong>nus</strong></span> <span class='ocrx_word' id='word_1_350' title='bbox 1925 4397 2010 4441; x_wconf 79' lang='lat' dir='ltr'><strong>btm</strong></span> 
     </span>
     <span class='ocr_line' id='line_1_47' title="bbox 474 4463 2010 4532; baseline 0.003 -20"><span class='ocrx_word' id='word_1_351' title='bbox 474 4464 727 4522; x_wconf 61' lang='lat' dir='ltr'><strong>OErirmifflxn</strong></span> <span class='ocrx_word' id='word_1_352' title='bbox 749 4465 815 4512; x_wconf 70' lang='lat' dir='ltr'><strong>bet</strong></span> <span class='ocrx_word' id='word_1_353' title='bbox 842 4467 949 4512; x_wconf 64' lang='lat' dir='ltr'><strong>Sion</strong></span> <span class='ocrx_word' id='word_1_354' title='bbox 976 4467 1057 4512; x_wconf 80' lang='lat' dir='ltr'><strong>unb</strong></span> <span class='ocrx_word' id='word_1_355' title='bbox 1080 4463 1275 4524; x_wconf 59' lang='lat' dir='ltr'><strong>mundym,</strong></span> <span class='ocrx_word' id='word_1_356' title='bbox 1302 4466 1461 4520; x_wconf 59' lang='lat' dir='ltr'><strong>Set-lin.</strong></span> <span class='ocrx_word' id='word_1_357' title='bbox 1506 4468 1648 4524; x_wconf 74' lang='lat'><strong>1767.</strong></span> <span class='ocrx_word' id='word_1_358' title='bbox 1698 4483 1743 4531; x_wconf 90' lang='lat' dir='ltr'><strong>p.</strong></span> <span class='ocrx_word' id='word_1_359' title='bbox 1782 4469 1862 4526; x_wconf 88' lang='lat'><strong>68,</strong></span> <span class='ocrx_word' id='word_1_360' title='bbox 1892 4485 2010 4532; x_wconf 71' lang='lat' dir='ltr'><strong>prte-</strong></span> 
     </span>
     <span class='ocr_line' id='line_1_48' title="bbox 477 4537 1664 4604; baseline 0 -16"><span class='ocrx_word' id='word_1_361' title='bbox 477 4550 691 4603; x_wconf 83' lang='lat' dir='ltr'><strong>terquam</strong></span> <span class='ocrx_word' id='word_1_362' title='bbox 718 4537 849 4604; x_wconf 86' lang='lat' dir='ltr'><strong>quod</strong></span> <span class='ocrx_word' id='word_1_363' title='bbox 877 4554 964 4604; x_wconf 89' lang='lat' dir='ltr'><strong>pro</strong></span> <span class='ocrx_word' id='word_1_364' title='bbox 990 4541 1039 4587; x_wconf 85' lang='grc' dir='ltr'><strong>αἱ</strong></span> <span class='ocrx_word' id='word_1_365' title='bbox 1070 4538 1155 4601; x_wconf 81' lang='grc' dir='ltr'>μὲν</span> <span class='ocrx_word' id='word_1_366' title='bbox 1188 4537 1474 4604; x_wconf 83' lang='lat' dir='ltr'><strong>proponitur</strong></span> <span class='ocrx_word' id='word_1_367' title='bbox 1499 4541 1664 4589; x_wconf 78' lang='grc' dir='ltr'>καλόν.</span> 
     </span>
    </p>

    <p class='ocr_par' dir='ltr' id='par_1_7' title="bbox 420 4603 2010 5197">
     <span class='ocr_line' id='line_1_49' title="bbox 536 4603 2010 4678; baseline 0.003 -17"><span class='ocrx_word' id='word_1_368' title='bbox 536 4615 611 4678; x_wconf 83' lang='lat'><strong>(2)</strong></span> <span class='ocrx_word' id='word_1_369' title='bbox 646 4613 723 4662; x_wconf 89' lang='lat' dir='ltr'><strong>Sic</strong></span> <span class='ocrx_word' id='word_1_370' title='bbox 743 4629 832 4663; x_wconf 82' lang='grc' dir='ltr'>-ιο,</span> <span class='ocrx_word' id='word_1_371' title='bbox 874 4603 1163 4664; x_wconf 81' lang='lat' dir='ltr'><strong>Wakefield.</strong></span> <span class='ocrx_word' id='word_1_372' title='bbox 1194 4613 1373 4678; x_wconf 82' lang='lat' dir='ltr'><strong>Briggs.</strong></span> <span class='ocrx_word' id='word_1_373' title='bbox 1394 4641 1459 4649; x_wconf 86' lang='lat'><strong>—-</strong></span> <span class='ocrx_word' id='word_1_374' title='bbox 1480 4618 1541 4664; x_wconf 83' lang='lat' dir='ltr'><strong>V.</strong></span> <span class='ocrx_word' id='word_1_375' title='bbox 1570 4617 1637 4678; x_wconf 89' lang='lat'><strong>96</strong></span> <span class='ocrx_word' id='word_1_376' title='bbox 1680 4616 1737 4663; x_wconf 80' lang='grc' dir='ltr'><strong>οὐ</strong></span> <span class='ocrx_word' id='word_1_377' title='bbox 1782 4617 1874 4678; x_wconf 82' lang='grc' dir='ltr'>μὰν</span> <span class='ocrx_word' id='word_1_378' title='bbox 1918 4616 2010 4665; x_wconf 77' lang='grc' dir='ltr'><strong>οὐκ</strong></span> 
     </span>
     <span class='ocr_line' id='line_1_50' title="bbox 476 4687 2010 4754; baseline 0.001 -18"><span class='ocrx_word' id='word_1_379' title='bbox 476 4689 623 4739; x_wconf 80' lang='grc' dir='ltr'>ἐθέλει</span> <span class='ocrx_word' id='word_1_380' title='bbox 643 4688 741 4753; x_wconf 80' lang='lat' dir='ltr'><strong>jam</strong></span> <span class='ocrx_word' id='word_1_381' title='bbox 782 4688 1024 4736; x_wconf 75' lang='lat' dir='ltr'><strong>verissime</strong></span> <span class='ocrx_word' id='word_1_382' title='bbox 1060 4687 1277 4754; x_wconf 80' lang='lat' dir='ltr'><strong>exposuit</strong></span> <span class='ocrx_word' id='word_1_383' title='bbox 1318 4687 1577 4752; x_wconf 70' lang='lat' dir='ltr'><strong>Schaeferus</strong></span> <span class='ocrx_word' id='word_1_384' title='bbox 1615 4689 1665 4737; x_wconf 89' lang='lat' dir='ltr'><strong>in</strong></span> <span class='ocrx_word' id='word_1_385' title='bbox 1708 4689 2010 4738; x_wconf 82' lang='lat' dir='ltr'><strong>adnotatione</strong></span> 
     </span>
     <span class='ocr_line' id='line_1_51' title="bbox 420 4751 2008 4828; baseline 0.001 -17"><span class='ocrx_word' id='word_1_386' title='bbox 420 4751 431 4763; x_wconf 64' lang='lat'><em>⁶</em></span> <span class='ocrx_word' id='word_1_387' title='bbox 475 4763 679 4812; x_wconf 88' lang='lat' dir='ltr'><strong>editioni</strong></span> <span class='ocrx_word' id='word_1_388' title='bbox 704 4762 951 4812; x_wconf 64' lang='lat' dir='ltr'><strong>mansonis</strong></span> <span class='ocrx_word' id='word_1_389' title='bbox 977 4761 1163 4826; x_wconf 81' lang='lat' dir='ltr'><strong>adjecta</strong></span> <span class='ocrx_word' id='word_1_390' title='bbox 1190 4779 1239 4828; x_wconf 90' lang='lat' dir='ltr'><strong>p.</strong></span> <span class='ocrx_word' id='word_1_391' title='bbox 1269 4763 1364 4810; x_wconf 68' lang='grc' dir='ltr'><strong>αὖα</strong></span> <span class='ocrx_word' id='word_1_392' title='bbox 1392 4779 1466 4827; x_wconf 88' lang='lat' dir='ltr'><strong>sq.</strong></span> <span class='ocrx_word' id='word_1_393' title='bbox 1498 4773 1543 4811; x_wconf 91' lang='lat' dir='ltr'><strong>et</strong></span> <span class='ocrx_word' id='word_1_394' title='bbox 1580 4763 1923 4828; x_wconf 76' lang='lat' dir='ltr'><strong>Wyttenbach.</strong></span> <span class='ocrx_word' id='word_1_395' title='bbox 1957 4765 2008 4813; x_wconf 92' lang='lat' dir='ltr'><strong>in</strong></span> 
     </span>
     <span class='ocr_line' id='line_1_52' title="bbox 476 4835 2008 4902; baseline 0.001 -16"><span class='ocrx_word' id='word_1_396' title='bbox 476 4839 591 4886; x_wconf 73' lang='lat' dir='ltr'><strong>Ptat.</strong></span> <span class='ocrx_word' id='word_1_397' title='bbox 620 4836 845 4888; x_wconf 72' lang='lat' dir='ltr'><strong>Phoedon.</strong></span> <span class='ocrx_word' id='word_1_398' title='bbox 876 4853 926 4901; x_wconf 81' lang='lat' dir='ltr'><strong>p.</strong></span> <span class='ocrx_word' id='word_1_399' title='bbox 957 4836 1052 4884; x_wconf 76' lang='lat'><strong>265</strong></span> <span class='ocrx_word' id='word_1_400' title='bbox 1079 4837 1157 4886; x_wconf 85' lang='lat' dir='ltr'><strong>ed.</strong></span> <span class='ocrx_word' id='word_1_401' title='bbox 1186 4835 1317 4902; x_wconf 76' lang='lat' dir='ltr'><strong>LipS.</strong></span> <span class='ocrx_word' id='word_1_402' title='bbox 1348 4837 1441 4886; x_wconf 75' lang='grc' dir='ltr'><strong>οὐκ</strong></span> <span class='ocrx_word' id='word_1_403' title='bbox 1482 4838 1628 4885; x_wconf 84' lang='grc' dir='ltr'>ἐθέλω</span> <span class='ocrx_word' id='word_1_404' title='bbox 1666 4854 1830 4884; x_wconf 78' lang='lat' dir='ltr'><strong>recuso</strong></span> <span class='ocrx_word' id='word_1_405' title='bbox 1866 4840 2008 4886; x_wconf 78' lang='lat' dir='ltr'><strong>etiam</strong></span> 
     </span>
     <span class='ocr_line' id='line_1_53' title="bbox 476 4909 2005 4977; baseline 0.002 -17"><span class='ocrx_word' id='word_1_406' title='bbox 476 4911 645 4977; x_wconf 83' lang='lat' dir='ltr'><strong>legitur</strong></span> <span class='ocrx_word' id='word_1_407' title='bbox 685 4913 807 4977; x_wconf 80' lang='lat' dir='ltr'><strong>apud</strong></span> <span class='ocrx_word' id='word_1_408' title='bbox 852 4911 1073 4977; x_wconf 84' lang='lat' dir='ltr'><strong>Thucyd.</strong></span> <span class='ocrx_word' id='word_1_409' title='bbox 1118 4915 1207 4961; x_wconf 86' lang='lat'><strong>111.</strong></span> <span class='ocrx_word' id='word_1_410' title='bbox 1252 4913 1331 4961; x_wconf 84' lang='lat'><strong>55.</strong></span> <span class='ocrx_word' id='word_1_411' title='bbox 1372 4916 1443 4960; x_wconf 87' lang='lat' dir='ltr'><strong>De</strong></span> <span class='ocrx_word' id='word_1_412' title='bbox 1478 4912 1635 4960; x_wconf 85' lang='lat' dir='ltr'><strong>colore</strong></span> <span class='ocrx_word' id='word_1_413' title='bbox 1675 4909 1902 4960; x_wconf 80' lang='lat' dir='ltr'><strong>orationis</strong></span> <span class='ocrx_word' id='word_1_414' title='bbox 1943 4913 2005 4964; x_wconf 77' lang='lat' dir='ltr'><strong>cf.</strong></span> 
     </span>
     <span class='ocr_line' id='line_1_54' title="bbox 478 4985 2009 5052; baseline 0.003 -19"><span class='ocrx_word' id='word_1_415' title='bbox 478 4985 673 5052; x_wconf 84' lang='lat' dir='ltr'><strong>Sappho</strong></span> <span class='ocrx_word' id='word_1_416' title='bbox 700 4996 763 5049; x_wconf 72' lang='grc'><strong>94</strong></span> <span class='ocrx_word' id='word_1_417' title='bbox 803 4985 855 5034; x_wconf 92' lang='lat' dir='ltr'><strong>in</strong></span> <span class='ocrx_word' id='word_1_418' title='bbox 886 4989 1018 5034; x_wconf 84' lang='lat' dir='ltr'><strong>Poet.</strong></span> <span class='ocrx_word' id='word_1_419' title='bbox 1049 4991 1158 5052; x_wconf 84' lang='lat' dir='ltr'><strong>Lyr.</strong></span> <span class='ocrx_word' id='word_1_420' title='bbox 1188 4986 1265 5036; x_wconf 80' lang='lat' dir='ltr'><strong>ed.</strong></span> <span class='ocrx_word' id='word_1_421' title='bbox 1293 4987 1463 5047; x_wconf 71' lang='lat' dir='ltr'><strong>Bergk.</strong></span> <span class='ocrx_word' id='word_1_422' title='bbox 1496 5004 1539 5050; x_wconf 87' lang='lat' dir='ltr'><strong>p.</strong></span> <span class='ocrx_word' id='word_1_423' title='bbox 1568 4990 1659 5033; x_wconf 79' lang='lat'><strong>621</strong></span> <span class='ocrx_word' id='word_1_424' title='bbox 1704 5001 1717 5035; x_wconf 73' lang='grc' dir='ltr'><strong><em>ε</em></strong></span> <span class='ocrx_word' id='word_1_425' title='bbox 1750 4989 2009 5037; x_wconf 80' lang='grc' dir='ltr'>λελάθοντο</span> 
     </span>
     <span class='ocr_line' id='line_1_55' title="bbox 478 5061 2010 5126; baseline 0.001 -17"><span class='ocrx_word' id='word_1_426' title='bbox 478 5063 529 5110; x_wconf 83' lang='grc' dir='ltr'><strong>δὲ</strong></span> <span class='ocrx_word' id='word_1_427' title='bbox 560 5061 908 5126; x_wconf 80' lang='grc' dir='ltr'>μαλοδρόπηες,</span> <span class='ocrx_word' id='word_1_428' title='bbox 932 5062 998 5110; x_wconf 84' lang='grc' dir='ltr'><strong>οὐ</strong></span> <span class='ocrx_word' id='word_1_429' title='bbox 1029 5063 1136 5124; x_wconf 81' lang='grc' dir='ltr'>μὰν</span> <span class='ocrx_word' id='word_1_430' title='bbox 1162 5061 1563 5118; x_wconf 80' lang='grc' dir='ltr'>ἐκλελάθοντ’,</span> <span class='ocrx_word' id='word_1_431' title='bbox 1590 5061 1709 5110; x_wconf 70' lang='grc' dir='ltr'>ἀλλ’</span> <span class='ocrx_word' id='word_1_432' title='bbox 1742 5063 1854 5110; x_wconf 78' lang='grc' dir='ltr'><strong>οὐκ</strong></span> <span class='ocrx_word' id='word_1_433' title='bbox 1891 5063 2010 5111; x_wconf 82' lang='grc' dir='ltr'>ἐδύ·</span> 
     </span>
     <span class='ocr_line' id='line_1_56' title="bbox 477 5133 1020 5197; baseline 0.002 -14"><span class='ocrx_word' id='word_1_434' title='bbox 477 5133 639 5185; x_wconf 84' lang='grc' dir='ltr'>ναντ’</span> <span class='ocrx_word' id='word_1_435' title='bbox 675 5135 1020 5197; x_wconf 77' lang='grc' dir='ltr'>ἐφικέσθαι.</span> 
     </span>
    </p>

    <p class='ocr_par' dir='ltr' id='par_1_8' title="bbox 540 5209 2004 5280">
     <span class='ocr_line' id='line_1_57' title="bbox 540 5209 2004 5280; baseline 0.003 -22"><span class='ocrx_word' id='word_1_436' title='bbox 540 5212 611 5274; x_wconf 83' lang='grc'><strong>(3)</strong></span> <span class='ocrx_word' id='word_1_437' title='bbox 646 5213 755 5261; x_wconf 77' lang='grc' dir='ltr'>Νοιι</span> <span class='ocrx_word' id='word_1_438' title='bbox 781 5209 919 5258; x_wconf 84' lang='lat' dir='ltr'><strong>video</strong></span> <span class='ocrx_word' id='word_1_439' title='bbox 945 5210 1164 5258; x_wconf 82' lang='lat' dir='ltr'><strong>idoneam</strong></span> <span class='ocrx_word' id='word_1_440' title='bbox 1193 5225 1399 5258; x_wconf 79' lang='lat' dir='ltr'><strong>caussam</strong></span> <span class='ocrx_word' id='word_1_441' title='bbox 1428 5227 1514 5258; x_wconf 89' lang='lat' dir='ltr'><strong>cur</strong></span> <span class='ocrx_word' id='word_1_442' title='bbox 1530 5212 1760 5261; x_wconf 82' lang='lat' dir='ltr'><strong>librorum</strong></span> <span class='ocrx_word' id='word_1_443' title='bbox 1780 5215 2004 5280; x_wconf 65' lang='lat' dir='ltr'><strong>stu-iptura</strong></span> 
     </span>
    </p>
   </div>
   <div class='ocr_carea' id='block_1_5' title="bbox 1842 410 2264 471">
    <p class='ocr_par' dir='ltr' id='par_1_9' title="bbox 1842 410 2264 471">
     <span class='ocr_line' id='line_1_58' title="bbox 1842 410 2264 471; baseline 0.002 -1"><span class='ocrx_word' id='word_1_444' title='bbox 1842 410 2264 471; x_wconf 76' lang='lat' dir='ltr'><strong>PRAEFATIO.</strong></span> 
     </span>
    </p>
   </div>
   <div class='ocr_carea' id='block_1_6' title="bbox 2102 539 3632 2291">
    <p class='ocr_par' dir='ltr' id='par_1_10' title="bbox 2102 539 3632 2291">
     <span class='ocr_line' id='line_1_59' title="bbox 2115 539 3628 619; baseline -0.003 -23"><span class='ocrx_word' id='word_1_445' title='bbox 2115 539 2295 617; x_wconf 75' lang='grc' dir='ltr'>ἐπῄνει</span> <span class='ocrx_word' id='word_1_446' title='bbox 2331 542 2648 619; x_wconf 85' lang='lat' dir='ltr'><strong>suspicatus</strong></span> <span class='ocrx_word' id='word_1_447' title='bbox 2681 552 2768 598; x_wconf 84' lang='lat' dir='ltr'><strong>est</strong></span> <span class='ocrx_word' id='word_1_448' title='bbox 2795 540 3048 617; x_wconf 61' lang='lat' dir='ltr'><strong>BriggS„</strong></span> <span class='ocrx_word' id='word_1_449' title='bbox 3075 554 3248 615; x_wconf 78' lang='lat' dir='ltr'><strong>quem</strong></span> <span class='ocrx_word' id='word_1_450' title='bbox 3287 543 3522 595; x_wconf 65' lang='lat' dir='ltr'><strong>muas</strong></span> <span class='ocrx_word' id='word_1_451' title='bbox 3547 546 3628 592; x_wconf 76' lang='lat' dir='ltr'><strong>est</strong></span> 
     </span>
     <span class='ocr_line' id='line_1_60' title="bbox 2115 621 3626 704; baseline -0.005 -19"><span class='ocrx_word' id='word_1_452' title='bbox 2115 629 2519 686; x_wconf 84' lang='lat' dir='ltr'><strong>Boissonadus.</strong></span> <span class='ocrx_word' id='word_1_453' title='bbox 2555 627 2665 687; x_wconf 87' lang='lat' dir='ltr'><strong>Sed</strong></span> <span class='ocrx_word' id='word_1_454' title='bbox 2705 629 2881 704; x_wconf 82' lang='lat' dir='ltr'><strong>magis</strong></span> <span class='ocrx_word' id='word_1_455' title='bbox 2913 626 3030 703; x_wconf 84' lang='lat' dir='ltr'><strong>jam</strong></span> <span class='ocrx_word' id='word_1_456' title='bbox 3065 626 3255 701; x_wconf 83' lang='lat' dir='ltr'><strong>placet</strong></span> <span class='ocrx_word' id='word_1_457' title='bbox 3293 621 3454 700; x_wconf 89' lang='lat' dir='ltr'><strong>quod</strong></span> <span class='ocrx_word' id='word_1_458' title='bbox 3485 640 3626 679; x_wconf 87' lang='lat' dir='ltr'><strong>con-</strong></span> 
     </span>
     <span class='ocr_line' id='line_1_61' title="bbox 2102 710 3626 789; baseline -0.003 -17"><span class='ocrx_word' id='word_1_459' title='bbox 2102 714 2246 789; x_wconf 85' lang='lat' dir='ltr'><strong>jecit</strong></span> <span class='ocrx_word' id='word_1_460' title='bbox 2289 720 2351 773; x_wconf 90' lang='lat' dir='ltr'><strong>C.</strong></span> <span class='ocrx_word' id='word_1_461' title='bbox 2385 713 2812 772; x_wconf 83' lang='lat' dir='ltr'><strong>Wordsworth.</strong></span> <span class='ocrx_word' id='word_1_462' title='bbox 2863 716 2919 771; x_wconf 89' lang='lat' dir='ltr'><strong>in</strong></span> <span class='ocrx_word' id='word_1_463' title='bbox 2963 714 3210 770; x_wconf 87' lang='lat' dir='ltr'><strong>Theocr.</strong></span> <span class='ocrx_word' id='word_1_464' title='bbox 3252 714 3315 779; x_wconf 79' lang='grc' dir='ltr'><strong>ἶ,</strong></span> <span class='ocrx_word' id='word_1_465' title='bbox 3367 710 3478 766; x_wconf 79' lang='lat'><strong>136</strong></span> <span class='ocrx_word' id='word_1_466' title='bbox 3513 731 3528 765; x_wconf 75' lang='grc' dir='ltr'>ε</span> <span class='ocrx_word' id='word_1_467' title='bbox 3573 710 3626 767; x_wconf 82' lang='grc' dir='ltr'><strong>τὸ</strong></span> 
     </span>
     <span class='ocr_line' id='line_1_62' title="bbox 2111 796 3626 879; baseline -0.005 -20"><span class='ocrx_word' id='word_1_468' title='bbox 2111 802 2313 879; x_wconf 86' lang='grc' dir='ltr'>στόμα·</span> <span class='ocrx_word' id='word_1_469' title='bbox 2347 801 2508 860; x_wconf 79' lang='grc' dir='ltr'>καλὸν</span> <span class='ocrx_word' id='word_1_470' title='bbox 2545 802 2743 871; x_wconf 75' lang='grc' dir='ltr'>ἄειδεν,</span> <span class='ocrx_word' id='word_1_471' title='bbox 2769 805 2798 859; x_wconf 80' lang='grc' dir='ltr'>ὁ</span> <span class='ocrx_word' id='word_1_472' title='bbox 2837 802 2883 857; x_wconf 83' lang='grc' dir='ltr'><strong>δ’</strong></span> <span class='ocrx_word' id='word_1_473' title='bbox 2911 800 3040 859; x_wconf 81' lang='grc' dir='ltr'>ἇδέα</span> <span class='ocrx_word' id='word_1_474' title='bbox 3065 808 3227 878; x_wconf 76' lang='grc' dir='ltr'>γᾶρυν</span> <span class='ocrx_word' id='word_1_475' title='bbox 3252 796 3470 876; x_wconf 74' lang='grc' dir='ltr'>ἐπῄνει,</span> <span class='ocrx_word' id='word_1_476' title='bbox 3503 798 3626 853; x_wconf 89' lang='lat' dir='ltr'><strong>coll.</strong></span> 
     </span>
     <span class='ocr_line' id='line_1_63' title="bbox 2105 883 3626 965; baseline -0.003 -21"><span class='ocrx_word' id='word_1_477' title='bbox 2105 890 2350 947; x_wconf 84' lang='lat' dir='ltr'><strong>Theocr.</strong></span> <span class='ocrx_word' id='word_1_478' title='bbox 2379 910 2446 965; x_wconf 90' lang='lat'><strong>9,</strong></span> <span class='ocrx_word' id='word_1_479' title='bbox 2477 912 2549 961; x_wconf 86' lang='lat'><strong>73</strong></span> <span class='ocrx_word' id='word_1_480' title='bbox 2593 910 2652 945; x_wconf 91' lang='grc' dir='ltr'><strong>ιι</strong></span> <span class='ocrx_word' id='word_1_481' title='bbox 2679 934 2695 961; x_wconf 88' lang='grc'><strong>,</strong></span> <span class='ocrx_word' id='word_1_482' title='bbox 2737 888 2847 957; x_wconf 80' lang='grc'><strong>55;</strong></span> <span class='ocrx_word' id='word_1_483' title='bbox 2891 890 3114 945; x_wconf 87' lang='lat' dir='ltr'><strong>et&#39;Stat.</strong></span> <span class='ocrx_word' id='word_1_484' title='bbox 3153 883 3358 943; x_wconf 75' lang='lat' dir='ltr'><strong>Achill.</strong></span> <span class='ocrx_word' id='word_1_485' title='bbox 3398 888 3456 952; x_wconf 92' lang='lat'><strong>1,</strong></span> <span class='ocrx_word' id='word_1_486' title='bbox 3501 884 3626 955; x_wconf 82' lang='lat'><strong>576.</strong></span> 
     </span>
     <span class='ocr_line' id='line_1_64' title="bbox 2107 974 3628 1054; baseline -0.003 -21"><span class='ocrx_word' id='word_1_487' title='bbox 2107 982 2132 1033; x_wconf 85' lang='grc' dir='ltr'>Ι</span> <span class='ocrx_word' id='word_1_488' title='bbox 2139 994 2306 1054; x_wconf 87' lang='lat' dir='ltr'><strong>taque</strong></span> <span class='ocrx_word' id='word_1_489' title='bbox 2328 996 2453 1035; x_wconf 87' lang='lat' dir='ltr'><strong>eam</strong></span> <span class='ocrx_word' id='word_1_490' title='bbox 2483 978 2874 1052; x_wconf 86' lang='lat' dir='ltr'><strong>conjecturam</strong></span> <span class='ocrx_word' id='word_1_491' title='bbox 2893 975 3278 1034; x_wconf 62' lang='lat' dir='ltr'><strong>admisi—V.</strong></span> <span class='ocrx_word' id='word_1_492' title='bbox 3300 974 3394 1031; x_wconf 70' lang='lat'><strong>25.</strong></span> <span class='ocrx_word' id='word_1_493' title='bbox 3423 974 3628 1049; x_wconf 78' lang='lat' dir='ltr'><strong>Recepi</strong></span> 
     </span>
     <span class='ocr_line' id='line_1_65' title="bbox 2107 1062 3627 1143; baseline -0.004 -19"><span class='ocrx_word' id='word_1_494' title='bbox 2107 1066 2264 1142; x_wconf 92' lang='lat' dir='ltr'><strong>quod</strong></span> <span class='ocrx_word' id='word_1_495' title='bbox 2307 1067 2554 1143; x_wconf 89' lang='lat' dir='ltr'><strong>protulit</strong></span> <span class='ocrx_word' id='word_1_496' title='bbox 2581 1066 2906 1123; x_wconf 84' lang='lat' dir='ltr'><strong>Meinekius</strong></span> <span class='ocrx_word' id='word_1_497' title='bbox 2945 1068 3005 1122; x_wconf 88' lang='lat' dir='ltr'><strong>in</strong></span> <span class='ocrx_word' id='word_1_498' title='bbox 3035 1062 3426 1122; x_wconf 86' lang='lat' dir='ltr'><strong>adnotatione.</strong></span> <span class='ocrx_word' id='word_1_499' title='bbox 3457 1102 3534 1112; x_wconf 89' lang='lat'>—</span> <span class='ocrx_word' id='word_1_500' title='bbox 3565 1067 3627 1118; x_wconf 86' lang='lat' dir='ltr'><strong>V.</strong></span> 
     </span>
     <span class='ocr_line' id='line_1_66' title="bbox 2109 1150 3629 1230; baseline -0.002 -21"><span class='ocrx_word' id='word_1_501' title='bbox 2109 1157 2182 1212; x_wconf 80' lang='lat'><strong>28</strong></span> <span class='ocrx_word' id='word_1_502' title='bbox 2215 1174 2344 1211; x_wconf 90' lang='lat' dir='ltr'><strong>cum</strong></span> <span class='ocrx_word' id='word_1_503' title='bbox 2377 1155 2695 1230; x_wconf 88' lang='lat' dir='ltr'><strong>Lennepio.</strong></span> <span class='ocrx_word' id='word_1_504' title='bbox 2725 1186 2802 1197; x_wconf 96' lang='lat'>—</span> <span class='ocrx_word' id='word_1_505' title='bbox 2837 1159 2906 1210; x_wconf 88' lang='lat' dir='ltr'><strong>V.</strong></span> <span class='ocrx_word' id='word_1_506' title='bbox 2933 1173 3007 1227; x_wconf 83' lang='lat'><strong>29</strong></span> <span class='ocrx_word' id='word_1_507' title='bbox 3040 1172 3110 1209; x_wconf 86' lang='lat' dir='ltr'><strong>ex</strong></span> <span class='ocrx_word' id='word_1_508' title='bbox 3137 1150 3467 1226; x_wconf 73' lang='lat' dir='ltr'><strong>suspicione</strong></span> <span class='ocrx_word' id='word_1_509' title='bbox 3491 1152 3629 1207; x_wconf 83' lang='lat' dir='ltr'><strong>Her-</strong></span> 
     </span>
     <span class='ocr_line' id='line_1_67' title="bbox 2109 1237 3628 1318; baseline -0.004 -19"><span class='ocrx_word' id='word_1_510' title='bbox 2109 1244 2334 1312; x_wconf 88' lang='lat' dir='ltr'><strong>manni,</strong></span> <span class='ocrx_word' id='word_1_511' title='bbox 2362 1243 2470 1300; x_wconf 88' lang='lat' dir='ltr'><strong>nisi</strong></span> <span class='ocrx_word' id='word_1_512' title='bbox 2513 1243 2663 1300; x_wconf 87' lang='lat' dir='ltr'><strong>forte</strong></span> <span class='ocrx_word' id='word_1_513' title='bbox 2701 1242 2986 1318; x_wconf 86' lang='lat' dir='ltr'><strong>scriptura</strong></span> <span class='ocrx_word' id='word_1_514' title='bbox 3012 1240 3242 1315; x_wconf 83' lang='lat' dir='ltr'><strong>vulgata</strong></span> <span class='ocrx_word' id='word_1_515' title='bbox 3278 1238 3356 1296; x_wconf 89' lang='lat' dir='ltr'><strong>ita</strong></span> <span class='ocrx_word' id='word_1_516' title='bbox 3401 1237 3628 1295; x_wconf 82' lang='lat' dir='ltr'><strong>defendi</strong></span> 
     </span>
     <span class='ocr_line' id='line_1_68' title="bbox 2109 1324 3632 1407; baseline -0.005 -20"><span class='ocrx_word' id='word_1_517' title='bbox 2109 1343 2328 1407; x_wconf 87' lang='lat' dir='ltr'><strong>potest,</strong></span> <span class='ocrx_word' id='word_1_518' title='bbox 2376 1344 2441 1387; x_wconf 89' lang='lat' dir='ltr'><strong>ut</strong></span> <span class='ocrx_word' id='word_1_519' title='bbox 2485 1342 2747 1387; x_wconf 85' lang='lat' dir='ltr'><strong>sumatur</strong></span> <span class='ocrx_word' id='word_1_520' title='bbox 2787 1333 2974 1407; x_wconf 72' lang='grc' dir='ltr'>σχῆμα</span> <span class='ocrx_word' id='word_1_521' title='bbox 3016 1325 3133 1387; x_wconf 83' lang='grc' dir='ltr'>καθ’</span> <span class='ocrx_word' id='word_1_522' title='bbox 3171 1325 3292 1385; x_wconf 78' lang='grc' dir='ltr'>ὅλον</span> <span class='ocrx_word' id='word_1_523' title='bbox 3341 1324 3431 1383; x_wconf 76' lang='grc' dir='ltr'><strong>καὶ</strong></span> <span class='ocrx_word' id='word_1_524' title='bbox 3481 1326 3632 1405; x_wconf 75' lang='grc' dir='ltr'>μέρος</span> 
     </span>
     <span class='ocr_line' id='line_1_69' title="bbox 2106 1414 3628 1495; baseline -0.003 -20"><span class='ocrx_word' id='word_1_525' title='bbox 2106 1417 2282 1495; x_wconf 89' lang='lat' dir='ltr'><strong>idque</strong></span> <span class='ocrx_word' id='word_1_526' title='bbox 2309 1420 2386 1475; x_wconf 85' lang='lat' dir='ltr'><strong>ita</strong></span> <span class='ocrx_word' id='word_1_527' title='bbox 2418 1431 2808 1495; x_wconf 86' lang='lat' dir='ltr'><strong>comparatum</strong></span> <span class='ocrx_word' id='word_1_528' title='bbox 2830 1461 2847 1488; x_wconf 90' lang='lat'><em>‚</em></span> <span class='ocrx_word' id='word_1_529' title='bbox 2874 1429 2938 1475; x_wconf 91' lang='lat' dir='ltr'><strong>ut</strong></span> <span class='ocrx_word' id='word_1_530' title='bbox 2961 1414 3080 1473; x_wconf 79' lang='grc' dir='ltr'>ὅλον</span> <span class='ocrx_word' id='word_1_531' title='bbox 3117 1414 3504 1492; x_wconf 87' lang='lat' dir='ltr'><strong>postpositum</strong></span> <span class='ocrx_word' id='word_1_532' title='bbox 3539 1415 3628 1471; x_wconf 90' lang='lat' dir='ltr'><strong>sit.</strong></span> 
     </span>
     <span class='ocr_line' id='line_1_70' title="bbox 2107 1502 3632 1576; baseline -0.003 -14"><span class='ocrx_word' id='word_1_533' title='bbox 2107 1509 2243 1563; x_wconf 83' lang='lat' dir='ltr'><strong>Haec</strong></span> <span class='ocrx_word' id='word_1_534' title='bbox 2271 1520 2356 1564; x_wconf 88' lang='lat' dir='ltr'><strong>est</strong></span> <span class='ocrx_word' id='word_1_535' title='bbox 2383 1510 2457 1565; x_wconf 91' lang='lat' dir='ltr'><strong>O.</strong></span> <span class='ocrx_word' id='word_1_536' title='bbox 2489 1505 2823 1563; x_wconf 87' lang='lat' dir='ltr'><strong>Schneideri</strong></span> <span class='ocrx_word' id='word_1_537' title='bbox 2847 1504 3147 1562; x_wconf 88' lang='lat' dir='ltr'><strong>sententia.</strong></span> <span class='ocrx_word' id='word_1_538' title='bbox 3178 1544 3251 1554; x_wconf 92' lang='grc'>-</span> <span class='ocrx_word' id='word_1_539' title='bbox 3280 1508 3350 1559; x_wconf 89' lang='lat' dir='ltr'><strong>V.</strong></span> <span class='ocrx_word' id='word_1_540' title='bbox 3373 1503 3438 1561; x_wconf 72' lang='lat'><strong>3·</strong></span> <span class='ocrx_word' id='word_1_541' title='bbox 3479 1502 3632 1576; x_wconf 78' lang='lat' dir='ltr'><strong>Brig-</strong></span> 
     </span>
     <span class='ocr_line' id='line_1_71' title="bbox 2105 1590 3628 1675; baseline -0.003 -24"><span class='ocrx_word' id='word_1_542' title='bbox 2105 1595 2258 1670; x_wconf 81' lang='lat' dir='ltr'><strong>gsius</strong></span> <span class='ocrx_word' id='word_1_543' title='bbox 2268 1594 2397 1671; x_wconf 90' lang='lat' dir='ltr'><strong>conj</strong></span> <span class='ocrx_word' id='word_1_544' title='bbox 2404 1598 2514 1652; x_wconf 82' lang='lat' dir='ltr'><strong>ecit</strong></span> <span class='ocrx_word' id='word_1_545' title='bbox 2526 1592 2690 1675; x_wconf 72' lang='grc' dir='ltr'>νύσσα</span> <span class='ocrx_word' id='word_1_546' title='bbox 2711 1598 2871 1672; x_wconf 81' lang='grc' dir='ltr'>γραῦς</span> <span class='ocrx_word' id='word_1_547' title='bbox 2887 1592 3050 1674; x_wconf 69' lang='grc' dir='ltr'>δολία,</span> <span class='ocrx_word' id='word_1_548' title='bbox 3067 1592 3220 1650; x_wconf 85' lang='lat' dir='ltr'><strong>unde</strong></span> <span class='ocrx_word' id='word_1_549' title='bbox 3233 1597 3394 1668; x_wconf 80' lang='grc' dir='ltr'>γραῦς</span> <span class='ocrx_word' id='word_1_550' title='bbox 3415 1590 3628 1649; x_wconf 81' lang='lat' dir='ltr'><strong>adscivi</strong></span> 
     </span>
     <span class='ocr_line' id='line_1_72' title="bbox 2104 1680 3627 1759; baseline -0.003 -20"><span class='ocrx_word' id='word_1_551' title='bbox 2104 1696 2162 1739; x_wconf 87' lang='lat' dir='ltr'><strong>et</strong></span> <span class='ocrx_word' id='word_1_552' title='bbox 2193 1682 2357 1741; x_wconf 82' lang='grc' dir='ltr'>νύσσα</span> <span class='ocrx_word' id='word_1_553' title='bbox 2383 1697 2448 1740; x_wconf 87' lang='grc' dir='ltr'><strong>ιιι</strong></span> <span class='ocrx_word' id='word_1_554' title='bbox 2481 1702 2690 1741; x_wconf 88' lang='lat' dir='ltr'><strong>nomen</strong></span> <span class='ocrx_word' id='word_1_555' title='bbox 2719 1683 2796 1740; x_wconf 89' lang='lat' dir='ltr'><strong>sit</strong></span> <span class='ocrx_word' id='word_1_556' title='bbox 2821 1683 3061 1740; x_wconf 87' lang='lat' dir='ltr'><strong>nutricis</strong></span> <span class='ocrx_word' id='word_1_557' title='bbox 3085 1700 3192 1759; x_wconf 86' lang='lat' dir='ltr'><strong>ego</strong></span> <span class='ocrx_word' id='word_1_558' title='bbox 3235 1682 3358 1759; x_wconf 83' lang='lat' dir='ltr'><strong>ipse</strong></span> <span class='ocrx_word' id='word_1_559' title='bbox 3393 1680 3627 1737; x_wconf 84' lang='lat' dir='ltr'><strong>tentavi.</strong></span> 
     </span>
     <span class='ocr_line' id='line_1_73' title="bbox 2105 1766 3628 1849; baseline -0.005 -20"><span class='ocrx_word' id='word_1_560' title='bbox 2105 1776 2178 1829; x_wconf 93' lang='lat'><strong>0.</strong></span> <span class='ocrx_word' id='word_1_561' title='bbox 2202 1772 2534 1829; x_wconf 88' lang='lat' dir='ltr'><strong>Schneider.</strong></span> <span class='ocrx_word' id='word_1_562' title='bbox 2559 1772 2884 1849; x_wconf 87' lang='lat' dir='ltr'><strong>suspicatus</strong></span> <span class='ocrx_word' id='word_1_563' title='bbox 2911 1784 2992 1827; x_wconf 91' lang='lat' dir='ltr'><strong>est</strong></span> <span class='ocrx_word' id='word_1_564' title='bbox 3019 1769 3056 1826; x_wconf 92' lang='lat' dir='ltr'><strong>l.</strong></span> <span class='ocrx_word' id='word_1_565' title='bbox 3087 1770 3122 1826; x_wconf 90' lang='lat' dir='ltr'><strong>l.</strong></span> <span class='ocrx_word' id='word_1_566' title='bbox 3151 1767 3239 1837; x_wconf 78' lang='grc' dir='ltr'>νὺξ</span> <span class='ocrx_word' id='word_1_567' title='bbox 3257 1767 3400 1849; x_wconf 78' lang='grc' dir='ltr'>ἄφαρ</span> <span class='ocrx_word' id='word_1_568' title='bbox 3425 1766 3462 1826; x_wconf 76' lang='grc' dir='ltr'><strong><em>ἃ</em></strong></span> <span class='ocrx_word' id='word_1_569' title='bbox 3487 1766 3628 1824; x_wconf 77' lang='grc' dir='ltr'>δολία</span> 
     </span>
     <span class='ocr_line' id='line_1_74' title="bbox 2103 1855 3630 1938; baseline -0.004 -21"><span class='ocrx_word' id='word_1_570' title='bbox 2103 1882 2152 1917; x_wconf 84' lang='grc' dir='ltr'><strong>κ.</strong></span> <span class='ocrx_word' id='word_1_571' title='bbox 2173 1882 2223 1915; x_wconf 88' lang='grc' dir='ltr'><strong>τ.</strong></span> <span class='ocrx_word' id='word_1_572' title='bbox 2243 1860 2293 1916; x_wconf 84' lang='grc' dir='ltr'><strong>λ.</strong></span> <span class='ocrx_word' id='word_1_573' title='bbox 2316 1858 2512 1916; x_wconf 88' lang='lat' dir='ltr'><strong>addita</strong></span> <span class='ocrx_word' id='word_1_574' title='bbox 2537 1859 2644 1915; x_wconf 81' lang='lat' dir='ltr'><strong>hac</strong></span> <span class='ocrx_word' id='word_1_575' title='bbox 2669 1858 3056 1936; x_wconf 84' lang='lat' dir='ltr'><strong>explicatione</strong></span> <span class='ocrx_word' id='word_1_576' title='bbox 3078 1880 3092 1913; x_wconf 90' lang='lat'>:</span> <span class='ocrx_word' id='word_1_577' title='bbox 3119 1884 3146 1909; x_wconf 74' lang='grc' dir='ltr'><strong>ι</strong></span> <span class='ocrx_word' id='word_1_578' title='bbox 3165 1855 3334 1938; x_wconf 74' lang='grc' dir='ltr'>Ἀφαρ</span> <span class='ocrx_word' id='word_1_579' title='bbox 3355 1856 3630 1935; x_wconf 83' lang='lat' dir='ltr'><strong>significat</strong></span> 
     </span>
     <span class='ocr_line' id='line_1_75' title="bbox 2103 1943 3629 2023; baseline -0.001 -20"><span class='ocrx_word' id='word_1_580' title='bbox 2103 1955 2356 2004; x_wconf 78' lang='lat' dir='ltr'><strong>continuo</strong></span> <span class='ocrx_word' id='word_1_581' title='bbox 2385 1964 2448 2003; x_wconf 85' lang='lat' dir='ltr'><strong>ut</strong></span> <span class='ocrx_word' id='word_1_582' title='bbox 2475 1947 2638 2005; x_wconf 85' lang='lat' dir='ltr'><strong>Iliad.</strong></span> <span class='ocrx_word' id='word_1_583' title='bbox 2668 1949 2772 2023; x_wconf 77' lang='lat'><strong>23,</strong></span> <span class='ocrx_word' id='word_1_584' title='bbox 2803 1948 2948 2020; x_wconf 82' lang='lat'><strong>375,</strong></span> <span class='ocrx_word' id='word_1_585' title='bbox 2973 1960 3033 2004; x_wconf 88' lang='lat' dir='ltr'><strong>et</strong></span> <span class='ocrx_word' id='word_1_586' title='bbox 3061 1946 3208 2005; x_wconf 80' lang='grc' dir='ltr'>δολία</span> <span class='ocrx_word' id='word_1_587' title='bbox 3232 1943 3323 2013; x_wconf 82' lang='grc' dir='ltr'>νύξ</span> <span class='ocrx_word' id='word_1_588' title='bbox 3353 1959 3440 2003; x_wconf 88' lang='lat' dir='ltr'><strong>est</strong></span> <span class='ocrx_word' id='word_1_589' title='bbox 3464 1947 3629 2003; x_wconf 80' lang='lat' dir='ltr'><strong>etiam</strong></span> 
     </span>
     <span class='ocr_line' id='line_1_76' title="bbox 2103 2034 3632 2115; baseline -0.001 -22"><span class='ocrx_word' id='word_1_590' title='bbox 2103 2035 2259 2113; x_wconf 89' lang='lat' dir='ltr'><strong>apud</strong></span> <span class='ocrx_word' id='word_1_591' title='bbox 2285 2036 2671 2115; x_wconf 78' lang='lat' dir='ltr'><strong>Tryphiodor.</strong></span> <span class='ocrx_word' id='word_1_592' title='bbox 2702 2054 2775 2111; x_wconf 80' lang='lat'><strong>²9</strong></span> <span class='ocrx_word' id='word_1_593' title='bbox 2798 2080 2814 2107; x_wconf 90' lang='lat'>‚</span> <span class='ocrx_word' id='word_1_594' title='bbox 2853 2035 2955 2093; x_wconf 89' lang='lat' dir='ltr'><strong>scd</strong></span> <span class='ocrx_word' id='word_1_595' title='bbox 2985 2036 3164 2112; x_wconf 84' lang='lat' dir='ltr'><strong>paulo</strong></span> <span class='ocrx_word' id='word_1_596' title='bbox 3192 2034 3274 2091; x_wconf 90' lang='lat' dir='ltr'><strong>ibi</strong></span> <span class='ocrx_word' id='word_1_597' title='bbox 3302 2039 3497 2111; x_wconf 87' lang='lat' dir='ltr'><strong>aptius</strong></span> <span class='ocrx_word' id='word_1_598' title='bbox 3534 2054 3632 2111; x_wconf 91' lang='lat' dir='ltr'><strong>po—</strong></span> 
     </span>
     <span class='ocr_line' id='line_1_77' title="bbox 2103 2122 3632 2202; baseline -0.003 -20"><span class='ocrx_word' id='word_1_599' title='bbox 2103 2127 2278 2183; x_wconf 90' lang='lat' dir='ltr'><strong>situm</strong></span> <span class='ocrx_word' id='word_1_600' title='bbox 2303 2145 2474 2202; x_wconf 89' lang='lat' dir='ltr'><strong>quam</strong></span> <span class='ocrx_word' id='word_1_601' title='bbox 2499 2137 2700 2181; x_wconf 87' lang='lat' dir='ltr'><strong>nostro</strong></span> <span class='ocrx_word' id='word_1_602' title='bbox 2727 2125 2787 2180; x_wconf 89' lang='lat' dir='ltr'><strong>in</strong></span> <span class='ocrx_word' id='word_1_603' title='bbox 2811 2124 2960 2195; x_wconf 85' lang='lat' dir='ltr'><strong>loco,</strong></span> <span class='ocrx_word' id='word_1_604' title='bbox 2989 2123 3089 2183; x_wconf 86' lang='lat' dir='ltr'><strong>ubi</strong></span> <span class='ocrx_word' id='word_1_605' title='bbox 3112 2138 3384 2201; x_wconf 82' lang='lat' dir='ltr'><strong>praestare</strong></span> <span class='ocrx_word' id='word_1_606' title='bbox 3409 2122 3632 2180; x_wconf 86' lang='lat' dir='ltr'><strong>videtur</strong></span> 
     </span>
     <span class='ocr_line' id='line_1_78' title="bbox 2102 2212 3049 2291; baseline 0 -22"><span class='ocrx_word' id='word_1_607' title='bbox 2102 2215 2136 2269; x_wconf 83' lang='grc' dir='ltr'>ἆ</span> <span class='ocrx_word' id='word_1_608' title='bbox 2164 2214 2368 2291; x_wconf 79' lang='grc' dir='ltr'>δολιχαί,</span> <span class='ocrx_word' id='word_1_609' title='bbox 2397 2227 2464 2271; x_wconf 89' lang='grc' dir='ltr'><strong>ιιι</strong></span> <span class='ocrx_word' id='word_1_610' title='bbox 2494 2212 2706 2288; x_wconf 83' lang='lat' dir='ltr'><strong>Odyss.</strong></span> <span class='ocrx_word' id='word_1_611' title='bbox 2743 2213 2839 2286; x_wconf 80' lang='lat'><strong>23,</strong></span> <span class='ocrx_word' id='word_1_612' title='bbox 2870 2213 3002 2281; x_wconf 72' lang='lat'><strong>243.</strong></span> <span class='ocrx_word' id='word_1_613' title='bbox 3023 2238 3049 2263; x_wconf 76' lang='grc' dir='ltr'><strong>ι-</strong></span> 
     </span>
    </p>
   </div>
   <div class='ocr_carea' id='block_1_7' title="bbox 2165 2314 3571 2736">
    <p class='ocr_par' dir='ltr' id='par_1_11' title="bbox 2165 2314 3571 2453">
     <span class='ocr_line' id='line_1_79' title="bbox 2165 2314 3571 2368; baseline -0.004 0"><span class='ocrx_word' id='word_1_614' title='bbox 2165 2324 2220 2367; x_wconf 87' lang='grc' dir='ltr'><strong>1ιι</strong></span> <span class='ocrx_word' id='word_1_615' title='bbox 2239 2317 2464 2368; x_wconf 74' lang='lat' dir='ltr'><strong>Meinekii</strong></span> <span class='ocrx_word' id='word_1_616' title='bbox 2485 2318 2695 2367; x_wconf 84' lang='lat' dir='ltr'><strong>editione</strong></span> <span class='ocrx_word' id='word_1_617' title='bbox 2716 2331 2729 2364; x_wconf 92' lang='lat'><strong>:</strong></span> <span class='ocrx_word' id='word_1_618' title='bbox 3134 2320 3186 2364; x_wconf 86' lang='lat' dir='ltr'><strong>tn</strong></span> <span class='ocrx_word' id='word_1_619' title='bbox 3211 2314 3302 2364; x_wconf 83' lang='lat' dir='ltr'><strong>hac</strong></span> <span class='ocrx_word' id='word_1_620' title='bbox 3319 2314 3538 2364; x_wconf 81' lang='lat' dir='ltr'><strong>editione</strong></span> <span class='ocrx_word' id='word_1_621' title='bbox 3558 2329 3571 2361; x_wconf 73' lang='grc' dir='ltr'>ε</span> 
     </span>
     <span class='ocr_line' id='line_1_80' title="bbox 2869 2400 2916 2453; baseline 0 0"><span class='ocrx_word' id='word_1_622' title='bbox 2869 2400 2916 2453; x_wconf 87' lang='lat' dir='ltr'><strong>t.</strong></span> 
     </span>
    </p>

    <p class='ocr_par' dir='ltr' id='par_1_12' title="bbox 2261 2400 3555 2567">
     <span class='ocr_line' id='line_1_81' title="bbox 2261 2400 3555 2567; baseline -0.002 -16"><span class='ocrx_word' id='word_1_623' title='bbox 2261 2497 2315 2551; x_wconf 84' lang='lat'><strong>3.</strong></span> <span class='ocrx_word' id='word_1_624' title='bbox 2355 2492 2494 2551; x_wconf 78' lang='grc' dir='ltr'>ἅσσα</span> <span class='ocrx_word' id='word_1_625' title='bbox 2537 2533 2797 2552; x_wconf 84' lang='grc'><strong>.....</strong></span> <span class='ocrx_word' id='word_1_626' title='bbox 2807 2400 2868 2549; x_wconf 76' lang='lat'><strong>1.1</strong></span> <span class='ocrx_word' id='word_1_627' title='bbox 2903 2530 3281 2553; x_wconf 86' lang='grc'><strong>.......</strong></span> <span class='ocrx_word' id='word_1_628' title='bbox 3311 2486 3447 2546; x_wconf 82' lang='grc' dir='ltr'>ὅσσα</span> <span class='ocrx_word' id='word_1_629' title='bbox 3475 2492 3555 2567; x_wconf 84' lang='grc'><strong>(3)</strong></span> 
     </span>
    </p>

    <p class='ocr_par' dir='ltr' id='par_1_13' title="bbox 2260 2578 3558 2736">
     <span class='ocr_line' id='line_1_82' title="bbox 2260 2578 3558 2662; baseline -0.005 -23"><span class='ocrx_word' id='word_1_630' title='bbox 2260 2583 2315 2641; x_wconf 93' lang='grc'><strong>6.</strong></span> <span class='ocrx_word' id='word_1_631' title='bbox 2360 2582 2568 2662; x_wconf 75' lang='grc' dir='ltr'>ἅεργείῃ</span> <span class='ocrx_word' id='word_1_632' title='bbox 2614 2620 3294 2640; x_wconf 88' lang='grc'><strong>............</strong></span> <span class='ocrx_word' id='word_1_633' title='bbox 3339 2578 3558 2657; x_wconf 70' lang='grc' dir='ltr'>ἀεργεία</span> 
     </span>
     <span class='ocr_line' id='line_1_83' title="bbox 2811 2680 2911 2736; baseline -0.02 0"><span class='ocrx_word' id='word_1_634' title='bbox 2811 2680 2911 2736; x_wconf 86' lang='lat' dir='ltr'><strong>IV.</strong></span> 
     </span>
    </p>
   </div>
   <div class='ocr_carea' id='block_1_8' title="bbox 2891 2768 3628 2936">
    <p class='ocr_par' dir='ltr' id='par_1_14' title="bbox 2891 2768 3628 2936">
     <span class='ocr_line' id='line_1_84' title="bbox 2891 2768 3628 2851; baseline -0.004 -22"><span class='ocrx_word' id='word_1_635' title='bbox 2891 2814 2906 2829; x_wconf 90' lang='lat'><strong>.</strong></span> <span class='ocrx_word' id='word_1_636' title='bbox 2949 2815 2965 2829; x_wconf 91' lang='lat'><strong>.</strong></span> <span class='ocrx_word' id='word_1_637' title='bbox 3011 2817 3025 2833; x_wconf 86' lang='lat'><strong>.</strong></span> <span class='ocrx_word' id='word_1_638' title='bbox 3069 2768 3530 2851; x_wconf 78' lang='grc' dir='ltr'>[χαίρων-αὐτῷ</span> <span class='ocrx_word' id='word_1_639' title='bbox 3553 2773 3628 2847; x_wconf 75' lang='grc' dir='ltr'><strong>(ί.)</strong></span> 
     </span>
     <span class='ocr_line' id='line_1_85' title="bbox 2991 2857 3627 2936; baseline -0.005 -18"><span class='ocrx_word' id='word_1_640' title='bbox 2991 2861 3063 2926; x_wconf 82' lang='grc' dir='ltr'>εἰς</span> <span class='ocrx_word' id='word_1_641' title='bbox 3090 2857 3346 2918; x_wconf 77' lang='grc' dir='ltr'>ὅκα-νιν</span> <span class='ocrx_word' id='word_1_642' title='bbox 3377 2878 3450 2918; x_wconf 83' lang='lat' dir='ltr'><strong>ex</strong></span> <span class='ocrx_word' id='word_1_643' title='bbox 3479 2860 3627 2936; x_wconf 84' lang='lat' dir='ltr'><strong>conj.</strong></span> 
     </span>
    </p>
   </div>
   <div class='ocr_carea' id='block_1_9' title="bbox 2227 2774 2949 2939">
    <p class='ocr_par' dir='ltr' id='par_1_15' title="bbox 2227 2774 2949 2939">
     <span class='ocr_line' id='line_1_86' title="bbox 2262 2774 2846 2855; baseline -0.003 -22"><span class='ocrx_word' id='word_1_644' title='bbox 2262 2788 2316 2843; x_wconf 67' lang='lat' dir='ltr'><strong>l..</strong></span> <span class='ocrx_word' id='word_1_645' title='bbox 2356 2774 2789 2855; x_wconf 73' lang='grc' dir='ltr'>χαίρων-αὐτῷ</span> <span class='ocrx_word' id='word_1_646' title='bbox 2831 2815 2846 2831; x_wconf 95' lang='grc'><strong>.</strong></span> 
     </span>
     <span class='ocr_line' id='line_1_87' title="bbox 2227 2863 2949 2939; baseline -0.006 -17"><span class='ocrx_word' id='word_1_647' title='bbox 2227 2872 2315 2933; x_wconf 75' lang='grc'><strong>14.</strong></span> <span class='ocrx_word' id='word_1_648' title='bbox 2357 2863 2708 2939; x_wconf 71' lang='grc' dir='ltr'>εἰσόκα-μιν</span> <span class='ocrx_word' id='word_1_649' title='bbox 2751 2905 2767 2920; x_wconf 92' lang='grc'><strong>.</strong></span> <span class='ocrx_word' id='word_1_650' title='bbox 2811 2906 2828 2923; x_wconf 91' lang='grc'><strong>.</strong></span> <span class='ocrx_word' id='word_1_651' title='bbox 2874 2902 2889 2918; x_wconf 91' lang='grc'><strong>.</strong></span> <span class='ocrx_word' id='word_1_652' title='bbox 2935 2903 2949 2919; x_wconf 91' lang='grc'><strong>.</strong></span> 
     </span>
    </p>
   </div>
   <div class='ocr_carea' id='block_1_10' title="bbox 2259 2963 3632 3776">
    <p class='ocr_par' dir='ltr' id='par_1_16' title="bbox 2259 2963 3632 3776">
     <span class='ocr_line' id='line_1_88' title="bbox 2833 2963 2901 3018; baseline 0.029 -2"><span class='ocrx_word' id='word_1_653' title='bbox 2833 2963 2901 3018; x_wconf 84' lang='lat' dir='ltr'><strong>V.</strong></span> 
     </span>
     <span class='ocr_line' id='line_1_89' title="bbox 2261 3053 3628 3139; baseline -0.007 -21"><span class='ocrx_word' id='word_1_654' title='bbox 2261 3065 2315 3118; x_wconf 90' lang='lat'><strong>6.</strong></span> <span class='ocrx_word' id='word_1_655' title='bbox 2355 3057 2575 3139; x_wconf 80' lang='grc' dir='ltr'>Ἔρωτα</span> <span class='ocrx_word' id='word_1_656' title='bbox 2606 3059 2848 3116; x_wconf 77' lang='grc' dir='ltr'>δίδασκον</span> <span class='ocrx_word' id='word_1_657' title='bbox 2891 3101 2905 3114; x_wconf 91' lang='grc'><strong>.</strong></span> <span class='ocrx_word' id='word_1_658' title='bbox 2951 3100 2966 3115; x_wconf 94' lang='grc'><strong>.</strong></span> <span class='ocrx_word' id='word_1_659' title='bbox 3011 3101 3024 3114; x_wconf 93' lang='grc'><strong>.</strong></span> <span class='ocrx_word' id='word_1_660' title='bbox 3073 3101 3086 3114; x_wconf 93' lang='grc'><strong>.</strong></span> <span class='ocrx_word' id='word_1_661' title='bbox 3129 3053 3329 3136; x_wconf 84' lang='grc' dir='ltr'>Ἔρωτ’</span> <span class='ocrx_word' id='word_1_662' title='bbox 3359 3055 3628 3112; x_wconf 76' lang='grc' dir='ltr'>ἐδίδασκον</span> 
     </span>
     <span class='ocr_line' id='line_1_90' title="bbox 2259 3145 3627 3228; baseline -0.005 -19"><span class='ocrx_word' id='word_1_663' title='bbox 2259 3174 2316 3228; x_wconf 90' lang='grc'><strong>9.</strong></span> <span class='ocrx_word' id='word_1_664' title='bbox 2360 3173 2450 3228; x_wconf 85' lang='grc' dir='ltr'><strong>μιν</strong></span> <span class='ocrx_word' id='word_1_665' title='bbox 2495 3189 3224 3212; x_wconf 88' lang='grc'><strong>.............</strong></span> <span class='ocrx_word' id='word_1_666' title='bbox 3267 3171 3345 3203; x_wconf 81' lang='grc' dir='ltr'><strong>νιν</strong></span> <span class='ocrx_word' id='word_1_667' title='bbox 3367 3167 3444 3222; x_wconf 63' lang='lat' dir='ltr'><strong>gx</strong></span> <span class='ocrx_word' id='word_1_668' title='bbox 3482 3145 3627 3222; x_wconf 84' lang='lat' dir='ltr'><strong>conj.</strong></span> 
     </span>
     <span class='ocr_line' id='line_1_91' title="bbox 2803 3251 2928 3304; baseline -0.016 1"><span class='ocrx_word' id='word_1_669' title='bbox 2803 3251 2928 3304; x_wconf 86' lang='lat' dir='ltr'><strong>vn.</strong></span> 
     </span>
     <span class='ocr_line' id='line_1_92' title="bbox 2267 3342 3632 3422; baseline -0.004 -18"><span class='ocrx_word' id='word_1_670' title='bbox 2267 3370 2313 3404; x_wconf 86' lang='lat'><strong>1.</strong></span> <span class='ocrx_word' id='word_1_671' title='bbox 2356 3351 2630 3404; x_wconf 85' lang='grc' dir='ltr'>πονεεσθαι</span> <span class='ocrx_word' id='word_1_672' title='bbox 2633 3388 3186 3414; x_wconf 86' lang='grc'><strong>..........</strong></span> <span class='ocrx_word' id='word_1_673' title='bbox 3229 3342 3531 3401; x_wconf 84' lang='grc' dir='ltr'>πονέεσθαι.</span> <span class='ocrx_word' id='word_1_674' title='bbox 3551 3345 3632 3422; x_wconf 85' lang='grc'><strong>(5)</strong></span> 
     </span>
     <span class='ocr_line' id='line_1_93' title="bbox 2262 3434 3462 3513; baseline -0.006 -18"><span class='ocrx_word' id='word_1_675' title='bbox 2262 3458 2318 3495; x_wconf 75' lang='lat'><strong>2.</strong></span> <span class='ocrx_word' id='word_1_676' title='bbox 2366 3441 2532 3513; x_wconf 81' lang='grc' dir='ltr'>μοῦνα</span> <span class='ocrx_word' id='word_1_677' title='bbox 2578 3476 3256 3494; x_wconf 89' lang='grc'><strong>............</strong></span> <span class='ocrx_word' id='word_1_678' title='bbox 3305 3434 3462 3509; x_wconf 81' lang='grc' dir='ltr'>μῶνα</span> 
     </span>
     <span class='ocr_line' id='line_1_94' title="bbox 2263 3521 3586 3600; baseline -0.007 -16"><span class='ocrx_word' id='word_1_679' title='bbox 2263 3530 2316 3585; x_wconf 78' lang='lat'><strong>3.</strong></span> <span class='ocrx_word' id='word_1_680' title='bbox 2359 3523 2714 3584; x_wconf 81' lang='grc' dir='ltr'>τὰ-Μοῖσα</span> <span class='ocrx_word' id='word_1_681' title='bbox 2758 3565 2773 3579; x_wconf 91' lang='grc'><strong>.</strong></span> <span class='ocrx_word' id='word_1_682' title='bbox 2821 3566 2836 3581; x_wconf 94' lang='grc'><strong>.</strong></span> <span class='ocrx_word' id='word_1_683' title='bbox 2879 3567 2894 3581; x_wconf 91' lang='grc'><strong>.</strong></span> <span class='ocrx_word' id='word_1_684' title='bbox 2937 3545 2954 3579; x_wconf 87' lang='lat'>:</span> <span class='ocrx_word' id='word_1_685' title='bbox 2996 3567 3011 3581; x_wconf 93' lang='lat'><strong>.</strong></span> <span class='ocrx_word' id='word_1_686' title='bbox 3056 3568 3070 3581; x_wconf 93' lang='lat'><strong>.</strong></span> <span class='ocrx_word' id='word_1_687' title='bbox 3112 3521 3472 3600; x_wconf 82' lang='grc' dir='ltr'>τὸ--Μοῖρα</span> <span class='ocrx_word' id='word_1_688' title='bbox 3503 3521 3586 3596; x_wconf 89' lang='lat'><strong>(6)</strong></span> 
     </span>
     <span class='ocr_line' id='line_1_95' title="bbox 2262 3614 3540 3690; baseline -0.006 -18"><span class='ocrx_word' id='word_1_689' title='bbox 2262 3625 2315 3683; x_wconf 73' lang='lat'><strong>4.</strong></span> <span class='ocrx_word' id='word_1_690' title='bbox 2363 3616 2564 3690; x_wconf 82' lang='grc' dir='ltr'>μοχθῆν</span> <span class='ocrx_word' id='word_1_691' title='bbox 2597 3654 3271 3673; x_wconf 91' lang='grc'><strong>............</strong></span> <span class='ocrx_word' id='word_1_692' title='bbox 3319 3614 3540 3687; x_wconf 81' lang='grc' dir='ltr'>μοχθεῖν</span> 
     </span>
     <span class='ocr_line' id='line_1_96' title="bbox 2260 3699 3506 3776; baseline -0.006 -16"><span class='ocrx_word' id='word_1_693' title='bbox 2260 3725 2314 3776; x_wconf 86' lang='grc'><strong>9.</strong></span> <span class='ocrx_word' id='word_1_694' title='bbox 2357 3704 2512 3772; x_wconf 79' lang='grc' dir='ltr'>ἐλθῆν</span> <span class='ocrx_word' id='word_1_695' title='bbox 2559 3741 3286 3763; x_wconf 91' lang='grc'><strong>.............</strong></span> <span class='ocrx_word' id='word_1_696' title='bbox 3337 3699 3506 3754; x_wconf 77' lang='grc' dir='ltr'>ἐλθεῖν</span> 
     </span>
    </p>
   </div>
   <div class='ocr_carea' id='block_1_11' title="bbox 2097 3867 3641 4008">
    <p class='ocr_par' dir='ltr' id='par_1_17' title="bbox 2097 3867 3641 4008">
     <span class='ocr_line' id='line_1_97' title="bbox 2097 3867 3638 3920; baseline -0.003 -4"><span class='ocrx_word' id='word_1_697' title='bbox 2097 3869 2362 3918; x_wconf 87' lang='lat' dir='ltr'><strong>necessario</strong></span> <span class='ocrx_word' id='word_1_698' title='bbox 2405 3869 2632 3917; x_wconf 84' lang='lat' dir='ltr'><strong>mutanda</strong></span> <span class='ocrx_word' id='word_1_699' title='bbox 2656 3869 2747 3918; x_wconf 87' lang='lat' dir='ltr'><strong>&#39;sit.</strong></span> <span class='ocrx_word' id='word_1_700' title='bbox 2777 3869 2856 3920; x_wconf 80' lang='lat' dir='ltr'><strong>Cf.</strong></span> <span class='ocrx_word' id='word_1_701' title='bbox 2893 3867 3018 3918; x_wconf 79' lang='lat' dir='ltr'><strong>infra</strong></span> <span class='ocrx_word' id='word_1_702' title='bbox 3043 3871 3110 3918; x_wconf 81' lang='lat' dir='ltr'><strong>V.</strong></span> <span class='ocrx_word' id='word_1_703' title='bbox 3165 3869 3242 3916; x_wconf 79' lang='lat'><strong>13.</strong></span> <span class='ocrx_word' id='word_1_704' title='bbox 3278 3867 3490 3916; x_wconf 77' lang='lat' dir='ltr'><strong>Theocr.</strong></span> <span class='ocrx_word' id='word_1_705' title='bbox 3529 3871 3638 3914; x_wconf 70' lang='lat' dir='ltr'><strong>XV.</strong></span> 
     </span>
     <span class='ocr_line' id='line_1_98' title="bbox 2102 3941 3641 4008; baseline -0.002 -17"><span class='ocrx_word' id='word_1_706' title='bbox 2102 3947 2336 3993; x_wconf 81' lang='lat'><strong>115·118.</strong></span> <span class='ocrx_word' id='word_1_707' title='bbox 2373 3947 2564 3993; x_wconf 79' lang='lat' dir='ltr'><strong>XXIV.</strong></span> <span class='ocrx_word' id='word_1_708' title='bbox 2599 3953 2834 4000; x_wconf 66' lang='lat' dir='ltr'><strong>xxo-114.</strong></span> <span class='ocrx_word' id='word_1_709' title='bbox 2856 3947 3008 3992; x_wconf 86' lang='lat' dir='ltr'><strong>—V.</strong></span> <span class='ocrx_word' id='word_1_710' title='bbox 3038 3953 3068 4001; x_wconf 72' lang='grc'><strong>4</strong></span> <span class='ocrx_word' id='word_1_711' title='bbox 3101 3943 3241 4008; x_wconf 81' lang='grc' dir='ltr'>λιμὸς</span> <span class='ocrx_word' id='word_1_712' title='bbox 3267 3942 3482 4007; x_wconf 69' lang='grc' dir='ltr'>ἐλαφρά</span> <span class='ocrx_word' id='word_1_713' title='bbox 3525 3941 3641 4004; x_wconf 74' lang='lat' dir='ltr'><strong>fugit</strong></span> 
     </span>
    </p>
   </div>
   <div class='ocr_carea' id='block_1_12' title="bbox 2096 4016 3735 4084">
    <p class='ocr_par' dir='ltr' id='par_1_18' title="bbox 2096 4016 3735 4084">
     <span class='ocr_line' id='line_1_99' title="bbox 2096 4016 3735 4084; baseline -0.005 -15"><span class='ocrx_word' id='word_1_714' title='bbox 2096 4021 2364 4069; x_wconf 84' lang='lat' dir='ltr'><strong>Abrentem</strong></span> <span class='ocrx_word' id='word_1_715' title='bbox 2405 4023 2476 4066; x_wconf 91' lang='lat' dir='ltr'><strong>De</strong></span> <span class='ocrx_word' id='word_1_716' title='bbox 2503 4018 2616 4069; x_wconf 85' lang='lat' dir='ltr'><strong>dial.</strong></span> <span class='ocrx_word' id='word_1_717' title='bbox 2657 4023 2772 4069; x_wconf 90' lang='lat' dir='ltr'><strong>Dor.</strong></span> <span class='ocrx_word' id='word_1_718' title='bbox 2803 4035 2851 4084; x_wconf 85' lang='lat' dir='ltr'><strong>p.</strong></span> <span class='ocrx_word' id='word_1_719' title='bbox 2884 4019 2999 4068; x_wconf 82' lang='lat'><strong>386.</strong></span> <span class='ocrx_word' id='word_1_720' title='bbox 3034 4047 3098 4054; x_wconf 95' lang='lat'><strong>—</strong></span> <span class='ocrx_word' id='word_1_721' title='bbox 3125 4020 3190 4066; x_wconf 76' lang='lat' dir='ltr'><strong>V.</strong></span> <span class='ocrx_word' id='word_1_722' title='bbox 3239 4027 3314 4074; x_wconf 59' lang='grc' dir='ltr'><strong>ιι.</strong></span> <span class='ocrx_word' id='word_1_723' title='bbox 3363 4016 3548 4066; x_wconf 77' lang='lat' dir='ltr'><strong>Nescio</strong></span> <span class='ocrx_word' id='word_1_724' title='bbox 3585 4034 3642 4061; x_wconf 71' lang='lat' dir='ltr'><strong>am</strong></span> <span class='ocrx_word' id='word_1_725' title='bbox 3733 4021 3735 4071; x_wconf 71' lang='grc'>1</span> 
     </span>
    </p>
   </div>
   <div class='ocr_carea' id='block_1_13' title="bbox 2097 4085 3644 4233">
    <p class='ocr_par' dir='ltr' id='par_1_19' title="bbox 2097 4085 3644 4233">
     <span class='ocr_line' id='line_1_100' title="bbox 2097 4085 2977 4159; baseline -0.001 -17"><span class='ocrx_word' id='word_1_726' title='bbox 2097 4110 2185 4159; x_wconf 87' lang='lat' dir='ltr'><strong>pro</strong></span> <span class='ocrx_word' id='word_1_727' title='bbox 2212 4085 2354 4142; x_wconf 80' lang='grc' dir='ltr'>οὖλον</span> <span class='ocrx_word' id='word_1_728' title='bbox 2386 4093 2688 4141; x_wconf 89' lang='lat' dir='ltr'><strong>scribendum</strong></span> <span class='ocrx_word' id='word_1_729' title='bbox 2716 4093 2779 4142; x_wconf 89' lang='lat' dir='ltr'><strong>sit</strong></span> <span class='ocrx_word' id='word_1_730' title='bbox 2804 4093 2864 4143; x_wconf 81' lang='grc' dir='ltr'><strong>οὗ</strong></span> <span class='ocrx_word' id='word_1_731' title='bbox 2889 4093 2977 4141; x_wconf 79' lang='grc' dir='ltr'><strong>λῶ.</strong></span> 
     </span>
     <span class='ocr_line' id='line_1_101' title="bbox 2165 4165 3644 4233; baseline -0.001 -17"><span class='ocrx_word' id='word_1_732' title='bbox 2165 4169 2238 4232; x_wconf 67' lang='grc'><strong>(4)</strong></span> <span class='ocrx_word' id='word_1_733' title='bbox 2271 4171 2384 4216; x_wconf 83' lang='lat' dir='ltr'><strong>Non</strong></span> <span class='ocrx_word' id='word_1_734' title='bbox 2411 4177 2503 4216; x_wconf 81' lang='lat' dir='ltr'><strong>tam</strong></span> <span class='ocrx_word' id='word_1_735' title='bbox 2529 4168 2592 4215; x_wconf 94' lang='lat' dir='ltr'><strong>ob</strong></span> <span class='ocrx_word' id='word_1_736' title='bbox 2619 4168 2800 4217; x_wconf 86' lang='lat' dir='ltr'><strong>hiatum</strong></span> <span class='ocrx_word' id='word_1_737' title='bbox 2829 4167 2878 4216; x_wconf 88' lang='lat' dir='ltr'><strong>in</strong></span> <span class='ocrx_word' id='word_1_738' title='bbox 2907 4177 3077 4232; x_wconf 85' lang='lat' dir='ltr'><strong>quarto</strong></span> <span class='ocrx_word' id='word_1_739' title='bbox 3101 4166 3224 4233; x_wconf 88' lang='lat' dir='ltr'><strong>pede</strong></span> <span class='ocrx_word' id='word_1_740' title='bbox 3263 4174 3485 4214; x_wconf 78' lang='lat' dir='ltr'><strong>extremo</strong></span> <span class='ocrx_word' id='word_1_741' title='bbox 3527 4165 3644 4215; x_wconf 82' lang='lat' dir='ltr'><strong>tote-</strong></span> 
     </span>
    </p>
   </div>
   <div class='ocr_carea' id='block_1_14' title="bbox 2100 4240 3733 4307">
    <p class='ocr_par' dir='ltr' id='par_1_20' title="bbox 2100 4240 3733 4307">
     <span class='ocr_line' id='line_1_102' title="bbox 2100 4240 3733 4307; baseline -0.001 -16"><span class='ocrx_word' id='word_1_742' title='bbox 2100 4243 2296 4292; x_wconf 80' lang='lat' dir='ltr'><strong>rabilem</strong></span> <span class='ocrx_word' id='word_1_743' title='bbox 2325 4241 2482 4306; x_wconf 78' lang='lat' dir='ltr'><strong>(infra</strong></span> <span class='ocrx_word' id='word_1_744' title='bbox 2508 4241 2636 4307; x_wconf 84' lang='lat' dir='ltr'><strong>apud</strong></span> <span class='ocrx_word' id='word_1_745' title='bbox 2661 4242 2850 4291; x_wconf 87' lang='lat' dir='ltr'><strong>Mosch.</strong></span> <span class='ocrx_word' id='word_1_746' title='bbox 2879 4247 2945 4302; x_wconf 84' lang='lat'><strong>11,</strong></span> <span class='ocrx_word' id='word_1_747' title='bbox 2979 4258 3071 4290; x_wconf 73' lang='lat'><strong>120</strong></span> <span class='ocrx_word' id='word_1_748' title='bbox 3107 4258 3165 4290; x_wconf 86' lang='lat' dir='ltr'><strong>ex</strong></span> <span class='ocrx_word' id='word_1_749' title='bbox 3191 4240 3301 4290; x_wconf 82' lang='lat' dir='ltr'><strong>eod.</strong></span> <span class='ocrx_word' id='word_1_750' title='bbox 3339 4242 3407 4290; x_wconf 71' lang='lat' dir='ltr'><strong>N.</strong></span> <span class='ocrx_word' id='word_1_751' title='bbox 3435 4241 3538 4290; x_wconf 75' lang='grc' dir='ltr'><strong>ἅλα</strong></span> <span class='ocrx_word' id='word_1_752' title='bbox 3573 4256 3644 4288; x_wconf 83' lang='lat' dir='ltr'><strong>re·</strong></span> <span class='ocrx_word' id='word_1_753' title='bbox 3731 4277 3733 4280; x_wconf 49' lang='lat'>&lt;</span> 
     </span>
    </p>
   </div>
   <div class='ocr_carea' id='block_1_15' title="bbox 2099 4313 3648 4457">
    <p class='ocr_par' dir='ltr' id='par_1_21' title="bbox 2099 4313 3648 4457">
     <span class='ocr_line' id='line_1_103' title="bbox 2099 4313 3648 4383; baseline -0.002 -18"><span class='ocrx_word' id='word_1_754' title='bbox 2099 4317 2243 4383; x_wconf 84' lang='lat' dir='ltr'><strong>cepi).</strong></span> <span class='ocrx_word' id='word_1_755' title='bbox 2277 4333 2417 4382; x_wconf 88' lang='lat' dir='ltr'><strong>quem</strong></span> <span class='ocrx_word' id='word_1_756' title='bbox 2447 4318 2577 4364; x_wconf 87' lang='lat' dir='ltr'><strong>nullo</strong></span> <span class='ocrx_word' id='word_1_757' title='bbox 2599 4317 2708 4381; x_wconf 86' lang='lat' dir='ltr'><strong>jure</strong></span> <span class='ocrx_word' id='word_1_758' title='bbox 2732 4316 3082 4366; x_wconf 80' lang='lat' dir='ltr'><strong>Wakefieldius</strong></span> <span class='ocrx_word' id='word_1_759' title='bbox 3107 4318 3382 4379; x_wconf 82' lang='lat' dir='ltr'><strong>conjectura</strong></span> <span class='ocrx_word' id='word_1_760' title='bbox 3411 4313 3478 4363; x_wconf 87' lang='lat' dir='ltr'><strong>ab</strong></span> <span class='ocrx_word' id='word_1_761' title='bbox 3513 4315 3648 4378; x_wconf 81' lang='lat' dir='ltr'><strong>Brig-</strong></span> 
     </span>
     <span class='ocr_line' id='line_1_104' title="bbox 2099 4390 3644 4457; baseline -0.001 -17"><span class='ocrx_word' id='word_1_762' title='bbox 2099 4392 2198 4457; x_wconf 73' lang='lat' dir='ltr'><strong>gsio</strong></span> <span class='ocrx_word' id='word_1_763' title='bbox 2227 4401 2412 4457; x_wconf 82' lang='lat' dir='ltr'><strong>recepta</strong></span> <span class='ocrx_word' id='word_1_764' title='bbox 2439 4392 2657 4454; x_wconf 83' lang='grc' dir='ltr'>φαίνεται</span> <span class='ocrx_word' id='word_1_765' title='bbox 2683 4390 2906 4450; x_wconf 81' lang='lat' dir='ltr'><strong>removit,</strong></span> <span class='ocrx_word' id='word_1_766' title='bbox 2931 4391 3012 4439; x_wconf 89' lang='lat' dir='ltr'><strong>sed</strong></span> <span class='ocrx_word' id='word_1_767' title='bbox 3043 4391 3108 4439; x_wconf 92' lang='lat' dir='ltr'><strong>ob</strong></span> <span class='ocrx_word' id='word_1_768' title='bbox 3145 4405 3345 4438; x_wconf 64' lang='lat' dir='ltr'><strong>caesuras</strong></span> <span class='ocrx_word' id='word_1_769' title='bbox 3380 4398 3644 4455; x_wconf 77' lang='lat' dir='ltr'><strong>tantopere</strong></span> 
     </span>
    </p>
   </div>
   <div class='ocr_carea' id='block_1_16' title="bbox 2099 4463 3731 4530">
    <p class='ocr_par' dir='ltr' id='par_1_22' title="bbox 2099 4463 3731 4530">
     <span class='ocr_line' id='line_1_105' title="bbox 2099 4463 3731 4530; baseline -0.001 -16"><span class='ocrx_word' id='word_1_770' title='bbox 2099 4468 2321 4514; x_wconf 86' lang='lat' dir='ltr'><strong>molestus</strong></span> <span class='ocrx_word' id='word_1_771' title='bbox 2348 4475 2416 4513; x_wconf 91' lang='lat' dir='ltr'><strong>est</strong></span> <span class='ocrx_word' id='word_1_772' title='bbox 2442 4465 2523 4514; x_wconf 87' lang='lat' dir='ltr'><strong>hic</strong></span> <span class='ocrx_word' id='word_1_773' title='bbox 2552 4481 2725 4519; x_wconf 79' lang='lat' dir='ltr'><strong>versus,</strong></span> <span class='ocrx_word' id='word_1_774' title='bbox 2754 4475 2804 4513; x_wconf 90' lang='lat' dir='ltr'><strong>ut</strong></span> <span class='ocrx_word' id='word_1_775' title='bbox 2831 4481 2928 4513; x_wconf 88' lang='lat' dir='ltr'><strong>nou</strong></span> <span class='ocrx_word' id='word_1_776' title='bbox 2963 4464 3179 4513; x_wconf 85' lang='lat' dir='ltr'><strong>dubitem</strong></span> <span class='ocrx_word' id='word_1_777' title='bbox 3205 4463 3322 4530; x_wconf 78' lang='lat' dir='ltr'><strong>quin</strong></span> <span class='ocrx_word' id='word_1_778' title='bbox 3351 4481 3378 4513; x_wconf 84' lang='grc' dir='ltr'><strong>ιι</strong></span> <span class='ocrx_word' id='word_1_779' title='bbox 3407 4481 3648 4528; x_wconf 77' lang='lat' dir='ltr'><strong>gramma-</strong></span> <span class='ocrx_word' id='word_1_780' title='bbox 3729 4513 3731 4518; x_wconf 79' lang='grc'>,</span> 
     </span>
    </p>
   </div>
   <div class='ocr_carea' id='block_1_17' title="bbox 2093 4537 3650 5286">
    <p class='ocr_par' dir='ltr' id='par_1_23' title="bbox 2097 4537 3650 4812">
     <span class='ocr_line' id='line_1_106' title="bbox 2101 4537 3650 4605; baseline -0.001 -16"><span class='ocrx_word' id='word_1_781' title='bbox 2101 4540 2194 4589; x_wconf 90' lang='lat' dir='ltr'><strong>tico</strong></span> <span class='ocrx_word' id='word_1_782' title='bbox 2221 4539 2428 4604; x_wconf 87' lang='lat' dir='ltr'><strong>quodam</strong></span> <span class='ocrx_word' id='word_1_783' title='bbox 2453 4541 2500 4587; x_wconf 92' lang='lat' dir='ltr'><strong>in</strong></span> <span class='ocrx_word' id='word_1_784' title='bbox 2522 4541 2734 4603; x_wconf 80' lang='lat' dir='ltr'><strong>margine</strong></span> <span class='ocrx_word' id='word_1_785' title='bbox 2756 4539 2971 4605; x_wconf 85' lang='lat' dir='ltr'><strong>appictus</strong></span> <span class='ocrx_word' id='word_1_786' title='bbox 2991 4547 3036 4587; x_wconf 90' lang='lat' dir='ltr'><strong>et</strong></span> <span class='ocrx_word' id='word_1_787' title='bbox 3053 4537 3166 4588; x_wconf 88' lang='lat' dir='ltr'><strong>inde</strong></span> <span class='ocrx_word' id='word_1_788' title='bbox 3187 4539 3236 4586; x_wconf 90' lang='lat' dir='ltr'><strong>in</strong></span> <span class='ocrx_word' id='word_1_789' title='bbox 3258 4539 3402 4587; x_wconf 69' lang='lat' dir='ltr'><strong>verba</strong></span> <span class='ocrx_word' id='word_1_790' title='bbox 3423 4538 3650 4588; x_wconf 85' lang='lat' dir='ltr'><strong>intrusus</strong></span> 
     </span>
     <span class='ocr_line' id='line_1_107' title="bbox 2097 4612 3648 4678; baseline 0.001 -18"><span class='ocrx_word' id='word_1_791' title='bbox 2097 4613 2175 4661; x_wconf 87' lang='lat' dir='ltr'><strong>sit.</strong></span> <span class='ocrx_word' id='word_1_792' title='bbox 2207 4617 2326 4660; x_wconf 91' lang='lat' dir='ltr'><strong>Eum</strong></span> <span class='ocrx_word' id='word_1_793' title='bbox 2352 4612 2500 4676; x_wconf 83' lang='lat' dir='ltr'><strong>igitur</strong></span> <span class='ocrx_word' id='word_1_794' title='bbox 2526 4613 2662 4661; x_wconf 87' lang='lat' dir='ltr'><strong>uncis</strong></span> <span class='ocrx_word' id='word_1_795' title='bbox 2687 4613 2932 4661; x_wconf 82' lang='lat' dir='ltr'><strong>includere</strong></span> <span class='ocrx_word' id='word_1_796' title='bbox 2957 4628 3097 4661; x_wconf 84' lang='lat' dir='ltr'><strong>ausus</strong></span> <span class='ocrx_word' id='word_1_797' title='bbox 3119 4628 3244 4664; x_wconf 85' lang='lat' dir='ltr'><strong>sum.</strong></span> <span class='ocrx_word' id='word_1_798' title='bbox 3277 4613 3520 4678; x_wconf 80' lang='lat' dir='ltr'><strong>Bergkius</strong></span> <span class='ocrx_word' id='word_1_799' title='bbox 3549 4631 3648 4662; x_wconf 77' lang='lat' dir='ltr'><strong>nie·</strong></span> 
     </span>
     <span class='ocr_line' id='line_1_108' title="bbox 2099 4686 3649 4754; baseline 0.002 -18"><span class='ocrx_word' id='word_1_800' title='bbox 2099 4704 2204 4736; x_wconf 81' lang='lat' dir='ltr'><strong>cum</strong></span> <span class='ocrx_word' id='word_1_801' title='bbox 2233 4687 2506 4736; x_wconf 81' lang='lat' dir='ltr'><strong>humaniter</strong></span> <span class='ocrx_word' id='word_1_802' title='bbox 2531 4688 2902 4738; x_wconf 83' lang='lat' dir='ltr'><strong>communicavit</strong></span> <span class='ocrx_word' id='word_1_803' title='bbox 2935 4688 3060 4753; x_wconf 89' lang='lat' dir='ltr'><strong>conj.</strong></span> <span class='ocrx_word' id='word_1_804' title='bbox 3097 4686 3202 4750; x_wconf 85' lang='grc' dir='ltr'>μέγ’</span> <span class='ocrx_word' id='word_1_805' title='bbox 3241 4687 3474 4752; x_wconf 84' lang='grc' dir='ltr'>ἐφαίνετο</span> <span class='ocrx_word' id='word_1_806' title='bbox 3521 4691 3649 4754; x_wconf 79' lang='grc' dir='ltr'><strong>τῶρ-</strong></span> 
     </span>
     <span class='ocr_line' id='line_1_109' title="bbox 2097 4776 2227 4812; baseline -0.008 0"><span class='ocrx_word' id='word_1_807' title='bbox 2097 4776 2227 4812; x_wconf 87' lang='grc' dir='ltr'>νεον.</span> 
     </span>
    </p>

    <p class='ocr_par' dir='ltr' id='par_1_24' title="bbox 2093 4837 3648 5126">
     <span class='ocr_line' id='line_1_110' title="bbox 2165 4837 3646 4902; baseline 0.003 -18"><span class='ocrx_word' id='word_1_808' title='bbox 2165 4839 2233 4902; x_wconf 88' lang='grc'><strong>(5)</strong></span> <span class='ocrx_word' id='word_1_809' title='bbox 2268 4841 2472 4886; x_wconf 81' lang='lat' dir='ltr'><strong>Gravem</strong></span> <span class='ocrx_word' id='word_1_810' title='bbox 2498 4837 2934 4902; x_wconf 86' lang='lat' dir='ltr'><strong>interpunctionem</strong></span> <span class='ocrx_word' id='word_1_811' title='bbox 2961 4837 3158 4901; x_wconf 76' lang='lat' dir='ltr'><strong>flagitat,</strong></span> <span class='ocrx_word' id='word_1_812' title='bbox 3189 4846 3239 4885; x_wconf 89' lang='lat' dir='ltr'><strong>ut</strong></span> <span class='ocrx_word' id='word_1_813' title='bbox 3275 4837 3399 4886; x_wconf 74' lang='lat' dir='ltr'><strong>mibi</strong></span> <span class='ocrx_word' id='word_1_814' title='bbox 3425 4839 3646 4898; x_wconf 74' lang='lat' dir='ltr'><strong>videtur,</strong></span> 
     </span>
     <span class='ocr_line' id='line_1_111' title="bbox 2093 4905 3648 4979; baseline 0.004 -21"><span class='ocrx_word' id='word_1_815' title='bbox 2093 4913 2436 4961; x_wconf 83' lang='lat' dir='ltr'><strong>sententiarum</strong></span> <span class='ocrx_word' id='word_1_816' title='bbox 2459 4911 2761 4962; x_wconf 67' lang='lat' dir='ltr'><strong>cohaerentia.</strong></span> <span class='ocrx_word' id='word_1_817' title='bbox 2785 4917 3004 4962; x_wconf 83' lang='lat' dir='ltr'><strong>Ceterum</strong></span> <span class='ocrx_word' id='word_1_818' title='bbox 3024 4928 3111 4979; x_wconf 89' lang='lat' dir='ltr'><strong>pro</strong></span> <span class='ocrx_word' id='word_1_819' title='bbox 3127 4913 3220 4962; x_wconf 78' lang='grc' dir='ltr'><strong>οὐκ</strong></span> <span class='ocrx_word' id='word_1_820' title='bbox 3247 4905 3339 4962; x_wconf 74' lang='grc' dir='ltr'>οἷδ’</span> <span class='ocrx_word' id='word_1_821' title='bbox 3363 4915 3538 4965; x_wconf 82' lang='lat' dir='ltr'><strong>malim</strong></span> <span class='ocrx_word' id='word_1_822' title='bbox 3555 4921 3648 4966; x_wconf 71' lang='grc' dir='ltr'><strong>οὐκ</strong></span> 
     </span>
     <span class='ocr_line' id='line_1_112' title="bbox 2097 4986 3630 5056; baseline 0.003 -19"><span class='ocrx_word' id='word_1_823' title='bbox 2097 4986 2212 5037; x_wconf 82' lang='grc' dir='ltr'><strong>ἔστ’.</strong></span> <span class='ocrx_word' id='word_1_824' title='bbox 2237 5005 2292 5036; x_wconf 80' lang='lat' dir='ltr'><strong>ex</strong></span> <span class='ocrx_word' id='word_1_825' title='bbox 2321 4991 2463 5037; x_wconf 83' lang='lat' dir='ltr'><strong>Hom.</strong></span> <span class='ocrx_word' id='word_1_826' title='bbox 2497 4987 2630 5036; x_wconf 80' lang='lat' dir='ltr'><strong>Iliad.</strong></span> <span class='ocrx_word' id='word_1_827' title='bbox 2654 4987 2710 5048; x_wconf 80' lang='grc' dir='ltr'><strong>ξ’,</strong></span> <span class='ocrx_word' id='word_1_828' title='bbox 2743 5005 2858 5039; x_wconf 78' lang='lat'><strong>212.</strong></span> <span class='ocrx_word' id='word_1_829' title='bbox 2887 4988 3060 5054; x_wconf 85' lang='lat' dir='ltr'><strong>Odyss.</strong></span> <span class='ocrx_word' id='word_1_830' title='bbox 3081 4988 3134 5048; x_wconf 84' lang='grc' dir='ltr'><strong>θ’,</strong></span> <span class='ocrx_word' id='word_1_831' title='bbox 3163 4991 3361 5038; x_wconf 85' lang='grc'><strong>358.-</strong></span> <span class='ocrx_word' id='word_1_832' title='bbox 3379 4993 3449 5054; x_wconf 77' lang='grc' dir='ltr'><strong>μὴ</strong></span> <span class='ocrx_word' id='word_1_833' title='bbox 3481 4994 3630 5056; x_wconf 82' lang='grc' dir='ltr'>μάθω</span> 
     </span>
     <span class='ocr_line' id='line_1_113' title="bbox 2098 5062 2428 5126; baseline 0 -15"><span class='ocrx_word' id='word_1_834' title='bbox 2098 5081 2184 5126; x_wconf 88' lang='grc' dir='ltr'><strong>μεν</strong></span> <span class='ocrx_word' id='word_1_835' title='bbox 2218 5062 2428 5112; x_wconf 84' lang='lat' dir='ltr'><strong>Vindob.</strong></span> 
     </span>
    </p>

    <p class='ocr_par' dir='ltr' id='par_1_25' title="bbox 2097 5139 3647 5286">
     <span class='ocr_line' id='line_1_114' title="bbox 2163 5139 3645 5204; baseline 0.006 -19"><span class='ocrx_word' id='word_1_836' title='bbox 2163 5140 2234 5200; x_wconf 88' lang='grc'><strong>(6)</strong></span> <span class='ocrx_word' id='word_1_837' title='bbox 2269 5139 2326 5185; x_wconf 87' lang='grc' dir='ltr'><strong>τὸ</strong></span> <span class='ocrx_word' id='word_1_838' title='bbox 2364 5153 2420 5185; x_wconf 83' lang='lat' dir='ltr'><strong>ex</strong></span> <span class='ocrx_word' id='word_1_839' title='bbox 2465 5139 2734 5202; x_wconf 84' lang='lat' dir='ltr'><strong>conjectura</strong></span> <span class='ocrx_word' id='word_1_840' title='bbox 2766 5159 2777 5197; x_wconf 73' lang='grc' dir='ltr'>ς</span> <span class='ocrx_word' id='word_1_841' title='bbox 2829 5143 2994 5204; x_wconf 63' lang='grc' dir='ltr'>Μοῖρα</span> <span class='ocrx_word' id='word_1_842' title='bbox 3038 5157 3203 5189; x_wconf 80' lang='lat' dir='ltr'><strong>omues</strong></span> <span class='ocrx_word' id='word_1_843' title='bbox 3253 5140 3366 5188; x_wconf 86' lang='lat' dir='ltr'><strong>libri</strong></span> <span class='ocrx_word' id='word_1_844' title='bbox 3413 5152 3645 5194; x_wconf 82' lang='lat' dir='ltr'><strong>tuemur.</strong></span> 
     </span>
     <span class='ocr_line' id='line_1_115' title="bbox 2097 5212 3647 5286; baseline 0.003 -24"><span class='ocrx_word' id='word_1_845' title='bbox 2097 5213 2270 5262; x_wconf 79' lang='grc' dir='ltr'>Μοῖσα</span> <span class='ocrx_word' id='word_1_846' title='bbox 2288 5212 2467 5276; x_wconf 84' lang='lat' dir='ltr'><strong>primus</strong></span> <span class='ocrx_word' id='word_1_847' title='bbox 2483 5215 2726 5277; x_wconf 86' lang='lat' dir='ltr'><strong>proposuit</strong></span> <span class='ocrx_word' id='word_1_848' title='bbox 2747 5221 3125 5281; x_wconf 72' lang='lat' dir='ltr'><strong>Longopetraeus.</strong></span> <span class='ocrx_word' id='word_1_849' title='bbox 3145 5215 3255 5264; x_wconf 84' lang='lat' dir='ltr'><strong>vid.</strong></span> <span class='ocrx_word' id='word_1_850' title='bbox 3278 5216 3566 5269; x_wconf 75' lang='lat' dir='ltr'><strong>Scliwebel.</strong></span> <span class='ocrx_word' id='word_1_851' title='bbox 3599 5235 3647 5286; x_wconf 88' lang='lat' dir='ltr'><strong>p.</strong></span> 
     </span>
    </p>
   </div>
   <div class='ocr_carea' id='block_1_18' title="bbox 3725 5099 3727 5243">
    <p class='ocr_par' dir='ltr' id='par_1_26' title="bbox 3725 5099 3727 5243">
     <span class='ocr_line' id='line_1_116' title="bbox 3725 5099 3727 5243; baseline 0 0"><span class='ocrx_word' id='word_1_852' title='bbox 3725 5099 3727 5243; x_wconf 95' lang='lat' dir='ltr'><strong> </strong></span> 
     </span>
    </p>
   </div>
  </div>
 </body>
</html>
