3767 5825
1086 629 3108 674 mmmwmmwmmmmsssss

635 1019 659 1074 ἱ
1248 994 2200 1136 PRAEFATIO.

426 1633 609 1701 Ante
632 1628 856 1702 hosce
874 1630 1206 1729 quinque
1234 1656 1469 1704 annos
1498 1631 1575 1703 in
1614 1631 1853 1704 lucem
1880 1629 2344 1731 prodierunt,
2387 1642 2686 1703 curante
2715 1626 2912 1700 doct.
2938 1631 3013 1700 F.
3045 1621 3130 1700 S.

328 1753 575 1844 Lehrs,
602 1754 793 1828 inter
816 1757 955 1829 alia
980 1757 1295 1830 Marcelli
1322 1756 1584 1829 Sidetae
1612 1756 2097 1856 fragmentum
2127 1754 2220 1829 de
2247 1752 2684 1828 medicinae
2709 1753 3036 1852 piscibus
3069 1771 3142 1826 et

328 1880 513 1953 libb.
548 1886 653 1954 III
693 1880 786 1954 de
814 1883 1070 1955 avibus
1116 1882 1243 1981 qui
1272 1881 1490 1980 vulgo
1520 1908 1654 1982 pro
1678 1881 2098 1982 paraphrasi
2125 1880 2470 1956 carminis
2499 1879 2862 1979 Oppianei
2886 1878 2980 1952 de
3016 1904 3144 1952 au-

325 2009 547 2105 cupio
588 2007 973 2081 habentur.
1012 2013 1265 2080 Postea
1300 2006 1495 2080 doct.
1534 2006 1793 2097 Miller,
1820 2003 2043 2100 hujus
2069 2003 2414 2078 editionis
2444 2004 2699 2078 merita
2721 2003 3145 2104 expendens

331 2130 685 2225 [Journal
714 2131 849 2203 des
882 2147 1201 2218 savants,
1235 2131 1505 2218 Juillee,
1549 2132 1759 2202 Αοιῖε
1786 2146 1859 2202 et
1894 2129 2294 2229 Septembre
2331 2126 2516 2203 1850
2537 2130 2598 2226 ),
2629 2130 2921 2203 monuit
2959 2139 3028 2202 1⁰
3066 2131 3144 2204 in

326 2255 672 2328 Biblioth.
695 2256 871 2329 olim
889 2256 1084 2354 regia
1098 2271 1372 2328 exstare
1398 2255 1588 2328 duos
1606 2256 1922 2346 codices»,
1939 2257 2068 2354 qui
2095 2255 2411 2329 Marcelli
2433 2256 2918 2353 fragmentum
2950 2256 3148 2330 exhi·

329 2378 592 2451 herent
612 2380 993 2452 nonnullis
1012 2379 1091 2452 in
1120 2359 1303 2452 locis
1330 2395 1674 2453 contextu
1694 2379 1892 2453 edito
1917 2380 2396 2472 emendatius,
2416 2381 2496 2454 2⁰
2510 2406 2710 2458 anno
2743 2380 3141 2482 1839doct.

328 2507 625 2576 Cramer
662 2507 855 2603 typis
902 2503 1285 2578 mandasse
1326 2504 1515 2578 duos
1547 2506 1827 2605 priores
1856 2505 2086 2578 libros
2134 2504 2228 2578 de
2263 2505 2522 2580 avibus
2567 2506 2820 2580 multis
2853 2507 3149 2606 supple·

326 2630 597 2702 mentis
624 2629 1190 2729 locupletiores(
1224 2629 1601 2704 Anecdota
1634 2656 1860 2729 graeca
1895 2657 1936 2704 e
1976 2629 2192 2704 codd.
2231 2655 2399 2704 mss.
2441 2630 2786 2706 Biblioth.
2825 2621 2978 2732 reg‘.
3016 2637 3147 2706 Pa·

326 2753 450 2828 ris.
481 2769 535 2825 t.
569 2759 643 2844 1,
669 2780 743 2854 p.
776 2758 990 2842 21-42
1008 2755 1073 2852 );
1105 2756 1572 2853 exscripserat
1594 2755 1944 2827 nimirum
1974 2752 2114 2825 hos
2143 2752 2373 2825 libros
2400 2779 2441 2827 e
2468 2752 2633 2827 cod.
2663 2755 2884 2827 PariS.
2927 2755 3146 2847 1843,

328 2878 667 2953 nondum
692 2878 931 2953 editos
954 2905 1113 2953 esse
1143 2879 1553 2953 arbitratus,
1581 2878 1894 2977 Subjicit
1911 2877 2109 2953 doct.
2143 2877 2404 2968 Miller,
2426 2903 2578 2952 non
2600 2877 2786 2957 adeo
2818 2895 3145 2954 accurate

326 3030 593 3078 omnes
639 3005 863 3103 hujus
892 3005 1168 3079 codicis
1200 2978 1548 3079 lectiones
1573 3004 2045 3104 investigasse
2078 3004 2273 3077 doct.
2305 3006 2750 3093 Cramerum,
2787 3019 2872 3077 ut
2900 3005 3145 3078 futuro

325 3130 591 3204 editori
624 3131 813 3203 nihil
860 3131 1239 3230 reliquerit
1286 3130 1718 3204 faciendum.
1774 3130 1902 3202 His
1955 3128 2174 3203 rebus
2214 3127 2514 3218 auditis,
2547 3143 2890 3201 strenuus
2919 3128 3141 3227 hujus

326 3256 799 3329 bibliothecae
841 3257 1303 3355 dispensator
1342 3257 1727 3331 confestim
1776 3254 1930 3331 duo
1981 3278 2202 3353 supra
2255 3252 2448 3327 dicta
2490 3252 2846 3352 opuscula
2895 3251 3142 3327 denuo

324 3381 531 3480 prelo
566 3382 924 3479 subjicere
961 3382 1280 3455 decrevit
1297 3438 1317 3475 ,
1348 3408 1442 3456 ne
1476 3382 1752 3455 scilicet
1776 3380 2083 3454 lectores
2123 3377 2480 3454 fructibus
2524 3377 3144 3453 defraudarentur

324 3530 515 3603 quos
542 3506 845 3579 forsitan
872 3506 1309 3580 ecodicibus
1338 3532 1378 3579 a
1398 3506 1593 3579 doct.
1619 3503 1899 3577 Millero
1924 3502 2265 3576 indicatis
2277 3502 2664 3602 decerpere
2679 3501 2964 3593 liceret3
2998 3502 3148 3601 pla-

324 3631 481 3703 cuit
504 3647 747 3703 autem
780 3632 938 3705 viro
978 3632 1268 3705 erudito
1300 3632 1485 3704 mihi
1522 3628 1964 3703 demandare
1989 3628 2448 3728 provinciam
2492 3627 2713 3724 hujus
2751 3653 2959 3702 novae
2987 3627 3146 3701 edi-

326 3754 551 3825 tionis
595 3755 956 3828 curandae.
1004 3761 1252 3829 Restat
1296 3754 1536 3854 igitur,
1582 3768 1665 3827 ut
1696 3753 2092 3827 lectoribus
2141 3778 2527 3853 exponam,
2577 3753 2956 3852 quomodo
2999 3754 3147 3829 hoc

326 3904 631 3953 munere
650 3880 949 3955 functus
976 3882 1142 3955 sim.
1549 3888 1565 3903 ⁶

425 4005 739 4079 Marcelli
782 4006 1000 4081 codd.
1029 4006 1399 4099 evolvenS,
1438 4030 1611 4079 mox
1634 4004 2136 4095 animadverti,
2172 4004 2482 4079 alterum
2514 4001 2768 4102 (2633)
2799 4028 2886 4079 ex
2918 4004 3145 4079 altero

323 4128 579 4226 (2408)
594 4154 749 4202 esse
764 4132 1304 4229 transcriptum.
1324 4128 1670 4203 Constitit
1683 4143 2045 4227 praeterea,
2070 4129 2498 4229 alterutrpm
2517 4126 2786 4203 horum
2805 4126 3144 4201 codicum

324 4252 545 4327 fuisse
569 4270 1047 4355 prototypum
1067 4255 1415 4330 editionis
1450 4257 1972 4356 antiquissimae
2006 4283 2228 4358 quam
2245 4258 2576 4332 Morellio
2605 4258 2982 4333 debemus.
3013 4262 3147 4331 Ita·

324 4404 469 4477 que
510 4379 587 4451 in
632 4378 937 4473 edenda,
962 4380 1212 4454 denuo
1286 4380 1541 4455 eadem
1580 4382 1721 4456 hac
1765 4385 2108 4457 carminis
2157 4384 2424 4458 lacinia
2473 4410 2650 4458 eum
2697 4384 2882 4459 mihi
2919 4384 3143 4459 finem

324 4506 715 4604 proposui,
748 4521 833 4577 ut
860 4506 1207 4580 omnihus
1234 4506 1416 4580 locis
1456 4533 1643 4606 quos
1674 4508 1853 4581 olim
1878 4510 2066 4584 male
2094 4510 2363 4610 legerat
2389 4510 2762 4583 Morellius
2780 4563 2801 4603 ,
2827 4510 2944 4583 vel
2973 4526 3147 4609 prae-

326 4644 614 4727 postere
657 4632 1163 4706 immutaverat
1194 4634 1347 4705 sive
1379 4633 1579 4706 idem
1598 4634 1727 4706 ·vir
1776 4631 2075 4724 doctuS,
2117 4637 2266 4707 sive
2311 4632 2629 4708 editores
2667 4633 3106 4707 recentiores
3123 4687 3143 4724 ,

326 4779 367 4825 e
381 4753 596 4827 codd.
615 4780 857 4829 veram
882 4757 1273 4832 lectionem
1290 4760 1771 4832 restituerem.
1794 4758 2038 4831 Unico
2061 4774 2347 4832 tantum
2366 4760 2446 4832 in
2462 4759 2630 4833 loco
2660 4783 2832 4832 cum
2857 4782 2902 4831 a
2922 4756 3143 4831 codd.

328 4892 483 4949 tum
509 4879 604 4951 ab
625 4879 839 4952 editis
865 4882 1152 4974 recessi,
1171 4908 1277 4957 vs,
1306 4880 1401 4957 30
1417 4883 1770 4957 nimirum
1788 4908 1925 4983 pro
1958 4886 2067 4957 καὶ
2087 4884 2390 4965 atvertum
2439 4901 2676 4960 metro
2691 4884 2770 4958 id
2789 4884 3142 4982 exigente,

326 5002 461 5099 legi
488 5006 851 5085 κάνθῆεσσα.
