3767 5825
1358 331 1485 391 PH]
1496 331 1611 389 1,AE

634 494 813 554 ΠΕΡΙ
858 493 1225 552 ΒΟΤΡΥΟΣ.

170 654 255 692 tou
276 636 437 694 Μετὰ
463 635 693 714 στάχυν,
723 632 1015 713 Κράτιστε,
1038 633 1127 691 καὶ
1154 631 1338 711 βότρυν
1368 631 1545 710 δέχου.

269 725 389 782 Τοῦ
415 721 519 801 γὰρ
547 723 720 801 θέρους
746 721 985 788 λυθέντος
1012 713 1167 793 ἦλθεν
1198 725 1232 790 ἡ
1263 720 1454 800 τρύγη-

271 807 425 886 ati-(80
454 808 691 874 δεδοικὼς
722 807 796 884 μὴ
829 811 925 890 ῥυῇ
953 809 1335 888 παρακμάσας,

271 896 527 975 πέπειρον
551 896 704 954 αὐτὸν
728 899 788 956 ἐκ
811 901 975 972 τομῆς
998 896 1195 972 ἤνεγκά
1223 921 1325 958 σοι.

275 987 331 1044 T
330 988 405 1042 ῶν
428 985 709 1063 καρπίμων
732 982 787 1042 ἒν
812 983 923 1042 ἐστὶ
946 986 1006 1043 τὸ
1033 988 1213 1062 κλῆμα
1241 983 1403 1052 ξύλων
1418 1006 1430 1017 ·

166 1091 251 1131 1⁰⁶
272 1071 305 1130 ὃ
338 1071 499 1152 μέχρι
520 1071 655 1138 τινὸς
682 1072 917 1150 ἠγνοεῖτο
938 1074 1189 1133 λανθάνον
1203 1117 1221 1146 ,

272 1160 373 1240 ἀφ’
402 1153 559 1239 οὗπερ
587 1163 645 1220 ἐκ
672 1165 766 1239 γῆς
792 1164 821 1218 δ
847 1159 1068 1241 σπορεὺς
1096 1165 1197 1218 τῶν
1228 1158 1551 1240 πραγμάτοιν

273 1250 473 1318 ἀνῆκεν
498 1249 567 1314 εἰς
591 1251 697 1328 φῶς
717 1245 811 1314 τὰς
839 1246 994 1325 γονὰς
1021 1250 1124 1306 τῶν
1155 1246 1491 1326 σπερμάτων.

274 1333 425 1394 Ἀλλ’
452 1334 656 1416 οἴχεται
688 1333 785 1414 μὲν
812 1339 841 1393 δ
867 1334 1079 1416 φθορεὺς
1111 1335 1351 1406 πάντων,
1381 1333 1581 1392 κλύδων
1598 1380 1613 1408 ,

271 1425 355 1490 ὥς
381 1424 487 1483 ἀπὸ
514 1425 699 1505 νεύρας
722 1423 929 1496 τοξικῆς
957 1423 1275 1504 ἅφυόρίσας·

170 1533 255 1572 no
272 1518 376 1572 τοῦ
397 1514 499 1596 γὰρ
526 1519 643 1572 θεοῦ
670 1513 731 1572 τὸ
757 1512 930 1587 τόξον,
952 1516 1024 1580 ὥς
1052 1511 1241 1592 Γραφῆ
1268 1511 1441 1588 λέγει,

276 1605 457 1682 ῥιπτεῖ
480 1603 597 1661 κατ’
624 1603 781 1660 αὐτοῦ
804 1600 900 1673 τὴν
928 1599 1083 1680 βολὴν
1108 1605 1203 1672 τῆς
1228 1600 1429 1679 αἰθρίας
1444 1624 1455 1636 ·

275 1687 593 1770 γνωρίζεται
619 1689 673 1748 δὲ
696 1697 801 1757 τοῖς
822 1693 1048 1769 παροῦσι
1072 1688 1131 1747 τὸ
1157 1687 1331 1759 ξύλον,

274 1777 374 1845 οὓς
392 1777 525 1837 ἄλλο
544 1783 701 1858 κοινῇ
721 1775 1071 1857 συντετήρηκε
1094 1776 1243 1845 ξύλον
1259 1821 1278 1852 ,

273 1869 355 1932 ὣς
378 1864 439 1924 ἂν
464 1863 574 1944 ἔχοι
596 1866 685 1926 τὸν
704 1865 920 1942 ὅλὸονςὴ
946 1863 1103 1936 καινὴ
1126 1864 1308 1929 κτίσις.

168 1975 251 2013 115
274 1953 357 2014 ‘O
379 1952 627 2034 πρύτανις
648 1951 705 2012 δὲ
730 1958 825 2026 τῆς
845 1957 999 2032 γονῆς
1018 1956 1123 2012 τῶν
1142 1951 1393 2033 ἐμψύχων

270 2039 377 2101 καὶ
405 2041 481 2118 μὴ
510 2039 761 2120 προειδὼς
785 2037 879 2109 τὰς
908 2039 1075 2108 λαὸὰς
1101 2045 1195 2112 τῆς
1223 2039 1462 2117 ἀμπέλου

270 2127 555 2208 περιξέσας
574 2133 801 2200 καθῆκεν
824 2130 894 2196 εἰς
915 2131 1013 2206 γῆν
1036 2127 1097 2186 τὸ
1123 2127 1270 2196 ξύλον
1284 2152 1297 2164 ·

271 2218 381 2276 οὔκ
399 2207 463 2288 ῆν
485 2214 587 2296 γὰρ
610 2215 746 2284 εἰκὸς
768 2219 860 2288 τῆς
884 2216 1034 2296 δορᾶς
1054 2216 1420 2296 πεφρυγμένης

278 2305 404 2377 εἰκῆ
431 2304 491 2363 τὸ
519 2303 673 2385 φυτὸν
702 2305 936 2385 ἐκροφεῖν
963 2309 1057 2372 τὰς
1096 2306 1340 2381 ἰκμάδας.

170 2413 259 2452 12⁰
280 2391 371 2453 Τὸ
394 2392 449 2451 δὲ
474 2390 722 2452 στενωθὲν
746 2394 817 2459 εἷς
841 2391 1009 2473 ταφὴν
1034 2391 1412 2469 τεθλιμμένην,

276 2485 357 2547 ὡς
384 2479 450 2541 ἂν
476 2480 539 2540 τὸ
564 2481 752 2562 θερμὸν
781 2479 874 2548 τὰς
896 2481 1099 2549 νοτίδας
1130 2481 1373 2561 ἁρπάσῃ,

275 2569 378 2628 καὶ
400 2569 524 2650 δίχα
549 2569 763 2649 μόχλων
789 2568 1036 2647 ἐξανοίγει
1066 2569 1180 2636 τοὺς
1208 2570 1421 2650 πόρους·

276 2665 471 2736 χαυνοῖ
498 2655 601 2736 γὰρ
628 2657 813 2728 αὐτοὺς
837 2662 871 2729 ἡ
896 2656 1053 2738 τριὸὴ
1078 2662 1171 2729 τῆς
1203 2657 1434 2734 ἀτμίδος,

277 2744 376 2804 καὶ
400 2748 494 2816 τῆς
518 2747 571 2803 ἔν
596 2746 740 2826 αὐτῷ
765 2745 1021 2824 σπογγίας
1043 2750 1077 2818 ἡ
1108 2749 1361 2826 θερμότης

174 2856 254 2895 12⁶
282 2834 585 2901 ἑλικοειδεῗς
606 2835 899 2915 ὀργανοῖὶσα
922 2830 1018 2899 τὰς
1043 2833 1221 2910 βάσεις

278 2923 469 2999 γόνασι
492 2924 702 2989 πυκνοῖς
724 2922 817 2990 τὰς
839 2920 1003 2999 τομὰς
1027 2921 1313 2981 διαπλέκει.

280 3010 399 3072 Καὶ
422 3009 689 3089 πήγνυται
714 3008 807 3089 μὲν
836 3016 869 3081 ἡ
890 3008 1119 3082 τοσαύτη
1144 3011 1426 3089 χαυνότης,

278 3098 570 3179 ὗφίσταται
592 3096 647 3156 δὲ
674 3102 768 3169 τῆς
794 3102 947 3175 γονῆς
974 3102 1007 3169 ἠ
1035 3098 1316 3169 πυκνότης,

279 3188 375 3247 καὶ
398 3192 463 3268 ζῇ
493 3188 553 3247 τὸ
576 3188 755 3268 νεκρὸν
781 3190 843 3247 ἐκ
866 3192 1035 3269 ταφῆς
1062 3188 1380 3265 παλιμὸίου·

176 3296 259 3337 1³0
278 3277 491 3357 βλάστη
516 3276 573 3335 δέ
590 3300 665 3344 τις
682 3278 889 3353 ἔνικμος
908 3280 1135 3335 ἐντεῦθεν
1164 3276 1335 3359 βρύει,

278 3371 522 3443 τεμοῦσα
548 3364 638 3423 τὸν
660 3370 789 3445 χοῦν
818 3370 1047 3444 μυστικῇ
1081 3364 1365 3445 παραξέσει
1382 3411 1397 3439 ,

280 3453 377 3513 καὶ
404 3450 621 3529 συνάγει
644 3450 713 3510 τὰ
736 3456 907 3533 φύλλα
925 3498 941 3524 ,
967 3452 1206 3532 καθάπερ
1232 3452 1420 3519 κάλυξ·

278 3544 433 3601 ὀκνεῖ
452 3538 557 3619 γὰρ
580 3542 650 3606 ὡς
674 3539 736 3598 ἂν
767 3542 1092 3620 ἐκπλαγεῖσα
1124 3541 1219 3611 τὴν
1247 3541 1411 3601 κτίσιν
1428 3587 1444 3617 ,

280 3628 383 3698 ἕως
410 3628 647 3709 ἐποφθεὶς
678 3630 706 3685 ὁ
734 3626 946 3709 τροφεὺς
976 3629 1259 3709 ἑωσφόρος,

180 3740 259 3779 1:35
280 3718 377 3777 καὶ
400 3715 500 3788 τὴν
525 3716 927 3795 περιστείλασαν
952 3717 1199 3797 ἐκθλίψας
1226 3718 1404 3797 δρόσον
1422 3764 1437 3789 ,

280 3803 450 3884 χωρὶς
481 3807 729 3884 ἀνασχεῖν
752 3804 845 3871 τὰς
868 3804 1038 3872 λαὸἇς
1069 3806 1361 3885 ἀναγκάσῃ.

283 3893 572 3973 Μερίζεται
595 3893 697 3972 γὰρ
722 3896 792 3959 εἷς
816 3892 881 3950 τὰ
906 3892 1075 3975 φύλλα
1101 3894 1160 3951 τὸ
1185 3894 1295 3962 ζέον
1310 3940 1324 3965 ,

282 3980 417 4057 πρὸς
436 3978 532 4050 τὴν
557 3980 969 4059 ὓποσμήχουσαν
990 3986 1229 4060 ὁρμῆσαν
1254 3982 1390 4050 ζέσιν
1408 4029 1423 4059 ,

285 4069 381 4128 καὶ
406 4070 634 4144 πιμελῆς
660 4068 725 4138 δή
754 4092 889 4135 τινος
913 4074 1069 4148 ὑγρᾶς
1098 4069 1326 4147 ἇὸρότης

188 4178 267 4217 uo
288 4160 342 4215 ἐν
369 4154 579 4236 ὀργάνῳ
600 4156 803 4235 πρόεισι
826 4157 1106 4237 νευρώδους
1129 4158 1350 4237 πάχους.

290 4245 449 4305 Μετὰ
477 4244 533 4303 δὲ
562 4244 744 4323 μικρὸν
774 4245 1121 4323 προσρυείσης
1149 4250 1241 4317 τῆς
1270 4246 1455 4325 δρόσου

288 4332 381 4393 καὶ
407 4332 739 4412 παραφυλλὶς
762 4336 855 4403 τῆς
878 4338 1009 4410 φυῆς
1033 4334 1337 4412 ἀποτρέχει,

294 4420 472 4501 κηφὴν
496 4422 721 4499 ἀτεχνῶς
745 4424 1009 4499 εὑρεθεῖσα
1032 4422 1159 4500 πρὸς
1184 4422 1326 4498 μέλι·

295 4509 389 4567 καὶ
408 4506 513 4585 γὰρ
534 4510 748 4586 ὑποσπᾷ
766 4506 883 4575 τοὺς
901 4507 1057 4575 ὀποὺς
1078 4508 1392 4587 ἀνηγμένους
1406 4556 1421 4582 ,

189 4617 269 4657 ηε
288 4596 383 4655 καὶ
407 4598 742 4673 δημιουργεῖν
766 4599 859 4655 οὐκ
884 4598 948 4676 ἐᾷ
971 4596 1064 4662 τὰς
1082 4596 1347 4677 ἐκφύσεις,

295 4673 379 4749 αἷς
403 4684 483 4740 δεῖ
507 4684 765 4742 συνελθεῖν
791 4688 885 4753 τῆς
909 4688 1062 4761 γονῆς
1084 4683 1177 4752 τὰς
1202 4687 1454 4765 ἐμφάσεις
1470 4733 1485 4760 ,

295 4770 419 4850 πρὶν
446 4768 509 4826 ἄν
534 4792 610 4836 τις
633 4768 793 4841 αὐτὴν
820 4774 890 4836 ὡς
919 4770 1169 4848 περιττὴν
1198 4774 1465 4854 ἐκσπάσῃ.

295 4861 410 4927 Τῆς
438 4856 671 4937 θρύψεως
696 4858 751 4917 δὲ
781 4859 1148 4938 προστεθείσης
1173 4864 1249 4940 τῷ
1276 4862 1487 4943 κλάδῳ,

300 4950 393 5010 καὶ
418 4958 511 5009 τοῦ
543 4951 732 5031 βάρους
756 4952 1012 5033 εἴργοντος
1034 4954 1147 5025 ἑξῆς
1166 4955 1254 5013 τὸν
1281 4958 1497 5036 δρόμον,

202 5059 279 5098 ιω
298 5040 661 5117 ἀμφιστόμους
690 5040 930 5119 ἁρπαγὰς
952 5046 985 5112 ἡ
1021 5044 1222 5119 βλάστη
1256 5044 1425 5124 βρύει·

302 5124 397 5185 καὶ
421 5123 697 5202 δράττεται
724 5127 819 5206 μὲν
844 5134 937 5201 τῆς
961 5129 1129 5201 λαὸῆς
1156 5136 1258 5189 τῶν
1288 5134 1523 5209 ἐγγύθεν·

1666 331 1764 388 ΒΕ
1804 330 2148 390 PLANTlS.
3284 335 3358 388 59

2415 490 2518 549 ΒΕ
2563 489 2741 550 UVA.

1799 640 1914 688 Post
1925 637 2104 699 spicam
2123 638 2268 687 etiam
2289 651 2432 685 uvam
2454 637 2637 699 recipe,
2665 636 2860 684 invicte.

1798 727 1956 776 Finita
1984 727 2110 776 enim
2133 740 2310 787 messe,
2330 726 2466 774 adest
2493 725 2732 773 vindemia
2764 744 2775 772 :

1799 828 1886 876 ego
1909 819 2070 864 autem
2093 815 2220 863 illius
2237 817 2455 863 metuens
2475 815 2676 862 exolctoe
2694 814 3050 874 corruptionem
3065 847 3079 871 ,

1800 903 1962 951 statim
1983 915 2010 950 a
2033 902 2154 951 falce
2171 902 2312 950 attuli
2337 902 2420 950 tibi
2441 905 2680 950 maturam
2703 901 2982 962 mitemque.

1799 990 1922 1039 vitis
1939 990 2063 1039 inter
2081 989 2305 1052 frugifera
2323 989 2515 1038 arbusta
2533 992 2831 1038 numeratur.

1802 1080 1873 1126 Ea
1891 1078 2134 1140 quondam
2155 1077 2270 1126 satis
2287 1077 2371 1126 diu
2391 1078 2603 1139 ignorata
2623 1077 2859 1137 latuerat,

1800 1165 1912 1216 inde
1934 1166 1996 1215 ab
2014 1179 2072 1215 co
2090 1168 2332 1228 tempore,
2357 1180 2454 1227 quo
2475 1180 2534 1214 ex
2563 1169 2689 1214 terra
2716 1167 2844 1214 sator
2865 1165 3083 1213 omnium
3107 1177 3269 1213 rerum

1802 1267 1976 1316 genera
1992 1255 2229 1303 seminum
2255 1255 2302 1302 in
2327 1255 2483 1302 lucem
2511 1234 2754 1302 emiserat.⁴

1802 1342 1894 1391 Sed
1913 1343 2114 1390 simulac
2131 1343 2361 1404 pernicies
2379 1343 2587 1390 universi
2604 1379 2617 1402 ,
2642 1343 2879 1390 diluvium
2894 1378 2908 1402 ,
2933 1340 3228 1404 praeterierat

1801 1430 1949 1478 veluti
1979 1431 2162 1492 sagittis
2182 1430 2342 1492 pulsa,
2369 1433 2514 1492 atque
2537 1429 2820 1480 desaevierat

1803 1518 1947 1581 (nam
1973 1519 2058 1567 Dei
2086 1533 2254 1579 arcus,
2279 1521 2335 1567 ut
2356 1519 2422 1567 ait
2444 1520 2710 1580 Scriptura,

1802 1607 2074 1656 serenitatis
2097 1607 2283 1655 radium
2304 1608 2353 1655 in
2375 1607 2494 1656 illud
2521 1605 2834 1668 demiserat),

1802 1695 1908 1743 tum
1931 1695 2277 1755 agnoscebatur
2297 1695 2389 1743 boc
2411 1695 2592 1754 lignum
2615 1708 2644 1742 a
2667 1693 3010 1755 prmsentibuS,

1802 1795 1924 1845 quos
1942 1783 2072 1831 aliud
2097 1783 2278 1844 lignum
2300 1783 2498 1843 (Arca)
2522 1783 2844 1831 communiter
2864 1784 3168 1842 servaverat,

1804 1873 1859 1921 ut
1880 1885 2048 1920 recens
2072 1873 2293 1920 creatura
2313 1871 2403 1919 bac
2423 1872 2560 1932 copia
2584 1872 2924 1920 fortunaretur.

1803 1962 1964 2022 Atque
1985 1961 2154 2008 auctor
2171 1959 2347 2008 sobolis
2365 1960 2681 2008 animantium
2697 1995 2711 2020 ,

1805 2047 1891 2112 qui
1911 2048 2026 2097 vitis
2045 2061 2240 2110 germen
2259 2050 2400 2097 antea
2424 2061 2520 2097 non
2541 2051 2680 2096 norat
2695 2085 2709 2107 ,

1804 2137 2156 2185 circumrasum
2181 2137 2428 2185 interram
2449 2135 2642 2184 demisit
2669 2155 2681 2184 ε

1802 2237 1901 2273 non
1915 2225 2042 2274 enim
2060 2225 2311 2274 verisimile
2328 2226 2432 2273 crat
2444 2261 2458 2286 ,
2475 2224 2652 2273 cortice
2679 2225 2936 2274 torrefacto
2947 2259 2961 2282 ‚

1803 2314 1936 2363 illam
1963 2314 2176 2376 plantam
2207 2314 2380 2363 frustra
2405 2315 2750 2376 exsorpturam
2775 2313 3018 2363 humores.

1808 2405 1922 2451 Haec
1943 2402 2089 2463 igitur
2113 2405 2160 2450 ln
2185 2405 2398 2462 angustae
2425 2402 2578 2451 foveae
2603 2403 2876 2464 sepulcrum
2906 2401 3128 2465 depressa
3145 2439 3162 2464 ,

1804 2491 1861 2539 ut
1878 2491 2010 2539 calor
2027 2490 2268 2539 attrahere
2293 2489 2380 2552 ipsi
2401 2503 2568 2540 succos
2595 2492 2779 2553 posset,

1807 2577 1954 2627 etiam
1973 2579 2076 2627 sine
2094 2579 2293 2641 pessulis
2315 2579 2471 2641 aperit
2489 2579 2578 2627 sibi
2604 2581 2791 2628 meatus
2816 2594 2829 2627 ε

1806 2680 1888 2715 eos
1905 2667 2032 2716 enim
2056 2668 2243 2728 vaporis
2265 2668 2461 2716 attritus
2487 2667 2668 2728 aperit,

1806 2759 1853 2804 et
1874 2756 2005 2804 calor
2023 2756 2196 2804 virium
2221 2769 2418 2804 suarum
2444 2756 2671 2804 humores
2694 2755 3028 2805 imbibentium
3043 2792 3058 2817 ,

1805 2843 2045 2892 flexuosas
2081 2844 2290 2892 formans
2323 2843 2532 2904 radices,

1806 2934 1986 2981 crebris
2011 2934 2244 2995 geniculis
2271 2934 2499 2981 articulos
2527 2933 2699 2994 passim
2724 2934 2900 2995 jungit.

1806 3025 1932 3072 Tum
1957 3022 2142 3084 cogitur
2166 3023 2300 3070 tanta
2326 3020 2540 3069 radicum
2567 3022 2764 3081 laxitaS,

1808 3110 1956 3171 sitque
1978 3109 2119 3157 foetus
2145 3108 2352 3171 soliduS,

1809 3211 1867 3245 ac
1891 3201 2082 3245 mortua
2102 3198 2214 3246 vitis
2235 3196 2498 3246 renascitur
2516 3212 2543 3246 c
2563 3197 2810 3259 sepulcrm

1810 3288 1960 3347 atque
1977 3299 2037 3334 ex
2057 3299 2112 3334 eo
2133 3286 2262 3335 succi
2287 3286 2424 3347 plena
2445 3286 2608 3347 planta
2629 3286 2852 3347 fruticat,

1810 3376 1988 3422 terram
2008 3374 2130 3422 clam
2153 3372 2428 3421 abradendo
2447 3385 2762 3434 perrumpens
2779 3389 2792 3431 ;

1814 3476 1926 3524 quas
1947 3461 2158 3521 frondes,
2179 3462 2274 3510 ritu
2297 3474 2513 3510 rosarum
2535 3461 2737 3521 only-cis,
2758 3460 2877 3521 gerit
2901 3462 3084 3510 clausas
3109 3482 3122 3510 ι

1810 3564 1922 3599 nam
1939 3550 2087 3599 veluti
2117 3551 2176 3598 ad
2193 3549 2389 3599 vitalem
2403 3562 2574 3599 auram
2591 3549 2929 3611 a‹lstupesccus
2943 3562 3241 3611 procrescere
3259 3564 3373 3598 cun·

1810 3639 1964 3689 donec
1988 3639 2178 3688 Lucifer
2195 3639 2618 3700 altor-‘conspectus
2633 3674 2645 3697 ,
3179 3636 3371 3701 [ctatur,

1812 3728 1894 3791 qui
1917 3727 2207 3777 ambientem
2227 3741 2332 3776 eam
2357 3740 2516 3775 rorem
2540 3726 2742 3787 d‹›1ergit
2757 3762 2773 3787 ,

1811 3817 2052 3877 sigillatim
2074 3830 2327 3878 exsurgere
2352 3816 2567 3878 palmites
2595 3815 2815 3875 coegerit.

1812 3910 2032 3967 Namque
2051 3904 2117 3953 ita
2136 3904 2426 3953 incalescens
2444 3916 2637 3965 germen
2665 3902 2774 3949 folia
2794 3902 3002 3964 spargit,

1813 4006 2134 4057 prorumpens
2151 3993 2211 4040 ad
2238 3993 2446 4041 calorem
2473 3992 2648 4040 sensim
2674 3990 3062 4052 tepefaciente1113

1812 4086 1863 4132 et
1886 4083 2037 4143 adipis
2059 4081 2310 4143 cujusdam
2335 4081 2529 4142 liquidae
2555 4081 2778 4129 mollities

1814 4173 1863 4219 in
1889 4172 2082 4219 textura
2109 4169 2262 4230 surgit
2289 4169 2478 4217 nervosi
2506 4169 2733 4230 corporis.

1814 4258 1985 4307 Paullo
2009 4260 2139 4319 post,
2159 4258 2200 4305 si
2218 4256 2393 4306 humor
2411 4256 2733 4304 abundantior
2755 4256 2910 4305 affluit
2927 4291 2942 4317 ,

1796 4348 1958 4396 -etiam
1985 4359 2202 4395 racemus
2224 4360 2253 4394 a
2276 4346 2440 4408 planta
2467 4345 2706 4404 excurrit,

1814 4435 1898 4497 qui
1919 4448 2114 4497 prorsus
2127 4434 2255 4482 idem
2271 4433 2379 4494 viti,
2396 4432 2524 4495 quod
2541 4434 2681 4481 sucus
2695 4432 2846 4491 melli,
2863 4446 2962 4480 esse
2975 4430 3344 4491 deprehenditur
3361 4451 3373 4481 ε

1815 4535 2025 4585 namque
2041 4522 2265 4571 subducit
2285 4534 2454 4571 succos
2471 4535 2660 4571 sursum
2681 4524 2884 4581 tractoe,

1816 4624 1976 4674 neque
1999 4610 2178 4673 patitur
2203 4610 2414 4671 generari
2441 4609 2712 4671 malianum,

1817 4700 1865 4749 in
1889 4698 2066 4762 quibus
2089 4698 2298 4747 emicare
2319 4698 2498 4747 debent
2516 4698 2648 4759 signa
2671 4698 2883 4756 fructus,

1818 4791 2078 4849 antequam
2103 4786 2376 4848 superfluus
2401 4785 2478 4834 ille
2499 4798 2718 4834 racemus
2741 4785 2990 4833 evellatur.

1819 4879 1981 4933 Quum
2005 4876 2168 4923 autem
2192 4874 2406 4923 luxuries
2427 4873 2759 4935 pampinorum
2778 4874 2826 4921 in
2849 4874 2996 4920 vitem
3019 4870 3212 4931 ingruit,

1819 4977 1974 5025 eoque
1991 4977 2136 5011 onere
2151 4963 2368 5024 palmites
2381 5000 2395 5021 ‚
2417 4976 2478 5010 nc
2493 4976 2683 5010 sursum
2701 4975 2750 5010 se
2769 4962 3003 5023 attollant,
3029 4959 3377 5022 impediuntur,

1773 5076 1777 5090 ·
1822 5053 1981 5111 planta
2003 5051 2241 5112 protrudit
2259 5050 2487 5110 aucipites
2506 5050 2761 5097 claviculas
2777 5086 2790 5109 ,

1774 5144 1780 5157 ·
1823 5144 1869 5189 vt
1894 5140 2199 5201 amplectitur
2217 5140 2430 5200 proxima
2457 5152 2690 5201 quaeque,
2715 5152 2827 5200 quae
2845 5137 3056 5187 nancisci
3074 5142 3257 5199 potest,
