3767 5825
1117 465 1922 529 MANETHONIANORUM
1963 463 2109 526 Lm.
2154 464 2261 523 VI.
2315 462 2499 545 [HL]
3330 475 3403 527 69

177 600 248 674 ἠὶ
275 608 464 682 πυραῖς
493 602 754 682 μαλερῇσι
779 597 988 679 νεκροὺς
1014 597 1252 666 αἴθοντας
1274 598 1502 672 ἔτευξαν,

177 688 218 762 ἢ
243 694 559 771 θρηνοῦντας
583 687 667 747 ἀεὶ
693 691 899 768 κεραοῖς
927 686 1238 765 ἐπιτύμὸιον
1265 689 1460 755 αὐλοῖς.

265 780 314 837 εἰ
337 776 382 837 δ’
401 776 418 799 ‘
435 779 483 837 E
499 800 527 859 ρ
541 780 624 855 μῆ
638 800 662 843 ς
683 776 881 843 τούτοις
906 776 1256 857 ἐπιμάρτυρος
1280 776 1341 848 ἠὲ
1369 781 1488 836 κατ’
1507 774 1635 835 αὐτὸ

45 886 148 923 :mo
182 869 316 939 ζῶον
347 866 456 943 ἔοι,
485 868 730 945 κλῶπας,
750 866 1058 946 ληίστορας,
1091 868 1440 947 ἀνδροφονῆας
1457 912 1472 942 ,

177 952 219 1026 ἢ
240 954 453 1022 ναύταις
481 956 653 1021 ὀλοαῖς
685 954 776 1011 ὑπ’
801 956 980 1021 ἰωκαῖς
1000 957 1167 1034 κῆρας
1193 954 1415 1033 ἄγοντας

183 1041 356 1125 ῥέζει,
379 1042 513 1123 ἀτὰρ
536 1040 780 1103 Θανάτοιο
798 1041 946 1109 τέλος
975 1042 1255 1114 τετληότας
1284 1042 1446 1116 αἰνόν,

181 1130 310 1211 πρίν
344 1154 401 1190 τε
430 1135 599 1190 θανεῖν
619 1134 869 1211 κρυερῇσι
887 1127 1215 1207 δαῖζομένους
1239 1131 1497 1211 ὀδύνῃσιν.

269 1219 468 1280 ὁππότε
489 1220 534 1279 δ’
559 1209 676 1278 αὖτ’
690 1219 860 1285 οἴκους
879 1222 1072 1299 μοιρῶν
1092 1222 1139 1276 θ’
1159 1216 1254 1299 ὅρι’
1280 1216 1570 1287 ἀλλ’άξωσιν

63 1325 154 1365 suu
184 1306 434 1379 ἀλλήλων
464 1307 712 1388 Κύπρις
738 1331 797 1366 τε
818 1307 909 1367 καὶ
938 1306 1189 1387 εὐφεγγὴς
1216 1308 1328 1374 θοὸς
1347 1306 1364 1327 ‘
1381 1310 1600 1387 Ερμῆς
1619 1354 1634 1377 ,

183 1394 362 1455 αὐλῶν
391 1394 426 1468 ἢ
459 1396 678 1476 κιθάρης
711 1393 747 1467 ἢ
778 1396 957 1468 ἀοιδῆς
985 1393 1260 1475 εὖρύθμοιο

180 1483 248 1555 ἠὲ
274 1483 366 1543 καὶ
390 1486 660 1565 ὀρχηθμοῦ
692 1482 1027 1564 βητάρμονας
1053 1482 1223 1563 ἴδριας
1247 1480 1399 1549 ὄντας

184 1571 405 1642 θῆκαντ’
426 1570 462 1645 ἢ
490 1570 716 1653 χλεύῃσι
737 1571 918 1639 λάλοις
941 1570 1164 1650 μάχλοις
1187 1572 1233 1630 τ’
1260 1570 1495 1629 ἐπέεσσιν

177 1662 472 1741 τέρποντας
499 1666 752 1743 τραγικῆς
771 1684 830 1720 τε
863 1658 1197 1742 βαρυὸρόμου
1223 1658 1433 1741 ἵστορας
1453 1656 1604 1736 οἴμης
1623 1702 1639 1735 ,

63 1764 154 1807 no
182 1746 300 1808 αἰὲν
328 1751 413 1809 ἐπ’
441 1752 500 1809 εὖ
535 1749 801 1831 υχόροισιν
821 1747 1154 1828 ἀλωομένους
1177 1747 1479 1827 θυμέλῃσιν.

267 1839 313 1896 εἴ
333 1835 392 1897 δέ
411 1835 458 1894 θ’
511 1858 616 1918 ροις
644 1835 896 1917 Ἑρμοῦ
923 1833 1172 1910 Τιτάν,
1199 1834 1351 1903 αὐτός
1379 1836 1422 1893 θ’
1453 1834 1545 1910 ἅμ’
1578 1831 1758 1915 ἐκείνῳ

187 1924 444 2006 Ἐρμείης
465 1924 742 2008 φαίνηται,
768 1926 1092 2003 ἀεθλητῆρας
1120 1922 1340 1991 ἔτευξεν.
1563 1986 1574 1993 ,

183 2010 288 2085 κῆν
314 2012 408 2091 μὲν
437 2014 501 2085 δὴ
529 2012 756 2073 τούτοισι
785 2014 916 2091 συνῇ
944 2009 1084 2083 καλὴ
1115 2010 1466 2092 Κυθέρεια,

185 2102 472 2179 κυδάλιμοι
493 2101 670 2181 νίκῃσι
703 2098 1055 2181 πολυστσφέες
1076 2102 1126 2159 τ’
1148 2098 1398 2179 ἐγένοντο.

71 2212 154 2254 815
185 2194 234 2250 εἰ
262 2188 318 2249 δὲ
343 2190 395 2251 Κ
413 2213 442 2272 ρ
456 2189 595 2256 ὄνος
621 2186 895 2248 κατέναντ’
920 2187 1271 2269 ἐπιμάρτυρος
1285 2185 1320 2257 ἢ
1343 2185 1664 2266 τετράγωνος

183 2278 250 2351 ἠὲ
280 2278 446 2339 συνὼν
469 2276 748 2359 φαίνηται,
777 2275 864 2335 ἐπὶ
895 2275 1059 2355 χθόνα
1083 2284 1260 2333 πᾶσαν
1294 2276 1521 2333 ἀλῶνται

185 2368 434 2448 ἀστεφέες
450 2366 684 2449 ψαφαροί
707 2388 764 2424 τε
791 2363 966 2441 μάτην
997 2363 1256 2423 σταδίοισι
1285 2367 1584 2441 μογεῦντες.

268 2454 534 2535 ὣρονόμον
563 2454 608 2513 δ’
627 2454 831 2513 ἀκτῖσιν
853 2456 962 2519 ἑαῖς
981 2451 1274 2511 λεύσσουσα
1305 2454 1354 2511 Κ
1367 2449 1480 2523 υθή
1496 2472 1525 2530 ρ
1539 2474 1572 2522 η

187 2544 250 2603 ἐκ
275 2542 484 2625 πυρὸς-ἢ
503 2544 706 2603 πολιοῖο
734 2539 923 2620 τέχνας
945 2537 1166 2599 ὤπασσε
1189 2538 1425 2621 σιδήρου.

68 2657 164 2699 ιω
271 2629 337 2703 ἢν
364 2633 412 2690 δ’
444 2630 667 2712 Ἐρμῇ
697 2632 871 2711 χῶρον
908 2632 1027 2687 καθ’
1063 2627 1147 2688 ἑὸν
1173 2627 1404 2708 βεὸαῶτι
1427 2626 1664 2705 συνάπτῃ

187 2719 223 2793 ἢ
245 2718 526 2803 σύμφωνος
547 2724 733 2800 ὁρῆται
751 2717 854 2778 ὑπὸ
880 2716 1160 2779 Στίλὸοντι
1187 2720 1234 2777 Σ
1249 2716 1358 2788 ελή
1376 2740 1450 2788 νη
1465 2764 1481 2789 ,

189 2810 345 2869 αἰόλα
377 2806 748 2875 anamma<
769 2809 879 2874 έαῖς
905 2805 1168 2890 χείρεσσιν
1189 2805 1383 2887 ἔφηναν

188 2899 249 2959 ἐκ
271 2901 494 2978 πριστοῦ
512 2894 788 2977 ἐλέφαντος
808 2894 845 2968 ἢ
865 2896 926 2954 έκ
943 2895 1171 2973 Λύγδοιο
1191 2898 1403 2976 φαεινῆς

189 2986 442 3058 εὖτ-ήκτου
463 2988 512 3045 τ’
535 2985 642 3045 ἀπὸ
668 2989 832 3065 κηροῦ
857 2983 1118 3053 ᾶῦξεσταῖς
1152 2983 1447 3042 σανίδεσσιν

73 3097 164 3138 σαι
193 3075 400 3157 μορφὰς
432 3077 699 3155 μιμηλῇσι
722 3072 1155 3154 χαρασσομένους
1175 3072 1534 3153 γραφίδεσσιν.

275 3164 458 3246 μέσσῳ
479 3166 524 3222 δ’
552 3165 606 3222 ἐν
626 3162 826 3244 κέντρῳ
852 3164 1026 3241 Θοῦρ
1040 3185 1104 3228 ος
1133 3161 1400 3242 σφετέροιο
1435 3165 1554 3220 κατ’
1577 3160 1719 3220 οἴκου

190 3254 208 3277 ‘
225 3257 314 3334 Ερ
333 3257 422 3333 μῇ
449 3248 792 3331 θμοτροχάων
819 3249 1008 3330 τέχνας
1027 3245 1248 3308 ὤπασσε
1281 3247 1586 3328 βαναύσους.

275 3335 390 3400 εὖτε
417 3341 466 3400 Σ
481 3361 505 3397 ε
521 3340 686 3411 ληνα
706 3336 726 3395 ί
735 3361 774 3410 η
806 3335 862 3397 δὲ
890 3335 1232 3416 μεσουρανίου
1263 3336 1368 3395 ἀπὸ
1390 3337 1601 3417 κέντρου

191 3427 368 3510 κλίνῃ,
397 3427 530 3508 ἀτὰρ
547 3428 606 3486 Φ
619 3425 724 3484 αίν
735 3448 782 3484 ω
795 3449 825 3485 ν
842 3448 901 3485 τε
922 3425 1014 3485 καὶ
1034 3423 1097 3486 Ἀ
1109 3448 1138 3504 ρ
1149 3449 1184 3496 η
1195 3449 1220 3492 ς
1248 3424 1446 3508 κέντρῳ
1473 3427 1685 3498 ἕπῶσιν,

73 3541 165 3582 sao
193 3521 360 3595 τῆμος
386 3513 500 3576 ὅσοι
525 3519 712 3597 φῦσαν,
729 3511 1061 3573 νεκυοστόλοι
1090 3512 1378 3591 ἐξεγένοντο
1392 3558 1409 3584 ,

190 3605 228 3679 ἢ
264 3603 474 3686 φρουροὶ
493 3600 686 3661 νεκύων
704 3601 923 3680 τύμὸοις
943 3599 1020 3659 lvi
1042 3600 1384 3667 ναιετάοντες.

193 3698 241 3754 εἶ
271 3693 324 3753 δὲ
346 3715 457 3772 γυν
474 3715 507 3751 α
521 3714 538 3749 ι
552 3689 655 3758 κὸς
687 3689 748 3769 ἔῃ
770 3690 986 3770 γενέθλη
1005 3733 1022 3761 ,
1051 3690 1214 3748 τοῖσιν
1237 3689 1291 3749 δὲ
1311 3688 1488 3762 συνείη

194 3783 261 3843 Ἀ
275 3805 311 3863 φ
329 3806 356 3865 ρ
371 3805 442 3860 ογ
453 3803 476 3840 ε
490 3778 561 3850 νή
576 3803 600 3846 ς
612 3826 630 3853 ,
659 3777 923 3858 τεγέεσσιν
947 3777 1202 3860 ε’φήμεναι
1227 3776 1418 3858 αἴσχεα
1446 3779 1658 3856 δρῶσιν.

275 3867 472 3930 ὁππότε
497 3869 544 3927 δ’
563 3870 805 3948 ὡρονομῇ
841 3866 957 3927 Στί
971 3863 1049 3926 λὸ
1062 3889 1143 3925 ων
1185 3867 1314 3936 ζῶον
1334 3866 1471 3925 κατὰ
1491 3869 1648 3940 θῆλυ,

79 3977 164 4019 sas
193 3957 422 4037 δεικήλῳ
443 3958 490 4014 δ’
528 3955 604 4015 ἐνὶ
631 3954 898 4036 θηλυτέρῳ
915 3954 1007 4014 καὶ
1034 3954 1231 4027 Μήνη
1260 3954 1439 4028 ἐπείη,

193 4045 448 4127 ὡρονόμῳ
470 4045 526 4104 δὲ
551 4048 602 4106 K
619 4043 728 4125 ρόν
741 4067 805 4112 ος
824 4067 882 4102 τε
906 4043 998 4103 καὶ
1014 4038 1076 4104 Ἄ
1092 4067 1164 4125 ρη
1180 4070 1204 4111 ς
1227 4045 1426 4104 ὁππότε
1445 4043 1644 4125 κέντρῳ

197 4134 472 4214 αἰπυτάτῳ
501 4133 819 4214 ἰφέπωνται,
838 4131 1032 4211 ὀῖζυροὶ
1048 4132 1300 4212 γεγάασιν

199 4228 385 4308 φῶτες·
405 4221 661 4302 Δινδυμίῃ
685 4220 787 4303 γὰρ
816 4219 1105 4302 ἀγείροντες
1131 4219 1270 4278 κατὰ
1293 4221 1490 4298 δήμους

199 4312 293 4372 καὶ
317 4311 502 4380 πόλιας
528 4311 817 4380 πλάζονται
843 4313 978 4388 ὁμοῦ
997 4307 1236 4391 ῥόπτροις
1257 4331 1315 4368 τε
1333 4310 1425 4368 καὶ
1445 4312 1640 4382 αὐλοῖς,

81 4425 168 4467 ιω
194 4399 380 4483 χερσὶν
408 4399 515 4468 tat<
533 4398 784 4480 κόψαντες
814 4397 962 4479 ἄφνω
987 4395 1334 4476 τεκνοσπόρον
1355 4399 1508 4457 αἰδῶ.
1623 4433 1626 4438 -

281 4486 444 4550 Ἀλλὰ
465 4487 568 4570 γὰρ
589 4486 727 4556 οὔτις
748 4485 928 4560 θνητὸς
949 4483 1048 4546 ἰὼν
1069 4484 1243 4552 πάσας
1271 4509 1331 4544 κε
1355 4487 1562 4546 δύναιτο

201 4602 244 4638 π
259 4572 483 4658 ρήξιας
507 4574 544 4648 ἢ
576 4573 818 4656 τέχνας
848 4576 1039 4647 εἰπεῖν,
1065 4571 1226 4640 ὅσσας
1253 4572 1570 4654 μερόπεσσιν

204 4663 422 4746 ἀστέρες
442 4666 496 4723 ἰν
517 4663 840 4744 σφετέροισιν
871 4661 1216 4744 ἐμοιρήσαντο
1238 4659 1528 4742 δρόμοισιν.

205 4755 370 4826 ἑξείης
393 4754 439 4813 δ’
462 4751 544 4831 ἄρ’
574 4751 756 4812 ἔπειτα
779 4750 927 4823 σίνη
956 4749 1076 4832 περὶ
1103 4748 1328 4826 σώματα
1356 4753 1560 4818 θνητοῖς

89 4850 172 4903 sss
203 4842 400 4902 δππόσ’
413 4840 780 4900 ἐπεκλώσαντο
805 4839 898 4898 καὶ
925 4836 1151 4906 ὁτι-ποίας
1171 4840 1287 4896 κατ’
1309 4837 1597 4917 ἀταρπούς,

194 4931 396 5012 ,ἐξερέω
424 4930 572 5009 μάλα
599 4928 778 5009 παῦρ’,
801 4926 914 4988 ἐπεὶ
933 4926 1110 4986 οὔτινα
1129 4929 1258 5007 φῶτ’
1291 4926 1367 4985 ἐνὶ
1393 4927 1595 4994 τόσσοις

210 5023 418 5091 ἀσκηθῆ
442 5017 533 5077 καὶ
552 5016 767 5077 ἄνουσον
789 5015 942 5098 ἄχρις
964 5013 1204 5075 θανάτοιό
1224 5015 1272 5093 γ’
1301 5014 1528 5096 έφεύροιι·

289 5099 394 5169 εἶτ’
417 5105 482 5168 ἂν
511 5107 574 5180 δὴ
603 5104 724 5189 ζῶῳ
740 5109 797 5168 Π
812 5130 843 5165 υ
858 5107 1030 5188 ρόεις
1053 5106 1248 5164 ἐπιόντι
1275 5105 1514 5184 βεὸηκὼς

211 5194 616 5277 ἀμφοτέροις
649 5193 1004 5255 σελάεσσιν
1025 5196 1156 5270 ὁμοῦ
1183 5190 1444 5271 βεὸαῶσιν
1469 5192 1567 5265 ἔπι,
1609 5216 1691 5270 ιιι,

102 5303 188 5342 σω
211 5287 494 5367 ὀφθαλμῶν
522 5283 680 5353 σέλας
698 5281 1006 5366 ἀμφοτέρων
1026 5280 1228 5362 ἥμεροι
1248 5285 1534 5362 βροτοῖσιν·

1843 609 1931 656 aut
1954 604 2081 668 rogis
2098 604 2321 657 violentis
2338 610 2555 655 mortuos
2579 603 2919 653 comburentes
2934 604 3152 653 fecerunt
3162 640 3177 665 ,

1840 696 1927 745 aut
1947 697 2261 745 lamentantes
2274 706 2465 757 semper
2488 692 2807 743 cornu-factis
2824 692 3033 741 naeniam
3052 691 3199 741 tibiis.

1904 785 1988 834 Sin
2008 786 2306 835 Mercurius
2324 783 2400 833 bis
2417 782 2551 834 testis
2566 783 2719 833 autin
2738 782 2907 831 eodem

1838 874 1975 938 signo
1990 873 2080 935 sit,
2105 872 2265 936 mres,
2288 873 2525 933 latrones,
2550 871 2842 931 homicidas,

1842 965 1928 1013 aut
1945 960 2107 1011 nautis
2124 960 2403 1024 perniciosis
2424 959 2801 1024 aggressionibus
2816 958 3061 1008 interitum
3084 958 3289 1007 ferentes
3368 1020 3373 1025 .

1841 1048 1975 1109 uicit,
1993 1050 2047 1097 at
2062 1047 2233 1097 mortis
2252 1044 2399 1097 tinem
2417 1047 2652 1110 patientes
2671 1046 2832 1097 dirum
2844 1083 2859 1107 ,

1841 1136 1893 1183 et
1910 1134 2173 1197 antequam
2194 1131 2464 1181 moriantur
2480 1168 2496 1193 ,
2520 1131 2769 1181 horrendis
2785 1134 2985 1181 vexatos
3006 1130 3268 1181 doloribus.

1906 1222 2003 1272 Ubi
2020 1235 2139 1272 vero
2160 1220 2334 1271 domos
2356 1220 2665 1285 partiumque
2684 1220 2921 1271 terminos
2937 1223 3237 1270 commutent

1839 1309 2261 1361 iuter-seinvicem
2288 1312 2449 1361 Venus
2470 1312 2523 1360 et
2538 1308 2900 1373 persplendidus
2922 1310 3049 1359 celer
3080 1311 3390 1359 Mercurius.

1841 1399 2070 1449 tibiarum
2100 1400 2187 1448 aut
2202 1398 2403 1450 citharas
2424 1400 2511 1449 aut
2530 1400 2703 1449 mutus
2724 1397 3019 1447 concinentis

1842 1488 2087 1539 autetiam
2113 1487 2380 1537 saltationis
2394 1486 2664 1537 exsultores
2685 1486 2864 1549 peritos

1841 1575 2109 1627 effecerunt
2132 1576 2223 1624 aut
2242 1574 2365 1638 jocis
2388 1574 2637 1625 dicacibus
2657 1574 3033 1637 procacibusque
3058 1574 3214 1623 verbis

1841 1664 2137 1714 delectantes
2156 1665 2206 1714 et
2226 1664 2423 1726 tragicoe
2441 1662 2708 1726 gravisum
2728 1675 2901 1725 guaros
2924 1662 3193 1721 cantilenae,

1842 1766 2030 1824 semper
2058 1753 2107 1802 in
2131 1752 2353 1816 spatiosis
2368 1752 2583 1802 errantes
2601 1751 2845 1814 thymelis.

1908 1842 1994 1892 Sin
2012 1854 2127 1891 vero
2146 1840 2442 1891 in-terminis
2460 1842 2711 1891 Mercurii
2737 1843 2913 1901 Titan,
2928 1842 2979 1889 et
3000 1839 3099 1902 ipse
3116 1852 3228 1889 cum
3254 1838 3339 1888 iilo

1845 1928 2111 1981 Mercurius
2132 1931 2387 1991 appareat,
2406 1928 2613 1977 athletas
2640 1927 2874 1989 reddidit3

1843 2019 1895 2067 et
1910 2016 2146 2079 siquidem
2165 2028 2278 2065 cum
2298 2016 2373 2066 his
2394 2016 2457 2065 sit
2477 2018 2642 2079 pulcra
2673 2018 2857 2079 Venus,

1845 2105 2071 2157 ueiebrati
2089 2103 2303 2154 victoriis
2319 2107 2371 2155 et
2391 2105 2837 2154 multum-coronati
2864 2104 2976 2154 facti
2994 2106 3125 2154 sunt.

1845 2193 1939 2244 Sin¹
1958 2196 2218 2244 saturnu-r
2236 2192 2530 2243 ex-adverso
2541 2195 2679 2243 testis
2692 2196 2777 2243 aut
2793 2193 3058 2256 quadratus

1845 2285 1933 2332 aut
1953 2282 2191 2332 comitans
2206 2284 2453 2344 appareat,
2469 2294 2615 2345 super
2637 2286 2814 2331 terram
2834 2284 2989 2331 totam
3006 2284 3171 2332 errant

1847 2371 2281 2421 coronis-carentes
2300 2370 2578 2434 infirmique
2592 2371 2768 2421 flustra
2787 2370 3029 2421 in-stadiis
3050 2369 3331 2421 laborantes.

1910 2462 2246 2510 Horonomum
2264 2462 2429 2509 autem
2452 2458 2599 2509 radiis
2624 2459 2725 2509 suis
2746 2459 2916 2510 videns
2943 2461 3106 2509 Venus

1847 2560 1911 2598 ex
1932 2548 2043 2611 igue
2064 2549 2149 2597 aut
2168 2560 2289 2597 cano
2306 2552 2435 2597 artes
2461 2546 2666 2611 prebuit
2691 2548 2835 2597 ferro.

1910 2638 1995 2687 Sin
2015 2637 2279 2687 Mercurio
2296 2636 2539 2697 regionem
2562 2648 2648 2699 per
2664 2648 2801 2685 suam
2820 2636 3053 2698 gradienti
3072 2636 3328 2686 conveniat

1853 2726 1941 2774 aut
1956 2736 2225 2775 consonans
2243 2726 2471 2773 cernatur
2488 2735 2520 2773 a
2537 2723 2775 2773 Mercurio
2796 2727 2966 2785 Luna,

1851 2812 1987 2862 varia
2008 2810 2584 2862 artificiose-elaborantes
2598 2812 2699 2861 suis
2712 2810 2935 2861 manibus
2950 2811 3274 2862 exhibuerunt

1851 2915 1917 2952 ex
1931 2902 2063 2952 secto
2084 2900 2231 2952 ebore
2251 2902 2339 2951 aut
2360 2912 2425 2950 ex
2444 2898 2611 2964 Lygdo
2628 2899 2923 2964 splendente,

1852 2991 2075 3054 rusilique
2091 3003 2121 3040 e
2136 3003 2249 3040 cera
2268 2988 2583 3051 bene-potitis
2596 2988 2785 3040 tansitis

1853 3080 2029 3130 formas
2052 3078 2373 3129 imitatoribus
2388 3077 2712 3142 insculpentes
2732 3078 2918 3136 cestris.

1914 3168 2073 3219 Medio
2098 3169 2262 3218 autem
2281 3167 2332 3216 in
2350 3171 2518 3218 centro
2536 3168 2681 3218 Mars
2698 3166 2855 3216 suain
2879 3165 3025 3215 domo

1852 3259 2111 3308 Mercurio
2130 3268 2423 3306 concurrens
2438 3258 2567 3306 artes
2580 3253 2717 3304 dedit
2734 3253 3040 3304 sedentarias.

1913 3344 2118 3404 Quando
2134 3347 2285 3394 Luna
2304 3345 2471 3394 autem
2488 3343 2765 3392 medii-caeli
2786 3355 2815 3392 a
2835 3346 3002 3393 centro

1851 3434 2080 3494 declinet,
2096 3435 2151 3483 at
2168 3435 2430 3482 saturnus
2453 3433 2601 3494 atque
2618 3433 2761 3482 narr
2776 3433 2945 3482 centro
2967 3431 3265 3490 immineant,

1855 3527 1973 3574 tuuc
1998 3522 2296 3585 quicumque
2315 3522 2597 3582 nascuntur,
2621 3520 2909 3584 vespiliones
2928 3519 3079 3582 flunt,

1853 3614 1938 3662 aut
1964 3609 2187 3661 custodes
2209 3611 2515 3660 mortuorum
2534 3587 2767 3670 sepulcris
2786 3608 3123 3658 inhabitantes.

1857 3700 1943 3751 Sin
1960 3699 2197 3750 mulieris
2213 3699 2278 3749 sit
2292 3698 2519 3748 nativitas
2532 3732 2545 3758 ,
2562 3696 2657 3746 iliis
2672 3698 2835 3745 autem
2855 3699 3114 3745 concurrat

1867 3791 2048 3844 Venus,
2075 3788 2337 3838 fornicibus
2352 3787 2612 3837 insidentes
2634 3787 2793 3848 turpia
2817 3786 3141 3834 committunt.

1922 3876 2011 3926 Ubi
2036 3879 2199 3926 autem
2222 3876 2551 3936 boram-regat
2570 3875 2864 3924 Mercurius
2880 3873 2933 3922 in
2948 3873 3081 3934 signo
3099 3873 3307 3924 femineo

1857 3965 1991 4027 signo
2012 3969 2177 4015 autem
2199 3964 2251 4013 in
2270 3961 2497 4012 muliebri
2515 3963 2661 4010 etiam
2678 3965 2828 4012 Luna
2850 3961 3115 4024 immineat,

1859 4055 2183 4103 horonomum
2202 4053 2365 4102 autem
2382 4054 2645 4101 Saturnus
2670 4031 2818 4112 atque
2840 4052 2987 4100 Mars
3005 4049 3089 4100 ubi
3106 4050 3347 4102 in-centro

1857 4142 2087 4192 attissimo
2108 4139 2481 4203 subsequantur,
2504 4138 2667 4190 miseri
2684 4138 2809 4190 flunt

1859 4231 1979 4293 viri;
2002 4229 2272 4292 Dindymiae
2289 4228 2418 4278 euim
2436 4228 2905 4291 stipem-colligentes
2918 4241 3004 4291 per
3020 4229 3225 4291 populos

1859 4323 1911 4370 et
1926 4319 2069 4368 urbes
2084 4322 2249 4369 errant
2264 4318 2407 4368 simui
2427 4329 2543 4367 cum
2569 4317 2779 4380 rboptris
2801 4319 2849 4367 et
2874 4316 3029 4378 tibiis,

1861 4405 2085 4456 manibus
2106 4406 2208 4456 suis
2239 4404 2854 4470 postquam-demesserunt
2876 4405 3095 4455 celeriter
3120 4405 3424 4472 liberos-pro·

1926 4497 1989 4545 At
2010 4495 2141 4546 euim
2154 4507 2299 4545 nemo
2317 4493 2536 4544 mortalis
2554 4506 2725 4544 omnes
2740 4494 2889 4557 possit
2928 4493 3119 4558 [creans
3132 4494 3425 4544 membrum.

1862 4587 2085 4636 actiones
2102 4586 2189 4634 aut
2208 4584 2351 4634 artes
2379 4594 2653 4644 recensere,
2677 4583 2921 4645 quotquot
2942 4581 3227 4632 mortalibus

1862 4673 2015 4724 stetim
2034 4673 2085 4722 in
2106 4672 2209 4722 suis
2224 4670 2752 4734 fataliter-assignarunt
2768 4671 3001 4721 mrsibus.

1862 4761 2047 4812 Deinde
2062 4763 2226 4811 autem
2238 4761 2341 4824 §am
2358 4771 2525 4810 noxas
2553 4759 2681 4808 eirca
2698 4765 2900 4822 corpora
2912 4758 3195 4809 mortaiibus

1865 4862 2195 4913 quascumque
2206 4831 2519 4898 attribuerint
2529 4849 2581 4898 et
2596 4847 2765 4911 quates
2782 4859 2869 4910 per
2884 4847 3099 4910 sanitas,
3118 4842 3431 4912 [tam-multis

2014 4936 2157 4986 vrabo
2179 4933 2447 4986 &modun
2480 4948 2676 4999 paucas,
2696 4948 2849 4998 quum
2882 4935 3072 4985 nullum
3102 4937 3345 4986 hominem
3382 4940 3429 4988 in

2000 5037 2157 5073 ‚zmem
2175 5027 2225 5073 et
2242 5022 2655 5074 morbis-liberum
2676 5022 2917 5086 usque-ad
2940 5029 3145 5074 mortem
3165 5026 3391 5074 invenias.

1930 5113 2130 5169 Qaando
2150 5112 2297 5175 igitur
2312 5112 2445 5175 signo
2462 5113 2611 5164 Hm
2635 5113 2941 5175 subsequenti
2960 5113 3195 5175 ingressus

1867 5201 2017 5253 ambo
2029 5201 2231 5252 lumina
2251 5201 2397 5252 simul
2420 5201 2627 5263 ingressa
2645 5200 2987 5264 subsequatur,

1868 5291 2122 5341 oculorum
2146 5289 2311 5340 iumen
2328 5289 2583 5340 amborum
2606 5288 2787 5341 ademit
2806 5289 3107 5348 bominibus;
