3767 5825
329 389 584 434 xxxvnt

1713 381 2142 446 PRAEFATIO.

326 506 415 553 ret
437 494 511 555 de
533 497 743 568 servis,
770 497 871 575 qui
891 500 1106 568 cedant,
1145 497 1205 555 h.
1234 517 1288 556 e.
1314 502 1580 559 obediam
1605 501 1883 564 dominis.
1979 507 2127 566 sime
2150 519 2411 586 repertu
2446 531 2473 562 ι
2504 527 2639 567 nam
2676 534 2703 561 ι
2726 553 2744 586 ,
2765 521 2833 568 ut
2865 511 3065 570 verbis
3094 524 3225 571 utar
3248 511 3549 572 editorum

325 583 440 642 Sed
467 597 524 643 et
546 585 788 643 verbum
816 585 890 644 de
918 585 1204 646 uxoribus
1231 587 1275 648 l.
1306 609 1358 649 c.
1388 590 1500 648 rite
1521 590 1738 650 dictum
1769 613 1889 651 non
1976 595 2137 672 praef.
2162 615 2223 674 p.
2248 615 2419 668 xxxv,
2454 621 2481 649 α
2514 597 2579 654 in
2599 617 2719 655 uno
2745 597 2901 656 libro
2942 613 3151 677 quarto
3188 619 3343 659 nova
3366 620 3551 660 voca·

326 685 481 730 recte
497 672 569 732 de
592 674 778 732 servis
800 672 1048 744 dicatur,
1072 687 1128 734 et
1147 677 1390 735 omnino
1415 677 1564 736 mira
1584 679 1732 738 soret
1749 700 1887 738 con·

323 761 574 819 stellatio
591 804 608 833 ,
653 762 836 820 servis
877 761 1268 822 obedientiam
1315 750 1709 842 portendenss
1735 769 1887 828 Hinc

321 849 532 927 scripsi
559 852 828 928 γεγαῶτας
870 853 969 916 ἑοῖς
1006 852 1221 922 ῖσοῦσιν,
1251 853 1408 930 quod
1432 854 1678 914 verbum
1709 859 1882 916 etiam

318 954 498 1014 supra
515 959 574 994 v.
598 936 672 994 56
689 939 1014 997 certissima
1025 939 1430 999 emendatione
1447 932 1700 1021 prolem,
1725 945 1883 1022 quod

317 1037 404 1083 est
425 1024 490 1083 in
517 1024 601 1096 G,
644 1026 719 1085 ab
757 1027 858 1084 AR
887 1029 1140 1107 positum
1184 1029 1420 1104 legitur.
1451 1029 1634 1108 AEque
1659 1031 1880 1094 bonum

313 1128 465 1172 esset
488 1115 590 1173 sed
629 1115 863 1192 longius
887 1136 924 1173 a
949 1115 1168 1176 codicis
1205 1119 1499 1198 scriptura
1540 1134 1826 1181 remotum
1861 1145 1876 1186 :

311 1205 572 1278 γεγαῶτας
597 1201 700 1264 ἴσοι
722 1203 1034 1277 τελέθουσιν,
1057 1205 1151 1263 vel
1179 1207 1280 1272 ἰοῖς
1301 1203 1404 1265 ἴσοι
1425 1205 1578 1266 εἰσίν.

391 1293 528 1370 697.
553 1291 703 1350 ἔσται
724 1293 879 1366 edd„
903 1292 1078 1352 ἔσεται
1099 1314 1226 1352 nos.

392 1401 528 1454 702.
565 1379 718 1441 πέλοι
743 1382 900 1455 edd„
925 1381 1072 1440 πέλει
1086 1403 1195 1442 nos
1217 1403 1250 1442 e
1273 1383 1430 1461 conj.
1456 1383 1768 1449 Holstenii.

393 1491 532 1545 707.
559 1461 678 1530 αὖτ’
700 1473 754 1529 ἐν
777 1470 975 1551 κέντρῳ
1001 1465 1200 1550 Κρὸνος
1221 1470 1346 1544 Gli,
1371 1463 1438 1530 αὗ
1459 1475 1657 1554 Κρόνος
1679 1477 1733 1534 ἐν
1759 1475 1876 1537 κέν-

308 1581 418 1642 τρῳ
429 1559 542 1634 ed„
565 1551 688 1620 αὖτε
713 1560 906 1640 Κρόνος
930 1559 1128 1642 κέντρῳ
1147 1581 1257 1620 nos
1277 1581 1352 1620 ex
1375 1564 1600 1622 emend.
1623 1566 1677 1623 D
1697 1567 1831 1624 681.

390 1669 525 1726 709.
568 1652 658 1708 ὑπ’
681 1649 817 1708 edd.
836 1693 852 1722 ‚
881 1648 963 1706 ἐπ’
985 1669 1113 1710 nos.

387 1740 526 1812 723.
573 1737 889 1804 αὗλίσαντος
915 1736 969 1795 G
985 1781 1000 1810 ,
1027 1764 1052 1790 «ι
1077 1739 1456 1818 supet-script.
1491 1742 1807 1810 αύλυσαντος
1841 1769 1868 1798 ι

307 1824 535 1887 GRON.
564 1815 632 1884 αὖ
663 1823 916 1892 λύσαντος
941 1825 1021 1899 Η,
1046 1815 1115 1882 αὗ
1136 1825 1416 1893 λεύσαντος
1448 1826 1512 1902 J,
1545 1842 1603 1887 et
1625 1831 1708 1888 ita
1729 1833 1791 1890 in
1817 1832 1874 1890 Μ

307 1914 594 1993 scriptum
629 1933 756 1973 esse
785 1925 1025 1973 testatur
1043 1932 1244 1990 margo
1265 1913 1349 1988 H3
1374 1905 1440 1973 αὗ
1465 1915 1714 1986 λύσαντος
1742 1921 1869 1994 ed.;

306 1993 372 2060 αὖ
394 2002 701 2070 λεύσσοντος
729 2022 858 2061 nos.

385 2092 523 2164 730.
567 2087 704 2151 ὅσσα
728 2115 788 2169 γι
809 2090 967 2164 edd„
992 2089 1202 2150 ὁππόσα
1227 2113 1351 2152 nos.

386 2180 522 2252 733.
555 2178 916 2260 ἕκπροφέρωσι
941 2179 1027 2252 G,
1059 2180 1220 2258 quod
1244 2183 1510 2251 restitui,
1537 2185 1759 2243 lacunae
1785 2187 1869 2244 si·-

301 2270 434 2344 gnis
466 2268 782 2347 appositis3
813 2267 1165 2350 ἐκπροφίρωσ·
1193 2267 1229 2326 ἃ
1253 2269 1347 2331 ed.
1379 2291 1412 2329 e
1451 2274 1606 2350 conj.
1645 2274 1698 2330 Ι)
1729 2275 1865 2344 340.

301 2359 387 2418 De
412 2358 525 2417 hoc
551 2359 595 2417 l.
621 2378 800 2438 supra
821 2358 1064 2420 dictum.

383 2447 520 2519 735.
548 2445 848 2526 μαντοσύνῃ
864 2445 966 2527 γὰρ
985 2451 1130 2519 τοιῆς
1153 2445 1216 2504 ἂν
1234 2447 1365 2520 GH,
1390 2449 1743 2530 μαντοσύνῃσι
1765 2451 1868 2533 γὰρ

299 2534 365 2592 ἂν
385 2535 550 2602 τοίαις
575 2535 671 2594 ed.
711 2555 746 2594 e
773 2537 924 2610 conj.
965 2534 1047 2609 R3
1075 2535 1370 2616 μαντοσύνῃ
1403 2536 1518 2616 τοίῃ
1544 2539 1646 2618 γὰρ
1681 2539 1744 2598 ἂν
1772 2544 1866 2600 vel

212 2623 226 2634 “
295 2623 400 2705 γὰρ
413 2621 478 2683 ἃν
492 2623 610 2703 τοίῃ
629 2624 684 2682 D
701 2625 817 2682 682
836 2623 969 2702 conj
981 2668 1020 2697 .‚
1037 2622 1382 2700 μαντοσύναις
1399 2623 1571 2704 τοίῃσι
1593 2625 1694 2708 γὰρ
1716 2627 1777 2687 ἂν
1798 2632 1864 2690 Α.

296 2712 534 2784 Omnes,
557 2713 716 2791 quod
737 2713 994 2790 mireris,
1014 2713 1279 2792 ineptum
1299 2711 1361 2771 ἄν
1378 2715 1739 2793 relinquunt.
1762 2717 1867 2776 Pa-

299 2814 380 2861 tet
405 2799 704 2882 μαντοσύνῃ
731 2799 831 2880 γὰρ
864 2799 980 2878 τοίῃ
1009 2799 1091 2858 ἀεὶ
1113 2799 1486 2860 scribendum
1515 2823 1661 2864 esse.

378 2891 516 2967 736.
559 2889 655 2962 τήν
685 2891 732 2949 δ’
763 2888 838 2963 G,
865 2887 1010 2961 τήνδ’
1032 2888 1106 2963 Η,
1135 2887 1232 2960 τήν
1251 2888 1367 2948 τἸ)
1393 2891 1438 2950 l.
1464 2914 1544 2965 c.,
1579 2894 1625 2955 i·
1655 2914 1706 2955 e.
1729 2918 1863 2971 μαν-

297 2978 548 3054 τοσύνηνς
591 2978 704 3051 δῆθ’
738 2978 828 3038 ed.
849 2998 884 3037 e
915 2978 1074 3057 conj.
1103 2981 1171 3040 Α.
1199 2978 1422 3057 Scripsi
1459 2981 1592 3061 τῇδ’,
1630 2986 1742 3041 hac
1765 3006 1864 3041 ra·-

297 3077 467 3139 tione,
500 3070 543 3129 i.
562 3089 616 3129 e.
641 3067 906 3126 tacendo.

378 3160 514 3234 737.
561 3156 704 3236 ἄγων
737 3154 810 3229 G,
840 3154 972 3233 ἐγὼν
1003 3156 1200 3229 ssed„
1226 3170 1285 3215 et
1318 3158 1401 3216 ita
1423 3158 1582 3236 conj.
1617 3161 1669 3218 D
1694 3160 1736 3223 l.
1771 3182 1859 3235 c.,

292 3248 398 3326 qui
426 3247 602 3305 etiam
640 3242 772 3305 ὗκὼν
801 3247 1132 3325 proposuit.
1165 3244 1462 3325 Scriptum
1495 3262 1622 3306 erat
1663 3250 1796 3329 ἔχων
1841 3272 1855 3312 :

292 3355 472 3414 quum
495 3336 712 3392 habeat
729 3336 1027 3393 materiam
1041 3377 1060 3406 ,
1086 3335 1352 3394 consulto
1381 3337 1617 3396 omittit.

375 3433 515 3499 747.
556 3420 779 3503 καὶῶρη
803 3421 961 3494 edd„
993 3422 1110 3482 καθ’
1125 3420 1264 3503 ὥρης
1282 3443 1390 3482 nos
1415 3445 1427 3482 :
1453 3425 1527 3483 cf.
1563 3448 1592 3499 7
1609 3429 1699 3486 16.

376 3517 512 3587 753.
543 3510 800 3591 αἰγιόχοιο
816 3510 978 3584 edd„
1010 3510 1248 3591 αἰγιόχου
1270 3528 1334 3571 τε
1351 3532 1459 3572 nos
1491 3532 1525 3571 e
1543 3514 1702 3592 conj.
1730 3516 1852 3575 AR.

731 3835 954 3896 LIBER
994 3836 1376 3908 QUARTUS.

366 4014 713 4075 Transimus
729 4013 853 4093 jam
884 4014 956 4072 ad
975 4018 1211 4071 alterum
1238 4035 1499 4085 carmen,
1533 4017 1694 4093 quod
1723 4038 1859 4077 con-

287 4104 468 4165 tineri
490 4104 615 4163 dixi
636 4107 776 4161 libm
796 4117 1010 4179 quarto.
1043 4102 1188 4160 Eum
1209 4101 1284 4160 ab
1311 4123 1432 4161 uno
1451 4123 1637 4181 eoque
1659 4126 1856 4165 recen-

287 4194 441 4253 tiore
479 4193 717 4251 homine
757 4192 1148 4270 compositum
1177 4210 1302 4249 esse
1332 4194 1660 4252 certissimo
1700 4196 1854 4255 indi·

287 4284 383 4342 cio
423 4293 511 4343 est
541 4282 821 4340 universa
851 4281 1065 4353 dictio,
1113 4300 1245 4359 quae
1289 4279 1510 4359 ubique
1549 4283 1856 4360 aequabilis

286 4384 376 4431 est
403 4382 462 4430 et
500 4370 594 4429 sui
635 4369 866 4429 similis.
900 4368 1128 4428 Gaudet
1167 4370 1324 4428 enim
1356 4369 1672 4429 verborum
1717 4374 1854 4451 plu-

286 4462 441 4520 rium
471 4474 644 4537 atque
670 4458 999 4531 variorum,
1025 4459 1237 4536 saepius
1275 4458 1428 4517 idem
1471 4462 1852 4537 repetentium

287 4550 704 4619 cumulatione,
727 4566 859 4625 quae
875 4546 1033 4606 haud
1061 4567 1199 4605 raro
1217 4548 1282 4606 in
1301 4548 1530 4607 inanem
1549 4550 1854 4627 strepitum

287 4636 442 4711 abit3
475 4657 652 4715 saepe,
694 4636 971 4715 inprimis
1011 4637 1077 4694 in
1113 4634 1547 4713 describendis,
1577 4656 1707 4714 quae
1751 4658 1856 4717 per

289 4726 760 4785 constellationes
777 4724 1230 4803 portenduntur,
1257 4720 1501 4795 artibus,
1527 4743 1856 4802 synonyma

285 4827 345 4873 et
381 4812 636 4891 epitheta
667 4812 796 4871 sine
823 4811 1195 4890 copulatione
1217 4810 1386 4889 juxta
1413 4824 1714 4890 ponuntur
1751 4833 1857 4891 per

287 4922 471 4961 unum
492 4903 763 4980 pluresve
779 4920 987 4960 versus
1002 4946 1021 4979 ,
1042 4914 1106 4959 ut
1131 4900 1197 4958 in
1216 4900 1560 4959 memoriam
1581 4917 1857 4961 revocent

284 4990 575 5069 Orphicos
598 4989 883 5067 hymnos,
915 4990 1158 5049 numina
1193 4990 1416 5065 ingenti
1459 4990 1759 5048 nominum
1799 5004 1856 5048 et

285 5088 590 5146 incondita
629 5087 1003 5147 multitudine
1029 5088 1390 5148 invocantes.
1440 5087 1566 5145 Huc
1604 5088 1856 5147 maxime

285 5177 581 5255 pertinent
606 5174 894 5235 vocabula
915 5173 1059 5233 alibi
1090 5188 1192 5234 aut
1217 5194 1502 5253 nusquam
1530 5188 1631 5235 aut
1659 5176 1854 5235 raris-

1982 709 2007 734 «
2032 682 2173 742 bula
2190 685 2374 744 multo
2392 685 2584 764 plura,
2601 705 2773 765 quam
2797 689 2863 746 in
2888 688 3095 746 ceteris
3114 689 3284 747 libris
3312 692 3549 748 manetis

1980 797 2007 824 ι
2036 775 2425 834 continentur.
2468 801 2495 826 ι
2534 775 2615 834 Ea
2650 773 2749 834 hic
2775 779 2885 835 sub
2914 797 3034 835 uno
3070 775 3279 836 obtutu
3318 799 3547 858 ponem

1974 861 2182 939 placet,
2192 863 2490 923 literarum
2502 864 2711 924 ordine
2723 877 2950 924 servato
2970 887 2984 924 ε
3003 867 3395 944 ἀγαλμαωπεῖς
3406 867 3545 944 569.

1972 951 2269 1030 ἀγυρτῆρας
2306 971 2446 1013 221.
2486 950 2775 1028 deme-'moue
2817 955 2952 1015 301.
2996 954 3357 1035 ἀθεσμοφάγος
3398 956 3542 1026 564.

1972 1040 2303 1119 αἶγλᾰζονης
2330 1044 2467 1112 264.
2496 1039 2853 1122 αἰγλοόολήσῃ
2890 1045 3021 1104 188.
3047 1046 3413 1126 αἰθερολαμπῆ
3436 1067 3541 1124 29.

1970 1128 2335 1206 αἰθερονωμῶν
2353 1129 2451 1190 25.
2468 1129 2819 1211 αἶθροὸολήσῃ
2845 1140 2983 1199 224.
3012 1130 3377 1213 αἰθροδόνητον
3392 1136 3539 1211 298.

1972 1215 2321 1294 αἶθροπλανής
2383 1218 2519 1278 586.
2588 1217 2889 1298 αἰθροτόκου
2944 1221 3079 1298 339.
3132 1221 3339 1280 atnam}
3398 1223 3537 1280 166.

1970 1303 2305 1376 αἷπυπλανής
2333 1313 2470 1386 249.
2499 1307 2879 1386 αἰσχιοκερδεῖς
2910 1309 3044 1378 314.
3070 1307 3415 1388 αἴσχεόμυθος
3434 1309 3539 1384 57.

1970 1391 2386 1470 αἰσχιορήμονας
2420 1395 2557 1464 445.
2580 1393 2933 1474 αἰσχεόφημοι
2960 1394 3073 1472 592
3091 1441 3109 1472 ,
3140 1395 3361 1474 quibus
3388 1397 3545 1458 locis

1968 1480 2241 1540 omnibus
2278 1483 2590 1562 αἰσχρεο-ἰιι
2634 1483 2769 1541 edd.
2822 1483 3057 1559 legitur,
3108 1485 3269 1562 quod
3314 1499 3547 1544 mutare

1964 1567 2238 1627 volebant
2266 1568 2367 1628 AR
2396 1571 2462 1628 in
2485 1571 2749 1651 αἰσχριφ,
2774 1585 2931 1630 recte
2959 1573 3205 1630 mutavit
3228 1574 3293 1632 in
3318 1575 3541 1654 αἴσχεο-

1964 1661 2096 1714 Rem
2112 1658 2177 1716 in
2196 1659 2399 1716 Lexici
2412 1659 2502 1718 sui
2516 1659 2654 1717 fasc.
2670 1657 2697 1716 1
2716 1661 2987 1734 (etunico
3006 1663 3021 1718 1
3042 1662 3130 1738 )p.
3158 1681 3292 1722 111.
3318 1663 3541 1741 αἰσχρο-

1962 1745 2193 1822 γέλωτας
2216 1747 2356 1808 283.
2374 1744 2809 1827 αἶσχροδιδάκται
2839 1747 2974 1818 307.
3002 1745 3364 1826 ἆιροὸολῦσιν
3388 1749 3530 1819 354.

1964 1835 2293 1915 ἀκροπολεύῃ
2336 1857 2430 1913 79.
2456 1833 2829 1906 ἀκτινηὸολίας
2862 1848 2971 1896 ter.
3004 1836 3393 1896 ἀλλοτυπώτων
3426 1839 3529 1912 75.

1963 1923 2233 2006 ἀλλόφρων
2284 1923 2417 1985 563.
2476 1925 2972 2003 ἀμαρησκαπτῆρας
3030 1925 3169 1983 252.
3224 1925 3533 2006 ἇματροχῖῃ

1970 2011 2100 2071 108.
2130 2007 2499 2088 ἀμὸλυόεσσαν
2540 2011 2673 2070 156.
2712 2009 3039 2091 ἇμιλᾶθρους
3073 2015 3203 2075 113.
3230 2014 3536 2094 ἀμφιθοᾶζῃ

1962 2101 2057 2166 84.
2104 2101 2409 2180 ἀμφοδικῶν
2454 2100 2595 2160 252.
2631 2099 2955 2180 ἅναστροφίῃ
3006 2103 3145 2162 312.
3174 2102 3271 2160 ἅνδ

1963 2179 2098 2240 358.
2136 2178 2480 2255 ἂντλούμενος
2510 2199 2610 2257 92.
2640 2178 2879 2238 ἀντώπια
2910 2181 3041 2239 336.
3068 2178 3375 2262 ἀξιόμορφοι
3448 2187 3539 2242 13.

1960 2264 2361 2346 ἀξιοπιστοσύνῃ
2382 2267 2515 2327 505.
2530 2267 2791 2326 ἀπόλιστα
2814 2270 2950 2327 282.
2970 2269 3379 2349 ἀποπλάστορας
3396 2271 3533 2339 343.

1959 2355 2385 2438 ἀποφθεγκτήρια
2429 2357 2564 2416 550.
2614 2355 2875 2439 α’πόφωλα
2928 2359 3064 2418 316.
3095 2357 3345 2438 ἀρδευταί
3390 2359 3533 2420 258.

1958 2447 2329 2525 ἀριστοπονῆις
2366 2447 2502 2505 512.
2539 2445 2915 2526 ἀρσενομίκται
2959 2457 3095 2524 590.
3136 2446 3365 2526 ἀπορίῃ
3400 2449 3533 2509 585.

1957 2532 2247 2611 ἀτίκμονας
2277 2535 2414 2603 584.
2449 2533 2688 2606 ἆτίθηνον
2734 2537 2869 2594 368.
2900 2533 3189 2614 ἀτρᾶπεζος
3212 2535 3353 2596 563.
3384 2539 3533 2618 ἄφθι-

1954 2622 2198 2698 τομίσους
2235 2623 2375 2689 234.
2408 2621 2710 2702 ἁχθήμονας
2738 2622 2878 2684 501.
2906 2621 3263 2702 βαθυχρήμον
3292 2636 3405 2684 ter.
3436 2629 3535 2704 βα·

1958 2709 2249 2792 ρυὸάμονος
2296 2711 2431 2768 318.
2481 2708 2812 2790 βιοτίρμονος
2864 2731 2961 2784 77.
3012 2709 3357 2790 βιοτοσκύπον
3392 2713 3527 2786 572.

1956 2795 2323 2880 βλαὸαραυγῆς
2349 2797 2465 2859 bis.
2502 2800 2735 2877 βολαυγῇ
2768 2799 2902 2866 431.
2940 2797 3395 2880 βροτοκλῶστιιρα
3438 2821 3528 2860 11.

1956 2885 2309 2967 βυρσοτόμους
2339 2887 2475 2947 320.
2501 2886 2851 2964 γαλλομανιῖς
2884 2905 3022 2948 221.
3060 2884 3361 2969 γνᾶτι-τορας
3390 2897 3527 2959 422.

1952 2974 2253 3052 γονοπώτας
2277 2980 2345 3035 31
2362 2997 2415 3036 1.
2445 2976 2743 3055 δεροιργίας
2772 2976 2912 3033 320.
2933 2975 3266 3052 δισπόσμασι
3288 2978 3385 3039 38.
3414 2979 3527 3037 δια·-

1952 3062 2213 3145 6λήτορας
2229 3065 2365 3123 236.
2388 3062 2838 3141 διαποιμαίνοντες
2854 3074 2888 3134 4
2900 3084 2992 3139 19.
3006 3064 3373 3144 &mooun-‘ipae
3398 3070 3527 3128 106.

1952 3154 2276 3234 διιθυντῆρας
2300 3160 2399 3221 4ο.
2430 3151 2804 3232 διμορφῶτοισι
2835 3152 2971 3222 452.
2999 3151 3249 3229 διν-ἤματι
3278 3152 3419 3213 553.
3446 3156 3529 3213 δι-

1950 3238 2163 3311 πολήιδι
2205 3241 2340 3313 376.
2378 3240 2634 3320 διωνυμίῃ
2666 3238 2820 3301 ibid.
2872 3240 3141 3321 ὃολοιργός
3176 3254 3283 3301 ter.
3316 3240 3527 3322 δοξοφό-

1953 3352 2031 3409 ροι
2082 3330 2215 3397 514.
2264 3328 2544 3401 δυσπονίης
2584 3330 2721 3389 260.
2760 3327 3231 3409 δωδεκατημορίων
3274 3341 3386 3387 et·-
3406 3329 3525 3391 ίοισι

1952 3418 2181 3495 saepius.
2228 3415 2573 3495 ἐγρεσιοίκους
2620 3416 2757 3477 325.
2808 3414 3095 3495 εἶαρόεντος
3143 3415 3281 3488 275.
3324 3418 3527 3477 elumo-

1952 3506 2179 3585 μόρφους
2198 3506 2335 3573 343.
2360 3502 2785 3584 εἶλαπινουργούς
2806 3503 2942 3564 301.
2964 3502 3201 3574 &cosei-nv
3224 3506 3362 3579 381,
3384 3506 3521 3585 596,

1950 3593 2109 3672 quod
2149 3595 2324 3651 etiam
2367 3594 2482 3650 368
2525 3592 2949 3651 restituendum
3002 3592 3133 3650 fuit.
3188 3592 3523 3675 ἐλικάστιρον

1951 3691 2086 3751 224.
2134 3680 2533 3759 ἰμὸασικοίτους
2582 3687 2724 3753 247.
2785 3678 3160 3756 ἕμπιδολώὄας
3205 3684 3340 3758 196.
3388 3684 3527 3741 ivn-

1947 3770 2066 3837 νίας
2102 3770 2211 3827 113
2264 3770 2475 3848 (etiam
2505 3768 2600 3841 11,
2632 3768 2745 3837 445
2768 3768 2809 3845 l.
2850 3765 3129 3849 ἕντρυφέας
3165 3769 3266 3830 85.
3312 3770 3529 3829 ἐπανοί-

1948 3880 2136 3939 κτορας
2177 3859 2313 3925 483.
2360 3854 2627 3934 ἐπιθύμιος
2668 3857 2806 3915 565.
2840 3854 3102 3937 ἐπίφοιτος
3140 3857 3259 3915 bis.
3303 3858 3529 3938 ἐργολά-

1947 3946 2069 4013 ὅους
2102 3947 2235 4004 330.
2264 3944 2657 4025 ἐταιροτρόφους
2685 3945 2821 4004 313.
2846 3943 3113 4011 εὗξοᾶνους
3138 3945 3279 4021 569.
3314 3944 3525 4013 εὗξυλο-

1947 4032 2124 4115 εργούς
2164 4036 2299 4103 324.
2340 4032 2588 4113 εὗτοίχων
2615 4031 2733 4092 bis.
2773 4030 3037 4105 ζωδιακήν
3084 4034 3215 4093 168.
3260 4034 3524 4117 ζωφορίην

1949 4124 2085 4185 510.
2124 4121 2471 4201 ἡγεμονηίδας
2512 4123 2607 4198 98.
2652 4122 2999 4198 ἠμισύδουλοι
3038 4122 3179 4180 600.
3222 4126 3527 4203 Θεατρομα-

1944 4215 2157 4276 νοῦντας
2190 4230 2326 4284 277.
2356 4206 2688 4277 θεολωὸήτας
2718 4208 2856 4275 234.
2882 4206 3213 4287 θεομήστορα
3241 4228 3302 4283 7.
3329 4214 3525 4289 θεωρο-

1944 4295 2103 4369 σύνην
2134 4298 2269 4367 460.
2292 4294 2613 4368 θηλυλάλους
2638 4298 2775 4355 322.
2808 4296 3239 4372 θηλυμανοῦντας
3269 4298 3404 4367 164.
3430 4302 3525 4369 θη·

1947 4384 2162 4467 ροὸόρου
2206 4388 2345 4453 614.
2391 4382 2860 4465 θηροδιδασκαλίης
2892 4384 3032 4452 245.
3082 4386 3525 4463 θρασυγλωσσὲας

1952 4475 2084 4541 184.
2130 4471 2439 4550 θρασύθυμα
2478 4473 2615 4548 529.
2648 4470 2971 4551 Θρηνήτορας
3020 4491 3156 4548 190.
3182 4472 3523 4551 ἱερολῆτιτους

1947 4581 2085 4633 227.
2116 4559 2426 4637 Ἰνδογσνοῦς
2469 4568 2603 4636 149.
2640 4558 2905 4628 ἶξοὸόλους
2935 4562 3074 4630 243.
3114 4561 3521 4641 ἶχθυοθηρευτᾶς

1946 4650 2085 4716 243.
2117 4647 2464 4726 ἷχνοὸλαὸέας
2494 4648 2634 4709 500.
2678 4647 2974 4727 καγκανέης
3018 4651 3153 4719 324.
3185 4652 3519 4732 καθαρτῆρα(

1942 4733 2058 4795 bis.
2091 4733 2381 4815 κακοεργής
2418 4734 2536 4794 bis.
2576 4734 2937 4815 κακομήτορες
2986 4737 3122 4810 307.
3169 4737 3517 4817 καλαμογρα-

1942 4822 2063 4903 φίης
2094 4844 2190 4898 72.
2228 4822 2599 4899 καλοὸοίμονας
2630 4826 2763 4897 287.
2803 4822 3168 4901 κανονίσματα
3200 4844 3335 4900 191.
3361 4849 3514 4884 xcvo·

1940 4914 2138 4988 νισμῶν
2166 4910 2279 4971 bis.
2317 4910 2675 4993 xapnmdpot
2705 4910 2844 4969 256.
2879 4910 3210 4970 κατάδειπνα
3241 4932 3381 4973 200.
3416 4934 3511 4969 κα·

1940 5001 2323 5078 τονειδιστ-’ῆρας
2337 5000 2449 5057 235
2459 5046 2474 5061 .
2488 4997 2877 5080 κεραμουργούς
2894 5020 3003 5076 291
3015 5044 3031 5059 .
3047 4998 3477 5079 κερατῶπιδος91
3488 5044 3501 5057 .

1942 5086 2250 5166 κηδέστορες
2297 5090 2433 5157 514.
2472 5086 2766 5169 κηραγγίας
2810 5091 2947 5157 342.
2994 5089 3329 5170 κλωστῆρας
3375 5109 3501 5165 192.

1941 5176 2175 5257 κλιπτήρ
2205 5176 2319 5238 bis.
2350 5176 2753 5255 κλυτοτὲρμονος
2780 5178 2881 5239 28.
2912 5177 3323 5245 κολοσσοπύνους
3365 5178 3491 5251 570.
