3767 5825
60 289 1215 344 09009008009000000009920
1228 289 1321 338 99
1331 288 3120 341 9oe99990000200000000000000000eonon
3133 289 3179 338 0

1145 479 2014 703 PRAEFATIO.

1502 1120 1529 1154 D

100 1221 315 1296 Rogatus
344 1230 410 1277 ut
426 1216 706 1296 reliquias
730 1214 1055 1276 carminum
1085 1229 1405 1290 graecorum
1430 1226 1553 1271 rem

52 1315 299 1372 tami-alem
330 1313 425 1372 vel
450 1311 729 1371 medicam
775 1308 1156 1391 spectantium
1183 1306 1536 1382 colligerem,

52 1427 131 1466 um
157 1422 333 1466 mente
384 1419 714 1486 reputarem
760 1423 1023 1483 quaenam
1056 1402 1151 1461 his
1194 1401 1556 1462 collectaneis

52 1523 296 1561 nsererem
314 1548 331 1574 ,
360 1515 493 1560 ante
512 1501 709 1558 omnia
736 1518 863 1558 sese
881 1498 1219 1556 obtulerunt
1242 1497 1558 1572 fragmenta

53 1600 262 1656 arminis
281 1596 635 1656 Archestrati
656 1594 828 1652 Geloi
847 1594 940 1651 vel
967 1593 1316 1671 Syracusani
1338 1591 1424 1649 De
1452 1611 1559 1667 op-

52 1695 206 1766 timis,
238 1713 366 1771 quae
390 1691 567 1750 nobis
602 1691 859 1748 servavit
876 1689 1199 1746 Athenaeus.
1226 1686 1344 1745 Ista
1370 1699 1557 1745 autem

52 1791 303 1864 'ragmenta
350 1797 519 1846 ante‘a
555 1788 677 1864 jam
721 1785 1035 1861 collegerat
1080 1783 1471 1842 Schneiderus
1497 1784 1559 1840 in

52 1887 183 1942 'route
212 1883 544 1942 Aristotelis
570 1881 720 1940 Hist.
742 1881 937 1938 Anim.
967 1878 1075 1958 (T.
1098 1877 1150 1950 l,
1174 1898 1495 1958 p.1.v-1.xxv
1514 1879 1556 1954 ),

52 1983 106 2040 ed
134 1986 315 2040 nescio
340 2002 459 2059 quo
492 1982 663 2058 lapsu
694 1979 961 2055 quinque
987 1977 1189 2035 omisit
1214 1976 1371 2034 haud
1401 1994 1561 2054 sper-

52 2080 185 2136 nenda
216 2099 345 2157 quae
404 2077 649 2154 reliquis
690 2074 911 2133 addidi.
964 2073 1135 2143 Quod
1181 2093 1325 2131 vero
1369 2073 1560 2151 ipsum

52 2176 421 2235 lrchestratum
461 2175 697 2244 attinet,
744 2169 1131 2229 Schneiderus
1164 2168 1245 2249 (1.
1286 2169 1330 2228 l.
1361 2191 1420 2245 p.
1452 2190 1558 2227 1.111

53 2283 213 2328 tmx
234 2274 253 2348 )
280 2283 369 2330 sat
397 2267 693 2349 probavit,
722 2287 855 2325 eum
884 2266 1215 2324 Aristotelis
1256 2278 1313 2323 et
1352 2266 1560 2323 Demo·

52 2367 211 2426 thenis
229 2370 409 2428 fuisse
430 2367 734 2444 aequalem.

88 2465 430 2524 Archoetrati
468 2463 807 2539 fragmentis
835 2461 1117 2539 subjunxi
1148 2460 1421 2520 Numenii
1454 2460 1561 2518 He-

53 2562 285 2619 acleotici
318 2579 452 2639 quae
479 2570 826 2637 supersunt3
878 2557 987 2615 fuit
1019 2568 1209 2614 autem
1246 2555 1566 2614 Numenius

62 2657 241 2716 Athen.
270 2656 323 2729 Ι,
348 2676 416 2735 p.
443 2654 478 2713 5
508 2674 542 2712 a
568 2653 585 2733 )
630 2653 889 2711 medicus
915 2651 1193 2709 Dieuchis
1216 2651 1563 2729 discipulus,

53 2753 153 2810 [nde
178 2754 455 2828 colligere
490 2750 663 2822 licet,
696 2768 829 2807 eum
865 2746 1181 2806 Alexandri
1211 2746 1408 2822 Magni
1445 2767 1569 2806 suc·

52 2847 323 2905 essoribus
378 2858 531 2903 certe
583 2864 703 2902 non
756 2842 933 2901 fuisse
991 2841 1327 2900 inferiorem
1350 2885 1367 2915 ,
1429 2843 1569 2920 quia

53 2962 203 3021 empe
240 2945 373 3021 ipse
412 2942 698 3000 Dieuches
732 2940 1028 3017 (Galenus
1074 2938 1297 2999 Comm.
1340 2941 1403 2997 in
1432 2939 1570 3017 Hip-

53 3062 159 3100 ocr.
185 3042 269 3099 De
298 3054 417 3099 nat.
455 3040 614 3097 hom.
647 3037 720 3097 T.
743 3037 814 3109 V,
858 3058 914 3115 p.
952 3038 1046 3108 23,
1086 3036 1177 3097 ed.
1218 3038 1350 3095 Bas.
1373 3036 1390 3095 l
1416 3037 1569 3094 inter

52 3136 250 3194 tedicos
278 3134 639 3213 Herophilo,
672 3133 778 3210 qui
816 3132 1117 3189 Ptolemaei
1158 3130 1297 3205 Lagi
1330 3132 1571 3207 aequalis

52 3236 149 3305 uit,
178 3232 545 3311 antiquiores
576 3242 929 3288 recensetur.
980 3228 1227 3305 Scripsit
1251 3226 1571 3286 Numenius

56 3340 79 3363 ⁸
92 3328 218 3409 Περὶ
236 3327 485 3407 δςίπνων,
519 3345 594 3385 an
612 3323 887 3384 versibus
901 3324 992 3382 vel
1010 3324 1261 3402 pedestri
1283 3326 1567 3397 oratione,

53 3446 125 3483 *on
142 3437 391 3495 constat,
404 3424 542 3500 quia
552 3424 840 3497 integrum
854 3440 1006 3497 opus
1022 3420 1201 3499 periit
1216 3442 1231 3491 3
1256 3423 1315 3475 2⁰
1339 3440 1571 3477 carmen

53 3520 99 3575 le
122 3522 346 3597 piscatu
380 3517 628 3594 (Athen.
652 3515 704 3588 1,
734 3536 796 3595 p.
832 3516 899 3572 13
928 3514 1031 3591 b),
1062 3513 1231 3591 cujus
1256 3515 1574 3590 fragmenta

52 3612 83 3670 b
108 3616 385 3673 Athenaeo
408 3611 579 3671 nobis
602 3624 832 3670 servata
862 3609 1259 3669 exhibuimus.
1285 3612 1345 3666 3⁰
1366 3611 1571 3687 Θηρια-

52 3708 117 3780 ὁν,
139 3710 304 3787 cujus
324 3708 445 3766 tria
469 3706 788 3783 fragmenta
805 3718 1033 3765 exstant
1049 3705 1200 3783 apud
1223 3704 1416 3763 Schol.
1440 3706 1569 3766 Nic.

52 3802 195 3875 ⁷her.‚
216 3806 383 3862 infra
401 3821 434 3860 a
455 3800 999 3873 nobis,exhibenda,
1023 3800 1297 3877 quodque
1316 3820 1569 3873 carmen,

52 3901 201 3959 odem
222 3900 556 3959 Scholiasta
580 3908 821 3957 testante
836 3897 1132 3969 ,imitatus
1155 3909 1244 3953 est
1259 3895 1567 3957 Nicander.

85 4000 436 4059 Numenium
462 3998 727 4075 sequitur
746 3997 1053 4055 Pancrates
1071 3994 1253 4053 Arcas
1272 3996 1399 4071 qui,
1430 4008 1571 4053 teste

52 4096 201 4153 odem
224 4096 549 4168 Athenaeo(
566 4094 610 4150 l.
633 4093 674 4150 l.
694 4094 735 4169 ),
756 4092 959 4150 itidem
974 4110 1204 4149 carmen
1225 4091 1572 4167 conscripsit

52 4196 93 4247 be
116 4212 175 4248 re
203 4191 533 4270 piscatoria
554 4232 570 4259 ‚
605 4188 678 4246 de
714 4186 883 4263 cujus
925 4199 1089 4243 aetate
1117 4198 1306 4242 tamen
1332 4184 1424 4242 vel
1455 4186 1573 4241 vita

54 4286 171 4344 lane
202 4287 359 4345 nihil
389 4296 631 4342 constat.
657 4282 999 4357 Fragmenta
1022 4293 1207 4338 autem
1249 4281 1361 4337 huc
1390 4300 1573 4357 usque

51 4396 323 4440 nemorata
371 4394 545 4457 atque
586 4380 893 4436 maximam
924 4391 1143 4455 partem
1192 4396 1264 4433 ex
1300 4375 1573 4433 Athenaeo

53 4492 337 4557 esumpta,
372 4478 640 4534 codicum
665 4476 923 4533 nondum
946 4492 1319 4532 excussorum
1341 4492 1453 4551 ope
1483 4474 1577 4529 de·

52 4576 269 4647 titutus,
322 4572 568 4632 exhibui
612 4572 809 4650 qualia
847 4572 909 4629 in
954 4571 1363 4629 recentissimis
1402 4569 1575 4645 hujus

52 4673 259 4729 actoris
286 4666 653 4727 editionibus
678 4668 968 4741 leguntur,
999 4666 1282 4744 adoptatis
1311 4665 1572 4721 virorum

52 4780 313 4821 ortorum
357 4762 711 4838 conjecturis
762 4782 890 4837 quae
936 4761 1077 4819 mihi
1112 4759 1426 4837 probandae
1453 4769 1593 4816 esse·

54 4861 401 4929 idel›antur;
422 4859 707 4916 nonnulla
730 4872 920 4916 tamen
949 4857 1078 4915 loca
1119 4856 1268 4913 foede
1304 4870 1577 4933 corrupta

53 4970 217 5013 stacta
249 4954 590 5030 relinquere
610 4968 841 5011 coactus
865 4972 1012 5012 sum.
1052 4950 1263 5009 Addidi
1294 4954 1575 5029 interpre-

53 5054 285 5111 ationem
327 5051 1047 5126 Schweighaeuserianam,
1080 5051 1285 5107 leviter
1314 5049 1573 5105 immuta-

1644 1222 1759 1273 tam
1784 1211 1861 1274 iis
1879 1211 2248 1275 solummodo
2267 1212 2332 1274 in
2354 1211 2530 1285 locis,
2555 1211 2658 1274 ubi
2687 1213 2812 1272 sive
2853 1212 3012 1293 quod
3035 1212 3207 1272 aliam

1643 1307 1950 1372 lectionem
1961 1310 2390 1390 adoptaveram,
2418 1310 2544 1370 sive
2555 1311 2670 1371 alia
2689 1328 3032 1388 quacunque
3046 1310 3209 1369 deni·

1646 1422 1761 1484 que
1777 1404 1848 1464 de
1866 1424 2061 1479 causa,
2089 1405 2297 1466 Latina
2317 1405 2539 1466 Graecis
2561 1424 2679 1464 non
2691 1418 2956 1464 accurate
2975 1425 3210 1484 respon-

1646 1498 1787 1559 dere
1830 1500 1976 1559 mihi
2017 1499 2402 1572 videbantur-3
2449 1499 2567 1559 duo
2614 1500 2932 1576 fragmenta
2948 1519 2980 1559 e
3012 1500 3206 1558 Schol.

1645 1592 1773 1654 Nic.
1802 1596 2108 1674 desumpta
2126 1597 2252 1675 ipse
2279 1595 2485 1655 Latine
2507 1595 2750 1654 reddere
2779 1609 3021 1654 conatus
3059 1615 3210 1658 sum.

1727 1691 2170 1752 Transeundum
2195 1693 2316 1771 jam
2362 1693 2434 1752 ad
2473 1692 2730 1765 medica3
2773 1691 2982 1751 horum
3009 1713 3212 1769 agmen

1649 1787 1811 1846 ducit
1827 1787 2276 1866 jusjurandum,
2316 1788 2475 1867 quod
2497 1787 2751 1864 benigne
2787 1809 3010 1847 mecum
3045 1811 3210 1848 com—

1650 1885 1973 1943 municavit
2000 1888 2092 1942 vir
2118 1885 2274 1944 doct.
2307 1883 2695 1960 Daremberg,
2724 1884 2827 1962 qui
2857 1884 2918 1942 id
2961 1884 3156 1942 Romae
3183 1906 3216 1941 e

1651 1979 1776 2039 cod.
1796 1964 2073 2038 Colonnae
2088 1981 2398 2059 exscripsit
2407 1980 2924 2059 apographumque
2938 1980 3072 2038 dein
3085 2001 3215 2039 cum

1657 2074 1807 2138 cod.
1823 2076 2101 2137 Laurent.
2119 2078 2383 2137 contulit.
2399 2077 2524 2136 Hoc
2537 2077 2758 2155 excipit
2771 2077 3004 2135 initium
3021 2082 3217 2136 carmi-

1655 2170 1750 2230 nis
1774 2170 1859 2231 De
1881 2171 2322 2230 medicamentis
2346 2171 2619 2230 letalibus
2637 2185 2874 2230 auctore
2897 2172 3218 2231 Heliodoro

1651 2265 2016 2345 Atheniensi,
2037 2267 2140 2346 qui
2154 2267 2348 2345 ipsum
2366 2281 2625 2326 nostrum
2636 2265 3048 2345 jusjurandum
3063 2289 3218 2326 com-

1653 2363 1871 2441 pilasse
1892 2362 2155 2436 videtur3
2177 2375 2312 2422 aetas
2345 2377 2534 2421 autem
2557 2363 2649 2422 vel
2674 2363 2798 2421 vita
2823 2362 3001 2440 hujus
3025 2364 3217 2423 Helio-

1653 2459 1787 2518 dori
1800 2461 1974 2539 plane
1989 2461 2288 2536 incognita
2302 2473 2402 2519 est.
2419 2461 2562 2518 Post
2579 2459 2960 2518 Heliodorum
2979 2461 3220 2520 exhibui

1656 2557 2040 2632 fragmentum
2072 2557 2204 2616 Rufi
2231 2555 2468 2634 Ephesii
2499 2556 2710 2614 medici
2742 2555 3105 2622 celeberrimi
3135 2559 3222 2617 De

1654 2651 1888 2731 ladano,
1914 2651 2082 2729 cujus
2106 2652 2178 2710 de
2197 2653 2431 2730 scriptis
2453 2663 2518 2710 ut
2543 2639 2897 2710 disseramus
2918 2673 3038 2711 non
3067 2653 3223 2712 vide·

1655 2762 1751 2808 tur
1762 2749 2103 2810 hiccelocus
2112 2748 2366 2807 maxime
2380 2748 2625 2807 idoneus
2643 2771 2660 2822 3
2683 2748 2834 2808 vixit
2852 2762 3066 2821 autem,
3081 2763 3223 2808 teste

1657 2847 1840 2905 Suida
1868 2848 1971 2925 (in
1997 2847 2214 2926 voce),
2245 2845 2506 2924 Trajano
2531 2857 2826 2923 regnante.
2854 2844 3072 2904 Seriem
3105 2846 3220 2904 fra-

1658 2955 2022 3019 gmentorum
2043 2942 2376 3001 hexametro
2394 2953 2581 3001 metro
2593 2942 3057 3019 conscriptorum
3077 2944 3224 3001 clau·

1659 3039 1746 3097 dit
1765 3038 1817 3096 Τ
1819 3038 2047 3097 heriaca
2061 3038 2251 3113 ignoti
2267 3037 2522 3096 auctoris
2540 3054 2574 3095 e
2594 3035 2817 3094 Galeno
2833 3036 3030 3095 desum
3038 3050 3154 3116 pta.

1739 3131 1898 3191 Inter
1919 3131 2132 3208 elegias
2148 3134 2402 3211 primum
2417 3132 2608 3190 locum
2633 3144 2830 3191 tenere
2838 3133 2986 3206 jussi
3007 3133 3223 3192 descri-

1660 3230 1920 3307 ptionem
1957 3227 2362 3285 medicamenti
2397 3247 2430 3285 a
2457 3226 2705 3285 Philone
2740 3226 3011 3285 Tarsensi
3043 3228 3225 3286 ψιλω-

1658 3322 1793 3382 νείου
1836 3322 1977 3382 dicti
1998 3366 2015 3394 ,
2045 3322 2118 3381 de
2161 3342 2280 3400 quo
2325 3323 2453 3401 ipse
2487 3323 2738 3381 Galenus
2780 3322 2796 3401 (
2819 3341 2932 3380 sec.
2960 3324 3072 3381 loc.
3108 3323 3221 3397 1x;

1660 3426 1726 3479 T.
1755 3419 1842 3492 Il,
1871 3441 1932 3499 p.
1963 3421 2114 3499 297)
2145 3418 2328 3500 πρώτη
2359 3418 2454 3497 μὲν
2487 3410 2599 3493 οὖν,
2625 3420 2850 3497 inquit,
2879 3420 3050 3477 αὐτῶν
3083 3421 3220 3498 (τῶν

1664 3516 1940 3576 ἅνωδύνων
1964 3540 2021 3576 τε
2045 3516 2134 3575 καὶ
2167 3518 2408 3575 κωλικῶν
2435 3513 2831 3592 ὀνομαζομένων
2851 3516 3144 3597 φαρμάκων
3173 3520 3219 3597 ),

1660 3616 1730 3679 ὥς
1750 3612 1940 3689 ἔοικεν,
1964 3614 2019 3671 ἐν
2046 3620 2152 3679 τοῖς
2175 3612 2343 3671 πάλαι
2370 3612 2574 3692 χρόνοις
2597 3618 2630 3684 ἢ
2655 3617 2746 3671 τοῦ
2769 3612 3011 3680 Φίλωνος
3031 3612 3227 3681 ἔνδοξος

1662 3707 1889 3787 ἐγένετο.
1939 3706 2267 3766 Notandum
2293 3721 2502 3793 autem,
2532 3707 2818 3767 Galenum
2859 3727 2994 3766 raro
3024 3708 3224 3766 admo·

1662 3806 1799 3862 dum
1822 3802 2100 3862 adhibere
2131 3802 2312 3861 verba
2333 3802 2501 3861 πάλαι
2515 3803 2610 3861 vel
2631 3800 2855 3869 παλαιός
2871 3802 2944 3861 de
2959 3805 3230 3881 tempori-

1659 3904 1773 3959 bus
1796 3900 2128 3959 Alexandro
2160 3900 2375 3976 Magno
2403 3900 2587 3959 multo
2623 3899 3030 3959 inferioribus.
3081 3900 3228 3959 Huic

1662 3996 1908 4055 carmini
1922 3994 2249 4053 addendum
2261 4012 2386 4053 esse
2404 3995 2604 4073 putavi
2619 3996 3096 4052 commentarium
3113 3996 3226 4053 Ga-

1662 4092 1805 4167 leni‚
1833 4092 2056 4168 quippe
2080 4090 2238 4166 quod
2262 4108 2370 4167 per
2390 4108 2453 4147 se
2478 4090 2580 4147 vix
2605 4089 2855 4165 intelligi
2885 4092 3030 4167 quit.

1742 4186 2018 4263 Sequitur
2038 4203 2296 4255 carmen,
2323 4185 2482 4261 quod
2502 4184 2672 4243 nobis
2693 4185 2963 4243 traditum
2989 4198 3074 4243 est
3095 4206 3224 4245 cum

1666 4283 2055 4361 inscriptione
2096 4278 2350 4359 Θηριακὴ
2397 4279 2664 4359 Ἀντιόχου
2718 4284 2810 4339 τοῦ
2862 4280 3229 4361 Φιλομήτορος

1664 4376 1790 4456 παρ’
1814 4373 2068 4451 Εὗδήμου
2092 4374 2367 4454 ἐμμέτρως
2405 4374 2868 4454 ἀναγεγραμμένη.
2902 4375 3098 4446 Quaeri
3121 4398 3227 4456 po-

1666 4484 1797 4543 test,
1818 4490 1991 4547 quem
2017 4490 2246 4528 sensum
2269 4470 2408 4529 huic
2427 4470 2597 4541 titulo
2612 4469 2870 4528 tribuere
2892 4470 3224 4544 debeamus,

1666 4586 1739 4623 an
1783 4565 2106 4624 Antiochus
2156 4568 2638 4625 medicamentum
2690 4565 3013 4638 invenerit,
3061 4568 3228 4644 cujus

1667 4661 2086 4743 consec-tionem
2109 4661 2242 4719 dein
2265 4661 2558 4720 memoriae
2585 4660 2889 4719 tradiderit
2913 4660 3225 4736 Eudemus,

1668 4778 1741 4815 an
1770 4776 1914 4815 vero
1965 4755 2286 4814 Antiochus
2317 4776 2455 4815 usus
2480 4757 2558 4814 sit
2599 4756 3043 4828 medicamento,
3071 4758 3226 4834 quod

1669 4853 1811 4910 olim
1850 4853 2156 4909 invenerat
2184 4851 2491 4911 Eudemus.
2534 4850 2757 4921 Quodsi
2810 4852 2957 4908 hanc
2993 4851 3228 4930 adopta-

1670 4967 1797 5005 mus
1840 4945 2377 5025 interpretationem
2397 4992 2413 5019 ,
2453 4946 2778 5019 Eudemus,
2827 4946 3224 5005 medicamenti

1671 5057 1870 5105 auctor
1895 5045 2047 5104 idem
2073 5064 2197 5103 esse
2234 5045 2448 5124 poterit
2476 5064 2543 5102 ac
2569 5043 2859 5103 Eudemus
2877 5087 2894 5117 ,
2925 5043 3223 5121 Herophili

1603 5174 1656 5214 73
