3767 5825
388 429 425 479 ²
1440 397 1841 460 ΟΠῙῘΙΑΝΟΥ
1887 395 2430 456 ΚΥΝΗΓΕΤΙΚΩΝ
2477 397 2544 454 Α.

508 542 634 622 γαίῃ
663 539 755 602 καὶ
784 537 1051 609 πολίεσσι,
1074 532 1167 594 καὶ
1184 529 1470 612 εὖθήροισιν
1498 531 1713 594 ἀοιδαῖς.

586 634 637 691 Τ
641 627 913 710 ριχθαδίην
934 625 1103 704 ’θήρην
1128 619 1239 687 θεὸς
1266 618 1477 677 ὤπασεν
1502 615 1866 698 ἀνθρώποισιν,

510 718 692 800 ἠερίην
712 713 924 796 χθονίην
955 734 1013 770 τε
1036 709 1128 769 καὶ
1152 706 1381 778 εἰναλίην
1412 708 1437 764 ἐ
1472 704 1695 775 ατεινήν·

510 805 627 866 ἀλλ’
650 807 747 863 οὔκ
763 793 881 868 ἶσος
900 799 1096 864 ἄεθλος·
1124 794 1237 856 ἐπεὶ
1261 793 1415 853 πόθεν
1430 729 1528 851 {aa
1555 791 1823 862 τέτυκται,

424 921 473 956 ω
512 894 661 976 ἰχθὺν
684 890 1004 970 ἀσπαίροντα
1038 888 1205 966 βυθῶν
1234 879 1675 961 ἀπομηρύσασθαι

509 983 600 1043 καὶ
626 977 847 1046 ταναοὺς
868 975 1069 1058 ὄρνιθας
1097 972 1188 1032 ἀπ’
1208 969 1360 1052 ἠέρος
1388 970 1721 1051 εἷρύσασθαι,

511 1071 545 1143 ἢ
570 1069 722 1151 θηρσὶ
750 1063 994 1148 φονίοισιν
1022 1066 1078 1120 ἐν
1098 1059 1273 1143 οὔρεσι
1303 1057 1639 1138 δηρίσασθαιΙ

513 1161 592 1219 Οὐ
622 1155 716 1234 μὲν
744 1154 823 1236 ἄρ’
848 1151 955 1211 οὐδ’
984 1150 1162 1221 ἁλιῆἶ,
1190 1147 1280 1206 καὶ
1298 1149 1418 1220 οὐκ,
1446 1145 1582 1216 ἐτὸς,
1606 1144 1828 1224 ἷξευτῆρι

514 1247 649 1328 ἄγρη
672 1241 824 1325 νόσφι
842 1241 1038 1300 πόνοιο·
1060 1237 1205 1318 πόνῳ
1233 1236 1276 1295 δ’
1308 1235 1419 1312 ἅμα
1442 1233 1617 1315 τέρψις
1639 1234 1823 1306 ὀπηδεῖ

424 1358 477 1398 ss
520 1333 714 1414 μούνη,
746 1330 839 1391 καὶ
860 1329 1014 1412 φόνος
1037 1325 1192 1394 οὔτις·
1222 1325 1537 1402 ἀναίμακτοι
1560 1322 1614 1381 δὲ
1638 1321 1900 1382 πέλονται.

510 1424 671 1484 Ἤτοι
693 1425 722 1480 ὃ
742 1418 837 1500 μὲν
856 1415 1107 1497 πέτρῃσιν
1138 1413 1389 1496 ἐφήμενος
1419 1410 1719 1490 ἀγχιάλοισι
1736 1453 1754 1487 ,

514 1509 785 1592 γυραλέοις
806 1505 1082 1567 δονάκεσσι
1106 1502 1200 1561 καὶ
1224 1501 1549 1580 ἀγκίστροισι
1578 1500 1833 1576 δαφοινοῖς

514 1601 739 1682 ἄτρομος
766 1592 1052 1658 ἀσπαλιεὺς
1076 1589 1366 1660 ἐπεδήσατο
1394 1587 1637 1646 δαίδαλον
1666 1582 1831 1665 ἰχθύν·

514 1684 760 1770 τερπωλὴ
795 1685 860 1757 δ’,
884 1681 971 1740 ὅτε
992 1682 1194 1760 χαλκοῦ
1220 1676 1347 1734 ὑπαὶ
1374 1675 1609 1754 γενύεσσι
1636 1673 1863 1753 τορήσας

426 1801 479 1838 un
519 1777 611 1858 ὕψι
646 1775 792 1854 μάλα
817 1771 1116 1852 θρώσκοντα
1144 1770 1310 1847 βυθῶν
1339 1763 1469 1844 ὅπερ
1493 1763 1816 1847 ἀσπαίροντα

519 1865 741 1926 εἰνάλιον
764 1863 981 1945 φορέῃσι
1003 1857 1067 1918 δι’
1090 1857 1240 1937 ἠέρος
1262 1858 1583 1936 ὀρχηστῆρα.

517 1953 627 2017 Ναὶ
652 1952 756 2031 μὴν
786 1949 1009 2030 ἷξευτῆρι
1035 1945 1189 2012 πόνος
1209 1941 1415 2021 γλυκύς·
1444 1933 1478 2013 ἦ
1501 1939 1605 2022 γὰρ
1640 1942 1722 1998 ἔπ’
1750 1939 1916 2022 ἄγρην

516 2045 611 2103 οὐκ
642 2040 757 2120 ἄορ,
784 2039 844 2097 οὗ
870 2033 1149 2118 δρεπάνην,
1178 2033 1239 2090 οὖ
1269 2029 1475 2110 χάλκεα
1508 2031 1668 2109 δοῦρα
1696 2027 1966 2109 φέρονται,

521 2131 637 2190 ἀλλ’
665 2129 837 2193 αὐτοῖς
864 2123 954 2184 ἐπὶ
975 2119 1149 2204 δρυμὰ
1170 2119 1491 2199 συνέμπορος
1518 2117 1705 2176 ἕσπετο
1733 2117 1931 2198 κίρκος,

426 2239 481 2281 αἱ
518 2217 612 2278 καὶ
636 2213 845 2296 δολιχαὶ
872 2212 1155 2290 θώμιγγες,
1188 2207 1339 2287 ὑγρός
1364 2227 1421 2264 τε
1453 2205 1725 2286 μελίχροος
1750 2205 1875 2276 ἷξὸς,

512 2305 565 2366 οἵ
586 2329 645 2364 τε
668 2301 897 2385 διηερίην
920 2299 1129 2364 δόνακες
1150 2293 1428 2354 πατέουσιν
1452 2293 1705 2373 ἀταρπόν.

520 2393 616 2460 Τίς
638 2391 763 2451 τάδε
789 2387 1098 2466 τολμήσειεν
1123 2383 1309 2443 ἀείδειν
1334 2381 1649 2442 ἷσοτάλαντα
1663 2406 1679 2453 ;

521 2481 558 2554 ἢ
588 2482 803 2562 βασιλῆϊ
824 2475 995 2537 λέοντι
1020 2473 1099 2541 τίς
1127 2462 1300 2530 αἰετὸν
1326 2469 1689 2546 ἀντιὸάλοιτος

526 2572 587 2651 ἰῷ
615 2565 911 2649 πορδαλίων
944 2562 999 2622 δὲ
1020 2561 1097 2626 τίς
1122 2559 1186 2620 ἃν
1216 2559 1470 2640 μύραιναν
1491 2551 1681 2628 ἐΐσκοι,

430 2677 484 2718 70
523 2656 559 2728 ἢ
588 2659 724 2721 θῶας
747 2653 959 2735 κίρκοις,
984 2648 1021 2721 ἢ
1053 2647 1389 2731 ρινοκὲρωτας
1412 2645 1628 2723 ἑχίνοιςς

521 2742 557 2817 ἢ
584 2743 745 2824 λάρον
769 2740 1059 2822 αἷγάγροις,
1088 2735 1123 2808 ἦ
1146 2735 1308 2806 κήτεα
1332 2733 1485 2793 πάντ’
1514 2731 1779 2814 ἐλέφαντι;

524 2835 809 2914 Θηρητῆρε
836 2827 1023 2894 λύκους
1048 2824 1254 2894 ὄλεσαν,
1282 2820 1488 2888 θύννους
1517 2822 1708 2893 ἁλιῆες·

525 2924 839 3003 ἀγρευτῆρες
860 2916 963 2990 ὄῖς,
992 2912 1262 2997 τρήρωνας
1290 2909 1405 2970 ἕλον
1433 2911 1696 2981 δονακῆες·

524 3010 714 3089 ἄρκτον
739 3010 1056 3085 ἐπακτῆρες,
1086 3002 1177 3061 καὶ
1207 2998 1472 3080 μορμύλον
1506 3000 1809 3070 ἀσπαλιῆες·
1887 3036 1899 3047 .

430 3118 484 3159 75
522 3096 688 3178 τίγριν
712 3096 757 3153 δ’
778 3098 997 3165 ἱππῆες,
1026 3090 1117 3150 καὶ
1144 3087 1409 3169 τριγλίδας
1441 3086 1761 3165 ἰχθυὸολῆες·

521 3188 742 3267 κάπριον
767 3184 1063 3262 ἷχνευτῆρες
1079 3224 1098 3255 ,
1126 3175 1347 3248 ἀηδόνας
1377 3174 1649 3252 ἷξευτῆρες.

525 3272 684 3334 Ἀλλὰ
710 3271 773 3330 σύ
799 3292 915 3347 μοι,
939 3271 1145 3347 Νηρεῦ,
1174 3266 1264 3323 καὶ
1289 3262 1528 3339 δαίμονες
1556 3260 1920 3343 Ἀμφιτρίτης,

522 3361 617 3435 ἠδὲ
644 3358 947 3442 φιλορνίθων
975 3353 1226 3435 Δρυάδων
1255 3351 1437 3431 χορὸς,
1458 3348 1703 3419 ἱλήκοιτε·

524 3450 588 3522 δὴ
611 3447 713 3528 γὰρ
735 3442 1117 3525 ἐπιστροφάδην
1143 3464 1210 3517 με
1234 3439 1381 3521 φίλαι
1407 3438 1681 3496 καλέουσιν
1702 3438 1889 3496 ἀοιδαί·

432 3560 487 3598 ao
525 3536 740 3613 δαίμοσι
766 3530 1094 3612 θηροφόνοισι
1126 3527 1473 3607 παλίντροπος
1507 3524 1688 3605 ἔρχομ’
1717 3525 1926 3586 ἀείσων.

606 3625 807 3704 Πρῶτά
832 3618 928 3697 μὲν
957 3615 1128 3689 αἰζηοὶ
1157 3614 1231 3693 μή
1264 3638 1352 3692 μοι
1375 3614 1521 3690 μάλα
1549 3613 1717 3679 πίονες
1740 3612 1920 3671 ἔστων·

526 3704 563 3785 ἦ
589 3710 691 3793 γάρ
712 3732 794 3769 τοι
818 3704 1119 3767 σκοπέλοισι
1141 3707 1306 3783 θορεῖν
1332 3701 1425 3777 μὲν
1448 3700 1722 3781 ὑπείροχον
1750 3700 1908 3760 ἵππον

524 3798 687 3882 χρειὼ
716 3794 1007 3875 ἀναγκαίη,
1033 3792 1196 3874 χρειὼ
1225 3794 1271 3850 δ’
1300 3790 1403 3872 ἄρα
1430 3786 1623 3871 τάφρον
1656 3787 1890 3851 ἁλέσθαι.

528 3888 733 3961 Δηθάκι
760 3886 801 3943 δ’
826 3887 879 3943 ἐν
914 3884 1182 3964 δρυμοῖο-ιν
1212 3878 1415 3957 ἀνάγκη
1441 3882 1574 3956 θῆρα
1600 3875 1795 3935 δίεσθαι

434 3998 488 4037 85
526 3974 715 4035 ποσσὶν
745 3971 1085 4051 ἔλαφρίζοντα
1112 3968 1205 4028 καὶ
1233 3966 1493 4049 εὖφόρτοις
1522 3964 1781 4042 μελέεσσι.

527 4068 623 4145 Τῷ
654 4062 729 4140 μὴ
755 4060 961 4119 πιαλέοι
989 4058 1148 4139 θήρης
1170 4056 1257 4115 ἐπὶ
1282 4058 1456 4133 μῶλον
1482 4052 1628 4124 ἴοιεν,

531 4150 653 4229 μηδ’
680 4148 757 4208 ἔτι
778 4144 1075 4207 λεπταλέον
1104 4143 1195 4202 καὶ
1217 4142 1319 4223 γάρ
1342 4164 1469 4200 ποτε
1493 4138 1800 4219 δηρίσασθαι

530 4237 708 4319 θηρσὶν
740 4233 1020 4295 ἐνυαλίοισι
1045 4229 1188 4312 χρεὼ
1214 4228 1515 4310 πολυαγρέα
1538 4230 1707 4308 φῶτα.

528 4321 765 4387 Τοῦνεκά
798 4345 887 4399 μοι
911 4318 1072 4397 δέμας
1098 4309 1200 4375 ὧδε
1228 4314 1611 4396 κερασσάμενοι
1636 4312 1881 4395 φορέοιεν,

433 4434 489 4472 ⁰0
530 4410 821 4495 ἀμφότερον
843 4404 1091 4488 κραιπνόν
1116 4427 1172 4462 τε
1192 4403 1322 4461 θέειν
1348 4401 1593 4480 σθεναρόν
1610 4426 1669 4459 τε
1690 4400 1970 4481 μάχεσθαι.

531 4499 642 4562 Καὶ
675 4499 719 4558 δ’
749 4498 851 4581 ἄρα
880 4495 1108 4573 δεξιτερῇ
1130 4490 1234 4569 μὲν
1266 4488 1627 4571 ἐπικραδάοιεν
1659 4489 1878 4557 ἄκοντας

529 4584 727 4669 ἀμφιδῦ
733 4608 877 4662 μους,
886 4580 1129 4657 ταναοὺς,
1140 4578 1400 4660 δρεπάνην
1413 4578 1456 4636 δ’
1470 4577 1558 4635 ἐπὶ
1570 4577 1784 4655 μεσσόθι
1797 4575 1974 4649 ζώνης·

527 4676 618 4734 καὶ
646 4674 748 4755 γὰρ
774 4671 866 4733 καὶ
891 4670 1105 4752 θήρεσσι
1127 4666 1313 4749 πικρὸν
1342 4664 1493 4747 φόνον
1520 4665 1833 4737 ἐντύνοιντο,

530 4764 623 4824 καί
650 4787 709 4821 τε
740 4765 918 4823 κακῶν
942 4757 1169 4842 φορέοιεν
1194 4754 1507 4835 ἀλεξητήρια
1531 4752 1733 4835 φωτῶν.
1854 4758 1859 4763 ’

437 4872 492 4913 οῦ
533 4856 674 4931 Λαιῇ
700 4849 755 4909 δὲ
780 4848 931 4919 πεζὸς
959 4846 1053 4925 μὲν
1087 4846 1206 4924 ἄγοι
1232 4844 1415 4915 κύνας,
1444 4842 1735 4914 ἱππελάτης
1763 4839 1817 4899 δὲ

530 4940 708 4999 ἵππων
743 4936 928 4998 ῖθύνειε
951 4935 1313 5016 κυὸερνητῆρα
1339 4930 1575 5012 χαλινόν.

539 5026 852 5094 Εὗσταλέως
881 5024 935 5085 δὲ
961 5028 1161 5105 χιτῶνα
1189 5022 1280 5081 καὶ
1309 5024 1380 5088 εἷς
1408 5018 1705 5098 ἐπιγουνίδα
1734 5018 1902 5090 πήξας

535 5116 794 5193 ἑλκέσθω,
825 5113 1091 5195 σφίγγοιτο
1119 5112 1161 5170 δ’
1192 5107 1496 5187 ἐπημοιὸοῒς
1522 5109 1807 5183 τελαμῶσι.

536 5202 766 5283 Αὖχένος
794 5193 907 5259 αὖθ’
936 5200 1179 5280 ἑκάτερθε
1206 5197 1467 5279 παρήορον
1492 5196 1549 5254 ἐκ
1576 5195 1874 5272 παλαμάων

2044 526 2185 574 terrae
2214 525 2262 572 et
2282 523 2483 572 urbibus
2496 559 2510 583 ,
2535 521 2683 577 etiarn
2702 520 2963 572 venatoriis
2983 519 3290 572 carminibus.

2104 613 2356 675 Triplicem
2375 611 2676 660 venationem
2699 613 2830 659 Deus
2853 609 3140 672 largitus-est
3161 605 3464 670 bominibus,

2043 701 2218 750 aeriam
2232 735 2246 762 ,
2265 701 2635 762 terrestremque
2661 700 2718 748 et
2733 696 2962 746 marinam
2978 695 3255 758 jucundam.

2043 791 2224 838 Verum
2243 801 2340 837 non
2363 791 2442 837 cst
2459 787 2657 850 aequalis
2675 786 2824 836 labor.
2843 787 2966 836 Nam
2984 786 3246 849 quo-pacto
3265 786 3397 849 paria
3419 789 3606 840 esseut.

2046 878 2224 941 piscem
2249 876 2555 940 palpitantem
2578 875 2925 938 dte-gurgitibus
2946 874 3246 937 protrahere,

2047 968 2095 1014 et
2112 965 2334 1015 extensas
2356 977 2471 1014 aves
2489 977 2550 1014 ex
2572 976 2682 1013 aere
2702 977 2868 1026 capere
2880 999 2896 1025 ,

2047 1057 2133 1103 aut
2153 1053 2399 1104 cum-feris
2419 1053 2633 1102 trucibus
2651 1053 2702 1102 in
2719 1051 2964 1102 mont-ibus
2981 1050 3248 1104 decertare!

2047 1144 2390 1191 Verumtamen
2409 1153 2564 1204 neque
2579 1141 2833 1204 piscatori,
2855 1153 3035 1203 neque,
3053 1153 3217 1190 revera
3230 1175 3244 1202 ,
3263 1140 3434 1202 aucupi

2051 1231 2238 1279 venatio
2261 1233 2338 1279 esc
2361 1229 2545 1292 absque
2565 1229 2752 1289 labore3
2777 1229 3106 1278 laborientem
3123 1227 3266 1278 simul
3288 1229 3517 1292 voluptas
3537 1241 3606 1276 co·

2051 1315 2264 1381 mitatur]
2285 1318 2386 1366 sola
2401 1354 2414 1378 ,
2433 1321 2484 1366 et
2499 1317 2657 1366 caedes
2677 1316 2832 1378 nulla3
2853 1316 3113 1368 inc-‚mentm
3135 1329 3253 1366 vero
3271 1318 3396 1366 sunt.

2051 1406 2286 1456 Nimirum
2311 1405 2523 1467 scopulis
2543 1404 2752 1454 insidens
2769 1405 3058 1470 litoralibus,

2053 1494 2215 1542 curvis
2237 1493 2552 1542 arundinibus
2573 1497 2624 1542 et
2641 1493 2796 1542 hamis
2817 1491 3029 1542 cruemis

2051 1581 2316 1644 intrepidus
2338 1582 2544 1644 piscator
2565 1581 2680 1642 ligat
2701 1579 2938 1630 daedalum
2961 1579 3168 1642 pisoem3

2051 1671 2275 1734 voluptas
2293 1673 2454 1718 autem
2468 1672 2572 1726 est,
2599 1681 2712 1718 cum
2727 1668 2836 1718 ferri
2851 1681 2996 1732 super
3008 1669 3142 1730 genis
3159 1667 3210 1728 (11
3217 1665 3350 1727 amo)
3369 1666 3605 1716 confixum

2053 1758 2146 1807 alte
2165 1757 2425 1807 admodum
2446 1757 2693 1807 salientem
2712 1770 2855 1820 super
2873 1755 3130 1821 profunda,
3151 1755 3456 1818 palpitantem
3471 1792 3487 1814 ‚

2053 1847 2288 1896 alarinum
2303 1846 2426 1908 rapit
2443 1859 2528 1909 per
2545 1858 2704 1894 aerem
2720 1845 2990 1893 saltatorem
3010 1843 3256 1906 (piscem).

2053 1938 2194 1986 Certe
2211 1935 2354 1984 etiam
2369 1934 2542 1997 aucupi
2559 1934 2694 1982 labor
2705 1931 2950 1995 jucundus
2963 1935 3040 1981 εει·
3049 1945 3068 1986 ‚·
3085 1931 3296 1994 profecto
3315 1931 3442 1980 enim
3461 1931 3521 1979 ad
3541 1944 3608 1978 ve·

2054 2021 2309 2085 nationem]
2323 2037 2418 2072 uon
2428 2035 2610 2084 ensem,
2619 2035 2715 2070 non
2727 2021 2913 2082 falcem,
2931 2035 3026 2069 uon
3041 2033 3174 2069 aenea
3185 2019 3418 2068 venabula
3429 2021 3580 2068 ferunt
3595 2055 3606 2079 ‚

2053 2112 2136 2161 sed
2161 2112 2288 2174 ipsos
2305 2111 2355 2159 in
2375 2111 2522 2160 silvas
2540 2123 2700 2159 comes
2719 2109 2936 2172 sequitur
2953 2108 3194 2170 accipiter,

2052 2203 2102 2248 et
2123 2199 2246 2260 longi
2269 2198 2448 2261 laquei,
2473 2197 2823 2260 tumidumque
2841 2200 2891 2246 et
2909 2197 3083 2245 ssavum
3107 2196 3291 2244 viscum
3306 2232 3320 2256 ,

2053 2301 2257 2350 quaeque
2275 2287 2553 2349 per-aeriam
2573 2285 2830 2349 arundines
2853 2285 3100 2334 ambulant
3117 2284 3260 2332 viam.

2005 2154 2018 2590 ἱ
2054 2377 2174 2433 Quis
2193 2375 2296 2425 haec
2317 2375 2443 2424 ausit
2459 2387 2628 2424 canere
2650 2373 2879 2436 aequalia,

2053 2467 2138 2512 aut
2161 2463 2258 2524 regi
2280 2463 2404 2512 leoni
2428 2463 2538 2525 quis
2565 2461 2774 2524 aquilam
2793 2465 3080 2523 componat,

2055 2564 2165 2599 cum
2191 2563 2375 2599 veneno
2393 2555 2553 2598 autem
2582 2549 2838 2612 pardorum
2857 2548 2967 2611 quis
2986 2559 3246 2596 muraenam
3269 2547 3552 2604 contendat,

2054 2641 2139 2688 aut
2163 2638 2301 2688 thoes
2321 2637 2788 2700 cum-accipitribus,
2821 2641 2904 2684 aut
2934 2635 3254 2684 rhinocerotes
3279 2633 3610 2692 cum-echium,

2056 2718 2141 2766 aut
2157 2716 2314 2764 larum
2333 2713 2937 2778 cum-caprissilvestribus
2949 2749 2966 2776 ,
2985 2716 3071 2762 aut
3087 2717 3192 2761 cete
3209 2714 3370 2761 omnia
3393 2725 3504 2760 cum
3523 2713 3610 2759 ele·

2059 2804 2234 2867 phante
2244 2803 2282 2867 Ρ]
2295 2807 2558 2853 venatores
2573 2803 2712 2865 lupos
2729 2802 2997 2864 perimunt,
3013 2801 3226 2850 tlmnnos
3240 2805 3400 2848 autem
3417 2801 3609 2861 piscatu-

2056 2889 2172 2955 τεὴ]
2195 2893 2413 2953 captores
2431 2902 2574 2950 oves,
2599 2887 2846 2938 columbas
2877 2887 3073 2950 capiunt
3097 2885 3610 2950 qui-arundinibus-au·

2057 2975 2332 3041 cupantur,]
2352 2988 2516 3025 ursum
2538 2979 2916 3034 consectatores,
2941 2977 2992 3024 et
3013 2987 3308 3035 mormyrum
3329 2974 3578 3031 hemiola-3

2056 3064 2278 3127 tigridem
2303 3078 2417 3113 vero
2437 3064 2649 3125 equites,
2669 3066 2719 3112 et
2736 3062 2912 3112 mullos
2925 3062 3213 3123 iaculatores
3233 3077 3246 3109 :

2058 3166 2226 3217 aprum
2248 3153 2580 3215 vestigatores,
2609 3152 2835 3200 luscinias
2857 3150 3428 3213 qui-visco-aucupantnr.

2058 3241 2151 3291 Sed
2169 3248 2222 3291 tu
2247 3241 2362 3290 mihi
2376 3277 2390 3301 ,
2411 3244 2564 3289 Nereu
2579 3276 2593 3300 ,
2612 3242 2661 3289 et
2679 3239 2874 3287 numina
2891 3239 3036 3287 maris
3048 3272 3062 3299 ,

2058 3333 2104 3379 et
2127 3329 2520 3377 aves-amantium
2543 3326 2788 3389 Dryadum
2811 3331 2964 3374 emtus
2979 3362 2991 3385 ,
3013 3316 3354 3387 propitii-este;

2053 3418 2153 3478 jam
2174 3419 2302 3465 enim
2325 3416 2554 3464 aliorsum
2575 3428 2652 3463 me
2679 3419 2809 3475 grata
2829 3418 3002 3461 vocant
3023 3413 3256 3472 earmina,

2057 3504 2149 3552 diis
2169 3502 2374 3552 sericidis
2393 3514 2611 3551 reversus
2633 3501 2774 3550 venio
2791 3502 3051 3549 cantatum.

2119 3609 2354 3671 Principio
2371 3608 2564 3670 quidem
2579 3608 2779 3668 juvenes
2802 3622 2861 3656 ne
2883 3608 3001 3657 mihi
3020 3606 3158 3657 valde
3175 3607 3305 3656 obesi
3327 3609 3422 3657 siut
3440 3624 3452 3657 :

2059 3712 2264 3759 namque
2287 3697 2334 3745 in
2357 3696 2564 3757 seopulis
2583 3694 2762 3744 insilire
2780 3694 3011 3743 eximium
3029 3708 3208 3757 equum

2058 3788 2245 3849 oportet
2281 3784 2573 3843 necessario,
2611 3788 2799 3847 oportet
2826 3796 2940 3832 vero
2971 3783 3114 3833 etiam
3141 3784 3316 3833 fossam
3340 3784 3612 3846 saltu-supe-

2061 3875 2202 3938 rare]
2227 3879 2362 3936 Saepe
2380 3886 2574 3935 quoque
2598 3874 2646 3921 in
2672 3872 2877 3921 saltibus
2901 3874 3185 3921 necesse-est
3206 3873 3353 3922 feram
3373 3874 3611 3937 persequi,

2059 3963 2262 4025 pedibus
2280 3962 2558 4025 expeditum
2580 3962 2630 4010 et
2649 3961 2850 4023 agilibus
2871 3960 3112 4010 membris.

2059 4054 2357 4113 Quapropter
2375 4062 2434 4098 ne
2453 4049 2582 4098 obesi
2603 4049 2866 4099 venationis
2889 4062 3096 4113 pugnam
3119 4046 3317 4108 adeant,

2059 4152 2214 4201 neque
2236 4138 2380 4186 etiam
2401 4136 2668 4196 macilenti;
2689 4148 2798 4185 nam
2823 4135 3061 4184 interdum
3085 4135 3324 4185 decertare

2059 4226 2302 4276 cum-feris
2327 4225 2506 4274 martiis
2532 4226 2720 4287 oportet
2743 4223 3294 4273 venationisrstudiosum
3319 4225 3488 4273 virum.

2061 4318 2080 4365 1
2087 4321 2226 4377 taque
2241 4314 2358 4363 mihi
2377 4326 2551 4375 corpus
2567 4314 2634 4362 ita
2651 4312 2902 4375 temperati
2923 4312 3070 4360 serant
3081 4347 3096 4373 ,

2061 4404 2202 4452 simul
2224 4409 2272 4451 et
2293 4403 2412 4462 &ile
2426 4400 2793 4450 ad-currendum
2813 4406 2863 4449 et
2881 4400 3130 4449 robustum
3149 4398 3544 4448 ad-dimicandum

2063 4495 2123 4541 Et
2145 4505 2258 4540 sane
2277 4491 2442 4539 dextra
2463 4489 2657 4552 quidem
2681 4488 2866 4537 vibrent
2885 4487 3082 4549 sagittas

2061 4579 2272 4640 geminas
2286 4615 2300 4639 ,
2321 4578 2510 4639 longaS,
2535 4576 2797 4638 falcemque
2817 4574 2866 4624 in
2885 4575 3045 4625 medio
3063 4588 3201 4624 zonae
3225 4574 3478 4630 habeant,-

2062 4673 2239 4722 etenim
2263 4673 2343 4720 ita
2371 4674 2419 4719 et
2443 4669 2556 4719 seris
2576 4668 2792 4717 acerbam
2815 4672 3017 4717 mortem
3041 4667 3338 4730 paraverint,

2062 4742 2624 4820 et'adversuso'mprobos
2645 4756 2875 4818 gestarint
2892 4754 3307 4821 anna-defensoria
3331 4754 3470 4802 viros.

2063 4841 2262 4899 Sinistra
2283 4860 2398 4895 vero
2421 4846 2566 4908 pedes
2584 4844 2780 4907 quidem
2797 4843 2941 4892 ducat
2958 4857 3100 4892 canes
3112 4880 3127 4904 ,
3153 4856 3299 4903 eques
3317 4848 3469 4890 autem

2062 4948 2294 4999 equorum
2314 4934 2545 4996 gubernet
2562 4931 2901 4982 moderatrices
2921 4931 3146 4980 habenas

2063 5030 2184 5085 Apte
2205 5034 2397 5085 quoque
2421 5020 2632 5069 tunic-am
2651 5024 2698 5069 et
2717 5019 3114 5081 ad-genua-usque
3134 5017 3418 5065 succinctam

2021 5107 2026 5158 Ρ
2063 5112 2246 5171 trahat,
2269 5113 2574 5170 coerceatque
2598 5107 2943 5157 alternantibus
2967 5106 3097 5155 loris.

2022 5232 2025 5235 -
2064 5200 2185 5249 Colli
2209 5212 2348 5261 porro
2368 5198 2799 5257 ab-iitraqineparte
2821 5206 3102 5256 suspensam
3121 5191 3345 5243 manibus
