3767 5825
345 346 462 391 Lxx
472 347 541 391 u

342 456 571 538 σπείρειν
621 481 679 518 τε
721 458 812 519 καὶ
829 458 1089 541 φυτεύειν.
1139 494 1221 511 --
1262 473 1298 524 4
1674 479 1782 540 pro
1821 484 1903 523 κε.

421 557 530 607 481
558 550 834 625 paraphr.
857 568 871 608 τ
892 550 1298 630 κατωρυγιάζειν
1313 550 1480 631 ἀργὴν
1494 554 1593 628 γῆν
1609 550 1643 621 ἢ
1660 554 1907 627 μετροῦν,

339 642 408 695 ut
431 639 492 695 in
517 637 724 697 eadem
741 655 803 697 re
829 656 887 697 v.
916 648 1030 699 508
1065 658 1080 694 =
1109 637 1365 719 συμφέρει
1385 636 1438 697 δὲ
1468 636 1559 697 καὶ
1576 640 1910 720 γεωμετρεῖν,

278 756 286 765 ·
339 730 473 782 etv·
500 733 614 784 525
653 746 664 781 :
698 724 952 805 συμφέρει
982 727 1253 806 ἀροτριᾶν,
1275 726 1616 807 γεωμετρεῖν,
1647 725 1905 803 φυτεύειν.

337 843 420 857 -
444 822 560 873 482
593 814 726 874 eod.
774 813 1144 893 προμηθιόωσ,
1182 824 1300 876 486
1343 811 1408 886 ἠὲ
1435 837 1596 895 πυρ.,
1624 824 1740 875 489
1770 814 1909 873 ἐναί-

339 921 462 973 σιος,
480 909 595 962 492
620 902 813 967 ἔλινους
839 900 1146 984 (accentus
1170 904 1249 963 ab
1265 906 1483 963 recenti
1508 921 1589 964 m.
1610 898 1653 983 )‚
1677 913 1793 964 495
1819 902 1911 960 καὶ

337 986 443 1064 μὴν
467 1010 628 1071 στυφ.
653 990 820 1051 Idem
858 1000 974 1052 497
998 991 1410 1071 αἶθροπολεῧσαν
1438 1008 1476 1051 a
1513 1007 1630 1051 see.
1663 1007 1774 1064 m.,
1807 992 1911 1051 sed

335 1094 371 1135 a
390 1079 580 1153 prima
598 1077 1006 1158 αῖθροπολεύσης
1024 1087 1161 1152 598,
1175 1086 1246 1139 ut
1265 1077 1678 1159 αἰθροπολεῦσης
1701 1082 1912 1157 legitur

340 1174 472 1226 357.

419 1263 534 1315 515
561 1250 598 1325 ἢ
627 1256 709 1334 ὄρ.
751 1256 885 1317 eod.
926 1256 1000 1317 In
1039 1258 1418 1333 sequentibus
1465 1258 1742 1335 paraphr.
1775 1274 1788 1315 ε
1833 1254 1911 1316 ἔτι

339 1341 394 1401 δὲ
422 1340 688 1422 ἀχυρμιὰς
717 1350 886 1403 ποιεῖν
921 1344 1014 1403 καὶ
1054 1345 1395 1425 χορτοκοπεῖν
1436 1344 1528 1404 καὶ
1568 1344 1636 1405 τὰ
1668 1350 1905 1405 τοιαῦτα.

335 1465 415 1478 -
443 1442 552 1492 521
598 1433 730 1495 eod.
775 1432 868 1491 καὶ
894 1433 942 1491 δ’
995 1432 1059 1492 ἄν
1093 1456 1154 1493 κε
1182 1434 1370 1492 ἐπόλια
1408 1433 1552 1516 (sie,
1592 1439 1719 1494 sine
1752 1434 1844 1493 καί
1869 1433 1907 1513 ).

335 1522 756 1598 Paraphrastes
799 1538 814 1580 τ
863 1520 1122 1601 συμφέρει
1152 1530 1330 1583 πᾶσαν
1367 1520 1560 1600 ἀγέλην
1603 1526 1804 1595 κτηνῶν
1841 1524 1913 1589 εἰς

336 1607 512 1689 ἕτερον
547 1608 706 1668 τόπον
747 1609 1100 1685 μεθιστάνειν,
1143 1600 1227 1669 οἷα
1268 1609 1477 1689 γίνεται
1528 1612 1781 1675 πολλάκις
1825 1610 1912 1669 διὰ

336 1697 615 1775 χειμαδεῑα
641 1693 764 1777 (sic)
797 1696 888 1755 καὶ
909 1697 994 1756 διὰ
1013 1698 1194 1779 ψυχρὰ
1216 1696 1382 1757 ὕδατα
1410 1701 1464 1757 ἐν
1494 1698 1648 1779 θέρει.

418 1796 531 1846 523
578 1787 706 1846 eod.
756 1786 1001 1866 ὑδροχόος
1041 1786 1096 1847 δὲ
1129 1790 1294 1865 (non
1320 1788 1409 1867 τε)
1458 1786 1650 1868 φέρων,
1705 1798 1819 1849 526
1854 1780 1913 1847 εὖ

335 1874 381 1933 δ’
411 1876 752 1954 ἀναεργηλοῖς
775 1876 919 1934 σύνιν
946 1877 962 1953 (
987 1877 1128 1954 sie),
1159 1886 1272 1937 533
1306 1877 1652 1956 πιφαύσκοις,
1678 1886 1746 1938 ut
1777 1882 1913 1939 seri-

335 1967 534 2040 psisti;
567 1972 680 2024 532
711 1963 1050 2045 συμφορέοντ’
1077 1966 1096 2046 (
1121 1982 1242 2025 non
1270 1962 1394 2023 εἴσιτ’
1423 1964 1463 2045 ),

418 2060 632 2112 530-37
679 2054 1099 2131 paraphrastes
1132 2071 1151 2113 t
1183 2058 1218 2123 ἡ
1267 2052 1460 2125 σελήνη
1501 2052 1637 2129 μετὰ
1663 2054 1756 2132 μὲν
1792 2054 1913 2123 Διὸς

335 2137 370 2212 ἢ
407 2138 706 2220 Ἀφροδίτης
731 2138 764 2211 ἢ
803 2139 1012 2219 Ἑρμοῦ
1042 2137 1111 2198 τὰ
1141 2138 1237 2218 μὲν
1267 2141 1440 2219 ἀγαθὰ
1472 2143 1644 2200 πάντα
1673 2142 1739 2200 τὰ
1769 2145 1911 2221 εἴρη-

337 2226 469 2305 μένα
499 2228 587 2287 ἐπὶ
615 2228 836 2287 ἑκάστου
862 2232 966 2287 τῶν
995 2228 1196 2311 ζῳδίων
1234 2230 1727 2308 πολλαπλασιάζει,
1762 2230 1829 2289 τὰ
1855 2227 1911 2288 δὲ

336 2314 478 2374 κακὰ
507 2320 676 2393 μειοῖ·
715 2314 854 2394 μετὰ
883 2316 938 2374 δὲ
981 2316 1185 2397 Κρόνου
1215 2317 1308 2376 καὶ
1354 2314 1547 2397 Ἄρεως
1590 2317 1818 2395 ἔμπαλιν
1843 2318 1911 2377 τὰ

338 2404 432 2480 μὲν
477 2404 647 2482 ἀγαθὰ
699 2404 962 2487 σμικρίνοι
993 2408 1150 2486 (sie)
1178 2404 1268 2464 καὶ
1311 2408 1566 2487 ἀμαυροῖ,
1592 2406 1660 2465 τὰ
1686 2406 1741 2467 δὲ
1769 2407 1911 2466 κακὰ

337 2491 569 2563 ἐπαύξει.

418 2593 529 2643 544
564 2584 692 2643 eod.
726 2582 952 2663 αἰχμάζ.
989 2584 1320 2646 'turbatum
1359 2584 1538 2645 fuisse
1573 2603 1747 2647 versu
1795 2596 1903 2647 551

337 2674 514 2732 etiam
543 2673 683 2731 inde
709 2680 873 2748 patet
899 2674 1058 2751 quod
1076 2672 1265 2734 codex
1303 2674 1356 2731 ἐν
1387 2674 1625 2753 σκορπίῳ
1665 2674 1908 2755 αἰθερίῳ,

336 2761 446 2821 hae
499 2764 663 2822 serie.
692 2794 773 2805 —
834 2772 948 2823 552
991 2760 1189 2842 Ταύρῳ
1227 2765 1449 2823 omittit
1487 2766 1763 2841 paraphr.
1831 2798 1913 2809 —

338 2859 443 2909 561
477 2850 609 2909 cod.
637 2848 866 2932 φαείνηι.
1784 2894 1791 2901 .

418 2948 530 2999 574
557 2957 678 2998 non
705 2939 963 3001 debebas
980 2943 1251 3002 Dorvlllli
1275 2945 1667 3020 conjecturam
1699 2942 1913 3002 inferre

335 3037 519 3104 poetae
537 3073 552 3100 ,
589 3032 692 3104 qui
727 3031 870 3090 dicit
899 3051 915 3090 ε
955 3031 1060 3090 hoc
1077 3077 1097 3101 ,
1141 3031 1303 3109 quod
1341 3035 1577 3104 monui,
1605 3040 1801 3092 mente
1830 3040 1913 3092 te-

337 3132 477 3174 neas
503 3133 685 3193 usque
711 3116 794 3176 ad
815 3119 1103 3179 decimam
1127 3121 1283 3179 diem
1308 3121 1510 3181 Tauri.
1545 3121 1698 3180 Eece
1729 3137 1912 3196 para-

337 3204 578 3279 phrasin
627 3223 748 3264 rem
773 3209 1166 3284 explicantem
1216 3227 1230 3266 2
1279 3206 1374 3275 ἕως
1411 3207 1508 3286 μὲν
1555 3211 1649 3281 τῆς
1691 3208 1913 3280 δεκάτης

341 3290 522 3371 μοίρας
545 3291 606 3350 τὸ
632 3294 832 3353 κλαπὲν
855 3295 985 3376 πρός
1021 3319 1136 3355 τινα
1165 3295 1425 3370 δυνάστην
1474 3297 1700 3358 ἀπελθὸν
1725 3299 1913 3358 δυσκό-

2000 462 2103 528 λως
2130 459 2489 543 εὑρεθήσεται·
2523 462 2579 521 at
2602 458 2656 521 δῖ
2674 456 2857 521 λοιπαὶ
2884 455 3047 519 εἴκοσι
3082 460 3263 537 μοῖραι
3292 460 3383 517 τοῦ
3411 454 3563 519 Tani-

2004 572 2093 627 ρου
2135 548 2335 631 εὕρεσιν
2367 548 2711 630 ὑποφαίνουσι
2736 552 2825 606 τοῦ
2858 545 3147 613 κλαπέντος
3162 590 3179 619 ,
3213 548 3259 605 εἶ
3300 546 3377 621 μὴ
3412 544 3567 625 Ἄρης

2005 641 2259 718 συμπαρῇ
2287 640 2353 717 τῇ
2382 637 2600 717 σελήνῃ.
2624 670 2707 683 —
2733 647 2850 698 576
2878 638 3011 698 eod.
3038 634 3355 711 αῖδιτήμονα
3386 636 3503 711 (sic
3526 633 3565 714 ).

2085 736 2198 787 579
2226 728 2359 788 eod.
2392 729 2438 785 εἰ
2467 724 2674 800 τέτμοις
2701 748 2839 804 μιν,
2872 743 2993 786 non
3022 723 3139 802 μέν.
3162 724 3477 801 Paraphr.:
3509 724 3565 781 τὸ

2002 813 2202 873 κλαπὲν
2252 814 2587 895 εὑρεθήσεται
2600 858 2620 892 ,
2666 813 2807 886 πλὴν
2848 812 2985 891 μετά
3025 834 3162 879 τινος
3198 819 3391 893 μικρᾶς
3436 812 3566 891 βλά-

2004 901 2118 975 6ης.

2086 1004 2201 1055 585
2250 995 2438 1069 codex
2492 994 2569 1053 οὗ
2610 992 2783 1072 μάλα,
2811 1010 2933 1053 non
2973 981 3079 1063 αὖ,
3129 991 3291 1067 quod
3330 990 3569 1051 fortasse

2003 1081 2306 1142 Get-bardo
2348 1083 2616 1143 debetur.
2646 1083 2875 1143 CodleIs
2914 1084 3264 1157 scripturam
3284 1082 3572 1156 exprimit

2002 1170 2446 1249 paraphrastes:
2474 1214 2537 1231 ...
2564 1166 2839 1230 τὸκλαπὲν
2858 1164 3333 1249 ἀμφισὸητήσιμόν
3356 1166 3466 1225 ἔστι
3483 1168 3573 1225 πό-

2002 1279 2151 1336 τερον
2181 1257 2515 1338 εὑρεθήσεται
2541 1257 2577 1330 ἢ
2610 1256 2692 1320 οὔ.

2085 1355 2200 1407 589
2220 1348 2351 1407 eod.
2376 1346 2516 1418 δήεις
2545 1348 2668 1425 (sie)
2691 1346 2762 1420 κ’,
2793 1356 2911 1408 597
2936 1344 3097 1411 aaut<
3123 1367 3194 1403 τε
3217 1345 3345 1417 det„
3368 1354 3487 1406 600
3506 1347 3573 1410 εἷς

2003 1456 2065 1495 π.
2092 1458 2179 1493 κεν
2203 1432 2320 1505 ἔληι
2347 1437 2500 1511 (non
2524 1434 2636 1496 ἕλοι
2656 1439 2696 1515 ),
2726 1444 2785 1497 et
2806 1434 3052 1495 κλοπείου
3072 1451 3211 1496 eum
3238 1438 3575 1495 recentioris

2004 1540 2086 1582 m.
2110 1528 2470 1585 correctione
2491 1546 2583 1583 πα
2598 1524 2616 1581 ί
2631 1548 2718 1585 ου.

2084 1614 2403 1675 Postremae
2448 1618 2603 1691 parti
2656 1624 2885 1676 603-11
2944 1615 3234 1677 auxillum
3274 1613 3509 1673 nullum
3548 1630 3583 1673 a

2005 1702 2344 1779 paraphrasi
2367 1720 2500 1780 (111ae
2525 1710 2616 1764 est
2640 1705 2780 1765 talis
2802 1722 2817 1763 ε
2854 1706 2890 1773 ἡ
2916 1701 3111 1774 σελήνη
3136 1699 3273 1777 μετὰ
3294 1704 3406 1760 τῶν
3434 1724 3585 1760 κακο-

2003 1792 2168 1847 ποιῶν
2195 1789 2402 1869 Κρόνου
2426 1789 2517 1849 καὶ
2540 1789 2733 1871 Ἄρεως
2756 1790 2958 1873 εὕρεσιν
2982 1792 3126 1851 ποιεῖ
3142 1794 3238 1850 τοῦ
3264 1788 3577 1857 κλαπέντος.

2004 1911 2081 1922 -
2110 1881 2145 1947 ἡ
2182 1877 2377 1951 σελήνη
2428 1877 2566 1955 μετὰ
2598 1882 2701 1939 τῶν
2732 1882 3063 1958 ἀγαθοποιῶν
3106 1877 3231 1945 Διὸς
3272 1876 3371 1937 καὶ
3392 1876 3586 1959 Ἄρεως

2006 1964 2024 2048 (
2054 1970 2141 2028 sie
2175 1969 2343 2046 lapsu
2374 1973 2569 2045 posuit
2607 1988 2714 2047 pro
2742 1967 3045 2049 Ἀφροδίτης
3061 1970 3247 2046 siglo,
3268 1968 3441 2045 quod
3470 1986 3587 2029 non

2004 2057 2258 2116 multum
2314 2057 2513 2117 differt
2553 2076 2590 2118 a
2627 2060 2842 2119 Martio
2870 2052 2889 2137 )
2938 2054 3029 2116 καὶ
3057 2054 3265 2134 Ἑρμοῦ
3308 2055 3585 2135 ἀνεύρετον

2002 2153 2140 2203 ποιεῖ
2168 2144 2227 2202 τὸ
2255 2144 2602 2221 ἀπολόμενον.
2631 2147 2745 2207 Sed
2777 2147 3272 2223 manifoetumeflt
3298 2148 3589 2223 parapha-

2004 2240 2135 2292 sten
2169 2251 2290 2293 non
2328 2234 2537 2312 legisse
2565 2252 2768 2297 versus
2792 2245 2908 2297 606
2934 2242 2995 2296 et
3024 2244 3055 2295 7
3074 2280 3091 2308 ,
3128 2250 3279 2311 quos
3310 2242 3471 2295 reete
3500 2253 3589 2294 se-

2003 2322 2254 2383 clusisti.
2288 2324 2583 2385 Videntur
2602 2342 2743 2385 casu
2777 2325 2980 2402 aliquo
3001 2324 3119 2385 hue
3144 2340 3273 2382 esse
3294 2324 3487 2383 delati
3516 2342 3589 2383 ex

2004 2414 2197 2487 eapite
2228 2416 2429 2491 primo
2449 2456 2467 2485 ,
2499 2414 2603 2474 ubi
2628 2417 2754 2491 jam
2782 2414 2955 2474 doeet
2990 2412 3370 2491 paraphrasis
3405 2415 3588 2473 etiam

2004 2500 2077 2559 de
2108 2498 2309 2575 γενέσει
2339 2502 2606 2562 locutum
2630 2519 2758 2562 esse
2776 2508 3035 2579 poetam.

2084 2589 2222 2649 Haec
2246 2589 2425 2650 habui
2454 2591 2672 2670 quibus
2714 2592 2884 2662 Tibi,
2934 2591 3317 2651 dilectissime
3362 2592 3589 2663 amice,

2002 2686 2234 2754 gratum
2250 2680 2442 2740 facere
2460 2697 2713 2757 possem.
2737 2680 3007 2757 Seposito
3020 2678 3383 2740 Manethone
3394 2722 3414 2743 .
3438 2680 3593 2739 illud

2004 2774 2160 2826 certe
2182 2771 2383 2827 curavi
2412 2786 2488 2828 ne
2510 2769 2660 2847 quid
2685 2772 2750 2829 in
2781 2770 3047 2829 Maximo
3074 2768 3212 2828 Tibi
3240 2774 3400 2827 esset
3430 2768 3593 2827 ‹1ae1-

2004 2855 2354 2918 derandum.
2384 2856 2665 2934 Superest
2687 2865 2758 2919 ut
2786 2858 2881 2918 his
2915 2858 3167 2918 ducibus
3188 2863 3295 2918 aut
3324 2858 3463 2933 ipse
3492 2873 3595 2916 se-

2004 2949 2203 3020 quaris
2238 2955 2341 3008 aut
2363 2948 2591 3007 indices
2638 2947 2787 3008 mihi
2820 2947 3331 3008 constellationem
3364 2948 3595 3022 jucun-

2004 3034 2276 3094 dissimos
2293 3036 2427 3096 illos
2444 3036 2573 3095 dies
2601 3039 2817 3096 iterum
2842 3043 2903 3096 et
2924 3038 3133 3113 saepius
3156 3035 3591 3112 adducturam,

2004 3141 2151 3198 quos
2170 3124 2406 3185 Dresdae
2436 3125 2581 3189 olim
2621 3133 2680 3185 et
2707 3143 2896 3203 nuper
2914 3127 3161 3186 Parisiis
3188 3127 3425 3202 egimus
3458 3143 3597 3186 una.

2006 3213 2151 3272 Vale
2170 3221 2228 3275 et
2248 3231 2343 3274 me
2382 3232 2579 3274 amare
2610 3233 2804 3293 perge.
2838 3217 2990 3278 Dedi
3020 3215 3360 3285 Florentiae,
3382 3215 3598 3276 idibus

2000 3303 2313 3378 januariiS,
2340 3303 2703 3364 MDCCCLI.
