3767 5825
1589 287 2017 351 PRAEFATIO.
3360 309 3402 350 v

209 442 229 468 a
252 428 474 494 quintus
495 426 583 473 est
608 413 835 490 farrago
856 414 923 473 in
945 434 1062 492 qua
1087 415 1203 474 alia
1218 428 1351 474 sunt
1367 415 1729 493 antiquiora,

207 532 225 556 α
250 505 352 562 alia
368 503 719 578 recentiora,
744 516 811 560 ut
837 503 1022 561 multo
1044 502 1212 582 pejor
1232 504 1357 581 ejus
1370 507 1440 561 sit
1458 506 1733 576 conditiO,

208 621 227 644 α
256 612 411 670 quam
437 591 577 650 libri
598 591 811 669 primi,
834 591 938 667 qui
959 610 1065 669 per
1090 611 1149 649 se
1168 592 1304 649 satis
1332 605 1419 650 est
1437 593 1733 670 antiquus,

206 709 226 732 a
248 681 335 740 sed
362 680 611 740 maxime
640 679 938 738 mutilatus
960 692 1016 736 et
1038 680 1500 758 'interpolatione
1528 680 1736 759 depra-

207 797 227 822 «ι
253 783 428 830 vatus.
460 766 628 826 Libri
652 780 843 827 autem
872 767 1183 838 secundus,
1221 771 1428 827 tertius
1456 783 1513 826 et
1544 783 1740 828 sextus

207 883 227 910 a
252 872 359 916 tum
388 858 609 935 optime
633 857 848 914 servati
870 868 1037 926 sunt,
1062 868 1183 914 tum
1233 858 1626 934 antiquissimi
1660 860 1743 916 vi-

204 972 225 998 «
254 946 451 1004 dentur
472 964 599 1003 esse
624 957 681 1002 et
700 943 775 1002 ab
794 963 914 1002 uno
942 957 1143 1022 poeta,
1168 943 1511 1002 Manethone
1536 948 1587 1004 si
1614 947 1736 1017 vis,

206 1061 227 1086 ι
254 1036 505 1112 profecti.
530 1031 697 1091 Libri
724 1037 875 1090 enim
895 1033 1143 1110 primus,
1164 1034 1405 1110 quintus
1422 1045 1481 1090 et
1503 1047 1741 1110 quartus

201 1148 223 1174 α
252 1141 432 1203 neque
473 1122 651 1182 unius
702 1133 839 1181 sunt
892 1121 1189 1198 corporis,
1246 1140 1435 1198 neque
1478 1121 1737 1198 ejusdem

202 1235 225 1260 α
254 1210 570 1288 scriptoris,
605 1208 820 1289 nedum
852 1208 925 1266 ad
958 1207 1144 1267 libros
1172 1207 1261 1279 11,
1296 1206 1415 1282 111,
1455 1207 1533 1265 vl
1566 1211 1743 1287 perti·

200 1325 223 1350 a
252 1311 445 1359 neant.
468 1327 491 1351 ι
512 1299 607 1356 'De
634 1298 1089 1376 interpolatione
1117 1310 1285 1356 antea
1315 1317 1378 1375 p.
1404 1317 1559 1356 xxm
1588 1299 1744 1356 dixe-

194 1399 313 1444 rant
336 1413 362 1440 ι
400 1406 468 1445 ea
506 1399 715 1465 praeter
754 1398 1025 1461 quartum
1060 1387 1165 1443 vix
1202 1386 1387 1444 ullum
1421 1399 1741 1444 ceterorum

197 1499 221 1526 a
245 1473 528 1534 librorum
552 1474 727 1553 plane
747 1491 975 1532 vacare.
1008 1499 1033 1526 n

264 1563 383 1622 Hoc
406 1562 662 1640 judicio,
689 1563 752 1620 in
794 1581 911 1638 quo
948 1581 1091 1620 vera
1118 1561 1279 1620 falsis
1310 1562 1456 1640 mire
1480 1561 1580 1619 sed
1601 1583 1744 1638 pro-

186 1651 455 1712 babiliter
478 1652 661 1710 mixta
682 1663 841 1722 sunt,
860 1651 989 1710 fieri
1016 1671 1135 1708 non
1164 1652 1355 1729 potuit
1375 1651 1520 1728 quin
1545 1651 1647 1708 alii
1674 1651 1745 1709 ad

188 1741 308 1799 telae
334 1742 523 1816 magis
544 1743 713 1798 etiam
738 1739 1126 1798 dissolvendae
1150 1753 1420 1797 conatum
1442 1739 1749 1797 incitaren-

188 1841 295 1900 tur,
323 1827 485 1906 quod
503 1847 613 1885 usu
631 1828 864 1885 venisse
875 1829 1249 1901 Bernhardyo
1268 1840 1327 1886 et
1338 1828 1571 1884 Lehrse'o
1584 1827 1747 1884 vide·

184 1937 323 1974 mus.
357 1917 445 1974 Ac
470 1907 544 1974 de
560 1915 672 1974 hoc
686 1915 927 1991 quidem
940 1928 1142 1994 postea
1168 1914 1487 1974 accuratius
1500 1913 1744 1974 dicetur.

186 2002 285 2061 llle
314 2023 463 2062 vero
487 2004 549 2061 in
570 2009 825 2061 Historia
850 2007 1131 2059 literarum
1166 2005 1489 2059 Gra-carum
1516 2001 1636 2059 vol.
1666 2000 1744 2069 ll,

187 2091 331 2150 1052
361 2112 452 2170 sq.
437 2135 481 2165 .,
506 2104 815 2170 postquam
854 2092 1073 2150 librum
1109 2091 1365 2169 primum
1396 2104 1452 2149 et
1479 2093 1745 2168 quintum

182 2201 213 2238 a
238 2194 518 2258 quattuor
545 2180 789 2257 reliquis
808 2192 865 2238 et
883 2199 1151 2238 sermone
1172 2199 1357 2255 graeco
1378 2183 1746 2257 peregrinum

176 2268 458 2344 quiddam
492 2282 732 2327 sonante
764 2280 824 2326 et
860 2267 1143 2325 orationis
1178 2269 1436 2324 siccitate
1457 2279 1514 2323 et
1540 2267 1745 2344 rhyth-

178 2375 407 2420 morum
428 2357 716 2435 pravitate
745 2355 809 2413 in
835 2356 1030 2433 primo
1049 2353 1208 2412 libro
1236 2354 1327 2411 vel
1360 2368 1749 2433 pentametros

171 2444 610 2504 admittentium
635 2444 851 2502 mirum
874 2455 1156 2521 quantum
1189 2441 1427 2500 differre
1448 2442 1628 2513 dixit,
1661 2462 1749 2502 re-

174 2533 373 2609 liquos
408 2545 709 2610 quattuor,
757 2551 833 2590 ex
876 2530 1087 2609 quibus
1127 2543 1371 2608 quartus
1398 2551 1519 2609 prae
1545 2533 1751 2592 ceteris

172 2621 363 2680 malus
390 2635 453 2680 et
482 2621 713 2698 vulgari
733 2619 1019 2698 pedestris
1046 2620 1329 2678 orationis
1353 2621 1489 2679 stilo
1510 2640 1751 2698 compo-

166 2710 346 2782 situs,
375 2722 581 2769 sextus
608 2729 753 2768 vero
780 2710 1035 2767 maxime
1053 2709 1340 2766 concinne
1368 2710 1619 2786 scriptus
1641 2711 1749 2782 sit,

168 2799 427 2856 rationis
456 2797 938 2873 coliaerentiaeque
978 2796 1207 2856 defectu
1234 2798 1315 2854 ita
1354 2796 1643 2873 laborare,
1690 2810 1753 2856 ut

164 2888 247 2945 nil
286 2887 415 2947 nisi
444 2887 811 2946 diversorum
836 2897 1137 2964 poetarum
1158 2905 1338 2964 opera
1369 2898 1582 2944 temere
1614 2906 1749 2945 con-

164 2976 295 3035 fusa
330 2977 403 3035 in
436 2977 517 3033 iis
558 2994 869 3051 agnoscere
909 2975 1129 3052 possis,
1162 2974 1589 3052 pronuntiavit.
1640 2974 1748 3033 Hic

156 3083 413 3141 quoque
461 3064 641 3121 rectis
669 3082 851 3141 prava
876 3064 1059 3121 mixta
1099 3082 1225 3121 esse
1264 3063 1483 3121 videas.
1531 3062 1619 3120 Ita
1635 3106 1653 3138 ,
1688 3078 1753 3122 ut

156 3172 351 3228 pauca
390 3164 623 3211 tantum
653 3170 951 3224 moneam,
981 3152 1459 3230 praestantissima
1488 3151 1751 3229 quaedam

152 3241 503 3317 fragmenta
530 3240 593 3297 iu
624 3240 817 3317 primo
845 3238 1002 3298 libro
1023 3240 1443 3318 inveniuntur3
1470 3260 1659 3317 neque
1682 3242 1750 3298 li·

152 3328 263 3387 ber
286 3341 587 3407 quartus,
606 3328 866 3406 operosis
892 3327 1207 3387 verborum
1231 3328 1755 3406 compositionibus

149 3418 475 3487 tumiduS,
522 3416 623 3475 sed
668 3415 805 3474 libri
845 3417 1038 3495 quinti
1066 3416 1227 3475 bona
1250 3436 1387 3496 pars
1419 3417 1489 3475 ad
1519 3438 1753 3495 prosam

146 3506 513 3565 orationem
532 3506 799 3582 proxime
822 3505 1063 3563 accedit.
1076 3502 1253 3564 Illud
1283 3524 1423 3561 vero
1440 3503 1752 3581 judicium,

144 3615 272 3671 quo
302 3591 550 3653 librum
592 3607 817 3651 sextum
852 3595 1060 3651 cetenis
1095 3592 1522 3671 praeferendum
1566 3594 1751 3667 dixit,

140 3704 281 3741 cum
316 3681 671 3741 editoribus
697 3683 1039 3740 novissimis
1062 3701 1123 3759 p.
1150 3701 1217 3739 1x
1246 3680 1320 3739 ab
1351 3681 1575 3757 Heynio
1600 3703 1754 3741 sum-

139 3774 291 3848 psit.
312 3774 471 3841 Quo
486 3769 717 3847 judicio
734 3770 884 3829 nihil
905 3769 1117 3829 vanius
1140 3789 1264 3827 esse
1279 3782 1432 3848 patet
1448 3771 1636 3829 cuivis
1656 3773 1756 3846 qui

136 3882 267 3919 uno
295 3875 531 3919 tenore
551 3857 769 3917 librum
804 3857 1156 3931 secundum,
1184 3860 1420 3917 tertium
1441 3873 1497 3916 et
1526 3872 1750 3918 sextum

136 3948 525 4027 perlegerit.

217 4038 261 4096 J
264 4058 421 4109 am
462 4047 537 4093 ut
556 4034 701 4111 quid
727 4054 837 4113 ego
872 4036 939 4093 in
966 3984 1075 4093 bac
1112 4034 1369 4093 editione
1398 4048 1675 4113 praestare
1702 4050 1759 4093 et

132 4125 483 4184 voluerim
511 4133 569 4180 et
578 4123 887 4210 'potuerim
913 4122 1217 4201 appareat,
1249 4140 1395 4179 neve
1426 4122 1583 4223 quod
1614 4123 1760 4181 ferre

128 4213 397 4273 humeri
454 4201 733 4269 recusent
778 4231 811 4269 a
848 4230 939 4269 me
981 4211 1334 4288 postuletur,
1370 4211 1571 4287 paucis
1603 4230 1759 4287 quo-

130 4301 333 4359 modo
366 4300 608 4357 factum
635 4298 713 4355 sit
733 4310 799 4356 ut
818 4298 891 4356 ad
906 4297 1028 4356 haec
1052 4298 1313 4355 carmina
1333 4296 1554 4355 edenda
1573 4318 1759 4357 acces·

122 4390 333 4449 serim
357 4434 377 4461 ,
418 4385 909 4465 praemittendum
936 4385 1187 4445 videtur.
1228 4384 1511 4461 Equidem
1538 4386 1657 4461 jam
1688 4385 1762 4444 ab

122 4500 203 4535 eo
244 4478 421 4537 inde
454 4487 758 4551 tempore,
786 4493 907 4550 quo
944 4474 1160 4551 Lipsiae
1198 4472 1410 4529 summi
1448 4472 1760 4532 Hermanni

116 4565 465 4647 auspiciis
516 4563 716 4621 literas
764 4561 997 4621 Graecas
1045 4562 1369 4621 accuratius
1416 4581 1763 4637 cognoscere

112 4673 473 4734 coeperam
496 4694 519 4723 ,
548 4651 845 4729 peculiare
872 4671 1005 4711 cum
1032 4653 1097 4710 in
1116 4650 1323 4709 ceteris
1347 4648 1545 4727 Epicis
1566 4670 1763 4710 recen-

112 4738 701 4814 tioribus,·tum·in
715 4738 937 4809 Quinto
953 4739 1255 4816 Smyrnaeo
1285 4738 1541 4795 studium
1568 4741 1761 4816 posui,

106 4836 217 4912 cuj
226 4854 311 4893 us
336 4826 595 4890 edendi
623 4840 756 4885 ante
777 4826 883 4885 hos
901 4826 1021 4886 fere
1043 4826 1304 4905 quinque
1329 4845 1512 4885 annos
1530 4827 1765 4885 initium

108 4925 263 4982 feci.
300 4919 566 4993 Magna
590 4927 756 4993 parte
798 4915 955 4995 typis
987 4914 1112 4993 jam
1151 4914 1459 4991 descripta,
1504 4914 1632 4971 aliis
1660 4934 1766 4988 ego

102 5012 484 5085 variisque
506 5002 783 5077 negotiis,
804 5022 933 5078 quae
948 5003 1266 5079 suscepisse
1281 5022 1353 5059 ne
1368 5020 1522 5057 nunc
1533 5001 1763 5076 quidem

102 5100 457 5180 poenitet,
496 5102 571 5149 ut
610 5090 869 5150 laborem
892 5090 1057 5149 illum
1106 5110 1224 5148 non
1261 5090 1609 5166 deponerem
1637 5092 1765 5166 qui-

1832 419 1998 492 dem,
2030 419 2130 478 sed
2163 433 2355 478 tamen
2387 439 2721 497 seponerem
2765 432 2822 477 et
2852 420 3145 478 differrem
3173 433 3402 480 coactus

1830 525 1982 564 sum.
2014 509 2102 564 Ex
2125 506 2220 564 his
2247 509 2498 584 negotiis
2525 509 2754 566 nullum
2784 509 2927 565 mihi
2957 510 3256 586 antiquius
3287 511 3404 569 fuit

1830 615 2004 671 quam
2029 597 2427 654 controversia
2453 597 2557 653 illa
2583 596 2655 654 de
2680 597 3041 655 emendanda
3061 601 3122 654 in
3153 597 3422 675 Gymna-.

1832 685 1936 741 siis
1963 703 2280 762 puerorum
2310 685 2692 742 institutione.
2727 685 2898 752 Paene
2929 687 3154 744 inscius
3183 687 3246 744 in
3275 706 3401 744 eam

1832 773 2314 844 controversiam,
2359 773 2894 850 conjunctissimam
2936 795 3074 832 sane
3110 796 3239 850 cum
3272 796 3400 833 mu·

1833 878 1969 916 nere
2014 861 2386 932 scholastico,
2436 861 2617 918 incidi
2661 861 2819 919 edito
2859 882 2912 920 a.
2973 863 3120 928 1845
3175 863 3401 935 libello,

1834 966 1975 1004 meae
2003 949 2075 1005 de
2102 948 2417 1006 tractandis
2446 949 2739 1006 veteribus
2767 949 3156 1028 scriptoribus
3176 965 3404 1009 senten-

1835 1036 1929 1092 tiae
1945 1036 2352 1095 brevissimam
2369 1038 2819 1095 delineationem
2830 1036 3160 1099 exhibente.
3177 1039 3394 1098 Motam

1836 1137 2030 1182 autem
2074 1126 2530 1183 controversiam
2562 1125 2828 1196 deserere
2860 1144 2930 1183 eo
2965 1127 3148 1201 magis
3194 1127 3404 1202 religio

1833 1225 1984 1284 erat,
2017 1213 2172 1290 quod
2205 1233 2334 1290 quae
2375 1232 2482 1288 ego
2509 1213 2633 1270 solo
2660 1213 2922 1270 veritatis
2947 1214 3139 1271 studio
3191 1214 3398 1273 ductus

1834 1302 2209 1379 scripseram,
2254 1301 2503 1359 aliorum
2549 1300 2800 1359 diversis
2841 1301 3078 1377 quidem
3117 1302 3218 1359 sed
3249 1304 3406 1362 vivis

1836 1391 2138 1467 acutisque
2192 1391 2454 1448 censuris
2503 1390 2697 1466 excipi
2737 1402 2794 1446 et
2839 1390 3058 1464 corrigi
3100 1389 3370 1448 videbam
3391 1437 3406 1462 ,

1838 1498 2018 1555 quum
2048 1478 2323 1537 Saxonici
2355 1490 2775 1557 praeceptores,
2814 1479 2865 1536 si
2899 1477 2973 1534 ab
3010 1499 3129 1535 uno
3160 1479 3412 1537 alterove

1838 1566 2199 1636 discesseris,
2238 1566 2451 1643 partim
2478 1567 2652 1623 tacita
2687 1565 3099 1642 dedignatione
3131 1584 3199 1622 ea
3225 1568 3412 1644 repri-

1842 1671 2022 1728 mere,
2045 1653 2260 1730 partim
2277 1652 2588 1710 calumniis
2604 1653 3001 1729 conviciisque
3021 1653 3307 1731 meipsum
3331 1655 3414 1712 la-

1838 1759 2061 1798 cessere
2085 1759 2256 1816 quam
2302 1740 2554 1797 refutare
2591 1753 2649 1798 et
2687 1754 2957 1799 excutere
2983 1761 3110 1798 mea
3151 1742 3400 1800 mallent.

1838 1827 1926 1886 lta
1948 1849 2055 1906 ego
2085 1848 2231 1888 voce
2271 1829 2622 1906 scriptisque
2651 1849 2772 1888 rem
2811 1844 3130 1906 susceptam
3174 1820 3407 1890 strenue

1840 1916 2267 1994 persequebar3
2313 1929 2372 1974 et
2406 1936 2588 1994 quum
2646 1918 2737 1974 vel
2782 1931 2914 1995 post
2963 1919 3412 1996 disputationem

1839 2005 2000 2062 illam
2040 2003 2202 2062 Jenae
2251 2023 2403 2062 anno
2465 2005 2614 2073 1846
2659 2008 2721 2062 in
2774 2005 3218 2082 philologorum
3267 2027 3408 2084 prae-

1844 2105 2264 2170 ceptorumque
2321 2089 2622 2150 Conventu
2663 2089 2918 2149 habitam
2977 2093 3411 2168 gymnasiorum

1844 2180 2268 2238 Saxonicorum
2297 2179 2658 2258 professores
2681 2180 3060 2256 quaestionem
3085 2193 3408 2259 temporum

1839 2267 2164 2328 rationibus
2209 2268 2824 2326 commendatissimam
2867 2269 3176 2346 repudiare
3207 2290 3414 2347 perge-

1844 2370 2001 2428 rent,
2047 2358 2321 2415 societate
2366 2377 2498 2415 eum
2545 2349 2746 2434 ipsum‘
2781 2357 2842 2414 in
2888 2357 3060 2414 finem
3107 2358 3416 2417 constituta

1842 2446 2090 2503 aliorum
2129 2446 2392 2503 virorum
2434 2445 2736 2504 doctorum
2755 2488 2773 2516 ,
2807 2446 3079 2524 inprimis
3110 2446 3214 2521 qui
3247 2460 3410 2505 natu·

1842 2534 1982 2593 ralis
2001 2534 2258 2593 scientiae
2274 2534 2452 2609 periti
2484 2545 2696 2604 essent,
2717 2534 2910 2590 studia
2929 2533 3191 2610 adjunxi.
3219 2533 3268 2592 A
3284 2535 3414 2610 qui·

1843 2622 1953 2679 bus
1971 2622 2114 2679 viris
2143 2621 2246 2680 lux
2264 2620 2426 2678 illata
2443 2634 2530 2678 est
2551 2640 2726 2697 quam
2751 2641 2858 2677 nos
2883 2620 3171 2699 philologi
3203 2621 3411 2680 afferre

1842 2731 1961 2768 non
1988 2709 2397 2788 potuissemus.
2425 2707 2477 2766 T
2478 2707 2684 2768 andem
2713 2727 2898 2766 annus
2936 2708 3414 2784 quadragesimus

1842 2812 2098 2872 octavus,
2127 2799 2392 2858 omnium
2414 2818 2609 2858 rerum
2630 2799 2690 2856 in
2715 2797 2829 2856 hoc
2858 2796 2999 2855 orbe
3029 2800 3410 2856 conversione

1848 2888 2066 2960 fatalis,
2109 2888 2286 2947 etiam
2318 2885 2724 2946 scholasticam
2771 2884 3150 2963 quaestionem
3179 2883 3410 2963 egregie

1845 2978 2161 3054 promovit.
2203 2976 2428 3034 Etenim
2449 2976 2868 3033 Saxonicorum
2899 2995 3134 3052 quoque
3172 2994 3412 3052 gymna-

1845 3067 2065 3123 siorum
2104 3078 2491 3143 praeceptores
2532 3064 2655 3122 suis
2695 3064 2767 3121 de
2804 3062 2979 3121 rebus
3035 3064 3414 3121 consultaturi

1846 3166 2282 3211 convenerunt:
2307 3152 2524 3229 quibus
2539 3153 2602 3209 in
2627 3151 3014 3210 conventibus
3035 3171 3228 3209 mense
3252 3150 3412 3211 Julio

1848 3241 2063 3319 Lipsiae
2110 3255 2168 3301 et
2217 3260 2411 3298 mense
2459 3241 2767 3299 Decembri
2811 3240 3046 3297 Misenae
3089 3239 3305 3298 habitis
3351 3260 3418 3298 ea

1836 3330 2078 3401 omnia,
2117 3350 2247 3405 quae
2267 3348 2371 3407 per
2395 3330 2794 3387 antecedentes
2825 3348 3006 3386 annos
3042 3330 3412 3406 contemptim

1847 3419 2105 3495 neglecta
2127 3432 2227 3476 aut
2252 3417 2553 3495 repudiata
2571 3418 2817 3488 fuerant,
2836 3416 3108 3494 plurimis
3122 3416 3418 3491 suffragiis

1848 3504 2401 3583 comprobabantur.
2427 3508 2553 3578 Quo
2579 3504 2727 3562 facto
2745 3504 2869 3582 ipse
2885 3523 3015 3562 cum
3033 3502 3165 3560 aliis
3180 3502 3418 3577 quibus-

1847 3596 1978 3651 dam
2009 3594 2155 3651 viris
2180 3614 2214 3650 a
2253 3593 2627 3663 Pfordtenio,
2668 3593 2770 3669 qui
2797 3605 2916 3649 tum
2960 3590 3196 3649 Dresdae
3221 3611 3415 3649 rerum

1848 3682 2325 3742 scholasticarum
2349 3681 2743 3759 gubernacula
2761 3679 3013 3752 tenebat,
3040 3692 3096 3737 et
3117 3679 3236 3735 haec
3253 3692 3308 3736 et
3327 3700 3415 3737 ce-

1850 3784 1970 3829 tera
2019 3770 2134 3829 huc
2173 3770 2528 3847 pertinentia
2569 3769 2716 3843 legis
2761 3769 2826 3827 in
2861 3768 3101 3825 formam
3156 3767 3419 3841 redigere

1842 3858 1995 3936 jussi
2036 3876 2271 3930 sumus;
2323 3877 2438 3935 qua
2477 3859 2603 3933 lege
2639 3858 2831 3922 omnis
2878 3876 3071 3913 rerum
3123 3856 3274 3933 apud
3315 3876 3419 3913 nos

1846 3944 2319 4019 scholasticarum
2375 3944 2524 4000 ratio
2571 3956 2887 4019 regeretur.
2930 3942 3043 4001 Sed
3088 3964 3275 4002 annus
3317 3947 3419 4022 qui

1845 4031 2192 4108 sequebatur
2219 4031 2418 4089 multis
2449 4030 2598 4089 bene
2637 4031 2885 4109 inceptis
2920 4032 3212 4111 funestus,
3243 4035 3414 4092 etiam

1850 4118 1989 4175 huic
2038 4118 2124 4176 rei
2165 4120 2526 4195 perniciosus
2562 4115 2802 4174 exstitit.
2853 4114 3060 4171 Civilis
3118 4112 3420 4169 discordiae

1852 4209 2109 4289 procella
2131 4209 2439 4267 Saxoniam
2465 4228 2700 4286 quoque
2716 4208 2978 4283 ingressa
3000 4206 3308 4283 profugum
3331 4226 3420 4262 me

1852 4297 2240 4375 proscriptum
2266 4310 2672 4373 extorremque
2693 4297 2877 4375 patria
2895 4294 3082 4372 ejecit.
3110 4292 3197 4350 lta
3222 4293 3420 4369 Belga-

1855 4405 1984 4443 rum
2001 4384 2397 4463 hospitalitate
2414 4397 2687 4461 exceptus
2705 4383 2991 4441 Bruxellis
3011 4402 3188 4458 quum
3202 4401 3307 4459 per
3323 4383 3372 4438 al
3384 4384 3422 4438 i-

1854 4473 2010 4551 quod
2025 4486 2250 4550 tempus
2263 4472 2644 4530 habitandum
2665 4471 2807 4529 mihi
2835 4471 3245 4540 decrevissem,
3262 4469 3422 4525 Diib-

1855 4582 1996 4620 nero
2019 4561 2296 4619 suadente
2331 4560 2584 4619 oblatam
2611 4558 2821 4618 edendi
2845 4558 3210 4615 Manethonis
3245 4556 3424 4615 Maxi-

1856 4654 2051 4727 mique
2073 4646 2438 4727 provinciam
2473 4660 2746 4725 prompto
2771 4647 2967 4705 animo
2995 4645 3242 4721 suscepi.
3275 4630 3416 4701 Nam

1856 4738 2062 4797 labore
2107 4736 2342 4797 difficili
2373 4738 2730 4815 spinosoque
2756 4736 3081 4793 levaturum
3119 4753 3211 4791 me
3230 4752 3423 4811 spera·

1857 4831 1988 4884 bam
2028 4847 2246 4895 curam,
2292 4848 2420 4902 quae
2453 4845 2541 4883 me
2577 4826 2777 4902 coquit
2814 4836 2870 4881 et
2898 4836 3090 4881 versat
3109 4823 3174 4880 in
3195 4835 3426 4899 pectore

1864 4918 1998 4987 lixa,
2021 4934 2198 4991 quum
2215 4927 2312 4970 aut
2337 4914 2584 4989 patriam
2606 4913 2798 4988 cogito
2826 4910 3036 4968 misere
3059 4928 3421 4988 oppressam,

1861 5017 1957 5061 aut
1979 5004 2194 5060 amicos
2218 5006 2428 5079 partim
2459 5002 2522 5059 in
2551 5000 2822 5058 exsilium
2867 4998 3174 5077 expulsos,
3212 4998 3423 5075 partim

1860 5093 1923 5148 in
1958 5090 2196 5148 vincula
2236 5088 2552 5167 conjectos,
2607 5090 2815 5166 partim
2859 5099 3046 5144 morte
3083 5098 3426 5165 praematura
