3767 5825
1122 361 1465 422 DloNst
1506 361 1607 421 DE
1650 360 1934 422 AVIBUS
1975 362 2122 422 LIB.
2169 362 2273 420 111.

3209 373 3311 422 121

104 505 155 562 τὸ
176 503 289 584 ὅρος
331 501 421 580 δέῃ
467 502 751 568 διαπτηναι
774 493 865 552 τὸν
899 495 1128 574 Ταῦρον.
1214 490 1324 551 Καὶ
1361 494 1528 547 ταῦτα
1560 489 1653 596 μέν
1744 500 1812 549 ob
1834 501 2026 550 melum
2056 499 2361 567 aquilarum,
2394 501 2610 548 Taurum
2639 502 2857 550 montem
2887 499 3176 562 superaturi.
3220 501 3324 548 Hac

108 594 195 650 εἶσι
222 587 599 660 συνετώτατοι,
631 583 758 664 πρὸς
788 579 843 640 δὲ
865 577 960 648 τὰς
988 577 1150 656 νομὰς
1176 578 1411 659 ἄφρονες·
1445 580 1549 635 τῶν
1571 599 1658 635 το-

106 699 207 733 πων
232 674 363 755 γὰρ,
398 677 445 733 εἰ
472 672 564 731 καὶ
600 669 887 741 καλλίστης
928 669 981 726 ἰν
1010 669 1184 732 αὐτοῖς
1220 669 1383 741 νομῆς
1424 663 1654 744 τύχοιεν,

108 770 260 846 ῥᾷστα
292 760 721 821 ἐπιλανθάνονται
748 757 839 818 καὶ
872 755 959 816 διὰ
1000 755 1155 815 τοῦτό
1188 757 1318 812 εἰσιν
1354 755 1408 810 ἐν
1435 755 1659 820 πλάναις

107 853 202 924 ἀεὶ,
225 850 397 910 καίτοι
415 849 595 930 κέρδος
608 849 786 912 αὐτοῖς
808 849 867 906 ἐκ
894 849 986 915 τῆς
1007 843 1251 914 τοιαύτης
1266 841 1473 911 πλάνης
1492 840 1659 900 ἐστίν·

107 941 155 997 οὖ
184 937 281 1018 γὰρ
312 937 617 996 ἁλίσκονται
652 934 840 1016 ῥαδίως
865 931 1012 1014 παρὰ
1053 935 1159 992 τῶν
1187 939 1365 1011 τηρεῖν
1414 929 1510 997 τὰς
1555 933 1659 987 τῶν

108 1027 277 1106 ὀρνέων
324 1023 597 1106 διατριὸδις
634 1022 729 1082 καὶ
784 1024 985 1103 ῥίπτειν
1032 1021 1121 1079 ἐπὶ
1170 1021 1337 1099 τούτῳ
1379 1018 1659 1098 σπέρματα

108 1117 367 1191 ιῖιιιθάτων,
416 1118 489 1183 ὣς
515 1113 603 1174 διὰ
628 1112 726 1184 τὴν
768 1110 937 1184 λήθην
975 1109 1063 1169 ἐπὶ
1086 1108 1205 1176 τοὺς
1245 1105 1431 1173 αὐτοὺς
1474 1106 1662 1174 τόπους

108 1206 189 1264 οὐκ
214 1203 603 1284 ἀφικνούμενοι.

176 1295 324 1354 xlx.
350 1294 425 1352 Οἱ
450 1290 629 1352 κύκνοι
654 1289 703 1348 δ’
731 1287 819 1348 ἐπὶ
835 1295 943 1354 τοῖς
963 1289 1194 1364 λειμῶσι
1220 1285 1312 1344 καὶ
1339 1292 1455 1351 ταῖς
1480 1285 1664 1350 ἀκταῖς

110 1381 365 1462 τρέφονται
412 1379 505 1438 καὶ
543 1385 658 1443 ταῖς
692 1375 937 1453 λίμναις,
990 1373 1083 1433 καὶ
1124 1375 1441 1454 ἀντηχοῦσιν
1492 1374 1665 1436 αὐτοῖς

110 1469 306 1549 ᾄδουσιν
330 1466 385 1526 οἵ
408 1489 463 1525 τε
492 1465 743 1525 σκόπελοι
766 1462 857 1521 καὶ
883 1463 939 1521 αἱ
963 1459 1225 1543 φάραγγες
1240 1506 1255 1534 ,
1284 1459 1375 1518 καὶ
1400 1482 1663 1536 μουσικω-

108 1558 281 1622 τάτους
300 1555 515 1614 πάντων
544 1550 757 1618 τούτους
800 1551 955 1627 ἴσμεν
984 1549 1223 1630 ὀρνίθων,
1266 1548 1357 1607 καὶ
1380 1547 1546 1628 ἱεροὺς
1570 1571 1663 1606 κα-

110 1643 641 1720 λοῦμενἈπόλλωνος.
724 1638 938 1726 ᾏδουσι
954 1639 999 1697 δ’
1029 1636 1149 1718 οὐχὶ
1172 1637 1459 1719 θρηνῶδες,
1486 1637 1665 1716 ὥσπερ

112 1737 157 1791 αἱ
186 1733 459 1804 ἀλκυόνες,
485 1733 605 1790 ἀλλ’
622 1729 722 1802 ἡδύ
750 1752 803 1787 τι
826 1728 917 1787 καὶ
931 1727 1215 1807 μελιχρὸν,
1238 1725 1330 1784 καὶ
1359 1715 1465 1784 οἷον
1492 1725 1666 1792 αὐλοῖς

112 1821 140 1890 ἢ
162 1821 391 1902 κιθάραις
428 1818 717 1901 χρώμενοι.
806 1815 917 1876 Καὶ
941 1817 1194 1881 εὖσθενεῖς
1223 1812 1271 1872 δ’
1302 1812 1405 1874 εἶσὶ
1428 1813 1518 1872 καὶ
1542 1811 1668 1894 πρὸς

111 1909 169 1966 τὰ
186 1907 287 1989 ὕψη
307 1908 565 1974 πολλάκις
586 1905 867 1984 ἱπτάμενοι
890 1905 1019 1984 πρὸς
1042 1902 1161 1970 τοὺς
1184 1903 1365 1971 ἀετοὺς
1382 1901 1667 1982 μάχονται,

114 1997 193 2056 εἶτ’
207 2000 379 2065 αὐτοῖς
394 2001 730 2078 ἐπιχειροῖεν,
754 1993 856 2053 εἴτε
882 1993 990 2061 τοῖς
1003 2000 1248 2057 νεοσσοῖς·
1264 1993 1321 2050 οὗ
1341 1991 1447 2069 μὴν
1472 1991 1665 2071 ἄρχον-

116 2111 193 2145 ται
235 2087 445 2167 μάχης,
492 2083 630 2144 ἀλλὰ
670 2082 767 2156 τὴν
796 2082 1007 2162 εἰρήνην
1054 2080 1360 2160 στέργουσι,
1394 2079 1575 2160 μέχρις
1606 2078 1668 2138 ἂν

119 2175 243 2254 ᾅδειν
269 2173 385 2257 ἐξῇ·
418 2177 575 2232 τοῦτο
594 2170 696 2251 γὰρ
719 2169 809 2229 καὶ
831 2172 1024 2248 τροφῆς
1052 2172 1305 2247 ἡγοῦνται
1330 2166 1666 2248 γλυκύτερον.

114 2261 303 2348 ’ᾼδουσι
349 2262 407 2322 δὲ
458 2261 579 2342 πρὶν
630 2259 861 2339 ἀνίσχειν
906 2255 1075 2331 ἥλιον,
1104 2260 1174 2324 ὣς
1220 2260 1273 2316 ἐν
1330 2255 1525 2338 ἐρημία
1551 2255 1671 2315 τότε

116 2354 297 2426 μᾶλλον
325 2349 617 2418 ἐξάκουστα
644 2347 992 2426 βοησάμενοι,
1020 2345 1113 2405 καὶ
1140 2344 1228 2404 ἐπὶ
1256 2352 1369 2411 ταῖς
1386 2349 1475 2402 τοῦ
1502 2342 1671 2402 πελά-

114 2463 217 2516 γους
248 2441 459 2511 ἀκταῖς,
502 2439 549 2496 εἰ
587 2433 661 2515 μὴ
708 2433 909 2514 χειμὼν
957 2432 1039 2507 εἴη
1086 2433 1177 2492 καὶ
1219 2437 1247 2491 ὁ
1275 2435 1377 2491 τῶν
1421 2431 1670 2506 κυμάτων

118 2528 291 2594 κτύπος
316 2527 461 2609 ᾄδειν
499 2522 685 2590 αὐτοὺς
710 2521 1021 2602 ἀποτρέποι,
1048 2523 1120 2588 ὡς
1154 2525 1256 2580 τῶν
1284 2519 1537 2603 ᾀσμάτων
1566 2523 1670 2579 τῶν

122 2617 247 2675 ἰδίων
270 2619 363 2676 οὐκ
390 2613 721 2678 ἐπαΐωντας.
808 2609 919 2672 Καὶ
940 2615 1033 2683 τῆς
1060 2612 1227 2692 ᾠδῆς,
1248 2609 1347 2670 κᾶν
1379 2610 1470 2670 ἐπὶ
1495 2613 1673 2671 τελευ-

119 2705 205 2776 τὴν
231 2703 415 2770 αὐτοὺς
440 2703 502 2761 τὸ
528 2705 695 2781 γῆρας
724 2701 829 2778 ἄγῃ
848 2745 867 2776 ,
912 2697 1297 2776 μεμνήσονται·
1345 2704 1377 2772 ἡ
1419 2698 1464 2758 δ’
1499 2698 1674 2771 ἥττων

122 2793 203 2870 μέν
228 2797 384 2864 ἐστιν,
412 2791 553 2873 ἥπερ
584 2789 878 2859 νεάζουσιν,
904 2790 976 2854 ὡς
998 2784 1117 2846 οὔτε
1138 2787 1423 2845 ἀνατείνειν
1447 2786 1535 2846 τὸν
1556 2785 1676 2867 τρά-

120 2885 285 2962 χηλον,
333 2881 455 2942 οὔτε
500 2875 781 2939 πλατύνειν
822 2875 890 2937 τὰ
917 2876 1087 2959 πτερὰ
1133 2875 1432 2953 δυναμένων
1484 2879 1673 2949 αὐτῶν,

120 2974 183 3047 τῷ
206 2970 403 3051 ζεφύρῳ
431 2969 487 3027 δὲ
530 2966 659 3049 πρὸς
698 2968 760 3025 τὸ
801 2964 1014 3043 εὐμελὲς
1052 2969 1317 3046 χρῶνται,
1340 2968 1547 3044 νωθρῶν
1580 2963 1675 3041 μὲν

125 3060 211 3129 ἤδη
236 3062 334 3117 τῶν
364 3058 590 3133 σκελῶν,
621 3059 725 3113 τῶν
758 3056 932 3129 μελῶν
968 3056 1011 3113 δ’
1052 3056 1223 3121 αὐτοῖς
1263 3053 1425 3111 ὄντων
1470 3054 1677 3111 ἀσθενε-

126 3146 321 3223 στέρων.
406 3145 519 3205 Καὶ
566 3142 699 3225 πρός
724 3166 844 3202 τινα
886 3146 915 3201 ὁ
962 3141 1170 3219 μέλλων
1228 3144 1474 3220 τελευτᾷν
1516 3138 1677 3200 τόπον

126 3236 407 3314 ἀποχωρεῖ,
452 3234 574 3291 ἔνθα
626 3233 787 3291 αὐτοῦ
842 3230 1025 3307 μηδεὶς
1070 3228 1241 3309 ἕτερος
1282 3226 1417 3307 ὄρνις
1468 3226 1676 3309 ᾅδοντος

122 3326 383 3383 ἀκούσεται
402 3368 419 3393 ,
462 3322 646 3389 κύκνος
690 3323 735 3379 δ’
767 3320 924 3387 ἄλλος
962 3322 1057 3378 οὐκ
1104 3318 1314 3397 ἐνοχλεῖ
1347 3320 1423 3397 τῷ
1469 3318 1674 3398 ᾄδοντι,

123 3414 224 3483 καὶ,
245 3416 288 3470 εἰ
314 3410 541 3484 πλησίον
567 3408 641 3468 ὢν
670 3409 850 3490 τύχοι,
889 3406 988 3480 τὴν
1040 3405 1204 3479 αὐτὴν
1234 3404 1383 3474 εἰδὼς
1415 3405 1507 3465 καὶ
1534 3407 1677 3487 αὑτῷ

125 3500 472 3577 συμῧήσεσθαι
502 3497 769 3571 τελευτήν.

590 3750 841 3854 ΛΟΓΟΣ
881 3790 1190 3851 Tmaros.

196 3958 234 4016 Ι.
256 3958 305 4013 Τ
305 3958 380 4013 ῶν
397 3952 443 4012 δ’
461 3951 577 4023 ἑξῆς
598 3949 827 4016 ἀκούσας
847 3946 1046 4027 γνώσῃ,
1070 3948 1315 4028 κράτιστε
1342 3936 1559 4024 βασιλεῦ
1574 3990 1588 4017 ,
1610 3946 1682 4011 ὡς

128 4044 175 4097 οὐ
211 4046 368 4117 μόνης
399 4046 493 4114 τῆς
519 4044 613 4119 γῆς
654 4038 745 4098 καὶ
774 4042 866 4109 τῆς
896 4036 1163 4108 θαλάσσης
1196 4036 1597 4111 κατατολμῶσιν
1634 4034 1684 4091 οἱ

130 4128 392 4209 ἅνθρωποι,
416 4128 555 4188 ἀλλὰ
576 4126 668 4187 καὶ
684 4125 814 4205 πρὸς
839 4124 994 4183 αὐτὸν
1020 4124 1125 4196 ἤδη
1148 4123 1403 4183 τείνονται
1420 4122 1509 4181 τὸν
1528 4120 1681 4202 ἀέρα,

128 4226 217 4283 τοῖς
232 4216 619 4278 πολυπλανέσιν
640 4218 1021 4295 ἐπιχειροῦντες
1045 4210 1257 4291 ὀρνέοις.
1291 4215 1567 4292 Θηραταῖς
1588 4209 1684 4288 μὲν

130 4306 184 4377 δὴ
204 4308 287 4365 καὶ
308 4309 511 4366 ἁλιεῦσι
528 4304 723 4363 πλείων
741 4306 952 4383 ἀπαντᾷ
966 4301 1221 4369 πολλάκις
1238 4300 1415 4381 φόὸος,
1432 4298 1469 4372 ἢ
1487 4300 1685 4381 τέρψις,

131 4394 222 4453 εἴτε
243 4395 361 4463 τοὺς
386 4394 606 4473 ἀνέμους
625 4392 850 4463 σκοποίη
887 4415 959 4458 τις
982 4393 1035 4449 ἐν
1060 4393 1134 4471 τῷ
1152 4389 1399 4468 πελάγει,
1423 4386 1555 4469 [ἀφ’
1572 4380 1684 4467 ὧν]

132 4485 519 4565 διαῤῥήγνυνται
552 4481 620 4541 τὰ
659 4482 860 4561 σκάφη,
886 4476 991 4537 εἴτε
1016 4480 1120 4537 τῶν
1160 4480 1334 4550 κητῶν
1363 4475 1459 4547 τὴν
1498 4476 1685 4557 ἰσχὺν,

132 4574 209 4653 ἀρ’
236 4566 299 4646 ἧς
336 4573 569 4654 τάχιστα
604 4566 1015 4651 διαφθείρονται,
1045 4566 1150 4626 εἴτε
1178 4564 1295 4633 τοὺς
1323 4566 1376 4623 ἐν
1404 4572 1511 4631 τοῖς
1546 4563 1690 4643 ὄρεσι

133 4662 345 4737 φωλεοὺς
364 4666 467 4720 τῶν
485 4658 695 4739 θηρίων,
718 4659 807 4737 ἀφ’
834 4645 906 4715 ὧν
930 4664 1036 4723 τοῖς
1054 4653 1363 4733 κυνηγέταις
1376 4652 1691 4713 ἐπιτίθενται

134 4750 369 4816 πολλάκις
391 4752 449 4808 οὗ
472 4746 837 4828 προοιρθέντες,
866 4747 936 4810 ὥς
963 4741 1087 4820 μήτ’
1116 4742 1382 4823 ἀντίσχειν
1406 4740 1689 4816 δύνασθαι,

138 4836 247 4908 μήτ’
276 4838 538 4908 ἐκκλῖναι,
566 4833 657 4892 καὶ
694 4834 1043 4909 πολεμοῦντες
1072 4838 1177 4897 τοῖς
1204 4830 1401 4910 θηρίοις
1426 4827 1691 4888 καταὸάλ·

136 4924 299 4983 λονται
327 4924 581 4988 πολλάκις
609 4921 699 4980 καὶ
747 4917 1130 5000 διαφθείρονται
1158 4917 1249 4977 καὶ
1287 4916 1393 4977 ἀπὸ
1419 4920 1525 4977 τῶν
1560 4940 1693 4998 κρη-

140 5016 266 5085 μνῶν
299 5017 350 5073 ἐν
381 5020 497 5079 ταῖς
526 5006 840 5089 δυσχωρίαις
880 5006 1097 5066 ἅσωστα
1132 5006 1547 5065 ἀποπίπτουσιν·
1588 5006 1694 5072 τοῖς

142 5100 342 5167 ἰξευταῑς
364 5102 407 5159 δ’
437 5098 605 5166 οὐδεὶς
624 5096 732 5157 ἀπὸ
760 5098 864 5155 τῶν
888 5094 1103 5175 ὀρνίθων
1125 5092 1162 5165 ἢ
1188 5098 1281 5165 τῆς
1307 5095 1552 5165 τοιαύτης
1573 5092 1694 5151 κίν-

143 5190 269 5257 δυνος
290 5190 447 5272 θήρης
462 5234 478 5264 ,
506 5191 577 5256 ὡς
596 5184 717 5247 οὔτε
736 5183 869 5267 πρὸς
889 5181 1007 5251 τοὺς
1032 5186 1139 5243 τῶν
1167 5183 1301 5264 ὀρῶν
1320 5182 1509 5265 λόφους
1535 5184 1692 5261 ἀναγ·

1748 588 1900 652 igitur
1917 588 1970 638 in
1994 602 2047 638 re
2073 587 2438 652 prudentissimi
2465 591 2604 651 sunt;
2637 588 2770 651 quod
2791 602 2910 639 vero
2928 589 2992 639 ad
3009 602 3194 654 pascua
3214 590 3324 639 etti-

1744 679 1848 742 net,
1872 677 2065 741 stolidi3
2085 678 2310 728 locorum
2333 678 2496 740 enim,
2521 678 2710 728 etiamsi
2730 678 2978 728 laetissima
2996 679 3048 728 in
3068 679 3128 729 iis
3144 693 3326 743 pascua

1746 767 1879 819 nacti
1891 768 2087 831 tuerint,
2097 765 2329 818 facillime
2343 766 2712 828 obliviscuntur,
2728 766 2940 832 ideoque
2951 782 3142 831 semper
3150 782 3328 832 vagan-

1746 859 1849 920 tur,
1868 870 2170 920 quamquam
2195 856 2318 906 lucri
2341 857 2566 907 nonnihil
2587 857 2742 907 ex‘bis
2767 857 3013 908 erroribus
3041 857 3114 908 eis
3130 855 3325 918 accidit,

1748 945 1883 1008 quod
1919 959 2018 996 uon
2049 945 2190 996 facile
2224 947 2484 1009 capiuntur
2519 947 2585 996 ab
2623 946 2924 1011 aucupibuS,
2957 947 3045 1010 qui
3069 946 3329 996 familiares

1748 1034 1931 1085 avibus
1962 1035 2096 1085 locos
2132 1035 2392 1086 observare
2424 1049 2608 1099 eosque
2633 1036 2765 1085 hunc
2804 1035 2856 1084 in
2886 1036 3034 1086 finem
3059 1035 3329 1086 seminibus

1748 1135 2064 1188 conspergere
2083 1125 2266 1187 soleut;
2287 1137 2482 1175 anseres
2496 1124 2633 1175 enim
2653 1127 2852 1190 propter
2871 1124 3132 1176 oblivionis
3151 1125 3328 1176 vitium

1752 1213 1889 1262 locos
1911 1212 2114 1264 eosdem
2136 1226 2235 1263 non
2259 1215 2500 1277 repetunt.

1814 1303 1944 1352 xlx.
1976 1300 2131 1364 Cygni
2163 1301 2218 1352 in
2246 1301 2419 1366 pratis,
2441 1301 2686 1358 littoribus
2712 1304 2763 1352 et
2783 1301 2969 1366 stagnis
2988 1303 3198 1352 aluntur.
3234 1305 3328 1352 Ca-

1751 1399 1982 1448 nentibus
2003 1399 2191 1462 scopuli
2205 1400 2259 1450 et
2272 1397 2430 1450 valles
2449 1399 2748 1463 respondent
2762 1417 2778 1464 3
2797 1399 3017 1450 omnium
3031 1413 3147 1449 sane
3159 1399 3327 1449 avium

1752 1496 1979 1560 inprimis
2005 1497 2224 1548 musicos
2245 1511 2355 1548 esse
2376 1497 2626 1561 novimus,
2649 1511 2750 1561 quo
2772 1497 2971 1548 nomine
2989 1496 3198 1560 Apollini
3221 1511 3332 1547 cou-

1754 1596 2020 1646 secrsntur.
2089 1597 2285 1646 canunt
2315 1597 2482 1647 sutem
2508 1609 2608 1646 non
2630 1593 2826 1660 lugubri
2841 1633 2854 1659 ,
2885 1597 2941 1646 ut
2957 1595 3225 1658 alcedines,
3244 1595 3332 1644 sed

1754 1693 1896 1744 suavi
1912 1697 1965 1744 et
1995 1694 2179 1745 mellito
2206 1696 2352 1744 centu
2366 1731 2382 1758 ,
2400 1695 2556 1744 veluti
2589 1694 2726 1745 tibiis
2747 1696 2831 1744 aut
2853 1691 3052 1744 citbsris
3084 1693 3330 1744 adhibitis.

1756 1790 1992 1842 Robustae
2027 1794 2142 1842 sunt
2180 1805 2326 1856 sves,
2369 1791 2492 1844 adeo
2518 1793 2575 1842 ut
2601 1791 2751 1842 etium
2784 1805 2916 1855 saepe
2947 1791 3094 1842 altius
3121 1791 3334 1841 volando

1755 1889 1914 1941 evecti
1932 1891 2125 1954 aquilas
2136 1891 2442 1956 impugnent,
2459 1892 2502 1942 si
2520 1890 2642 1956 quid
2659 1891 2710 1941 in
2723 1891 2875 1956 ipsos,
2889 1893 2974 1941 aut
2981 1892 3145 1956 pullos
3161 1903 3333 1942 eorum

1758 1988 1875 2038 muli
1897 1989 2187 2053 moliantur3
2205 2004 2306 2041 uon
2321 1993 2486 2041 tam·
2502 1990 2750 2054 incipiunt
2770 2003 2983 2054 pugnam
2995 2027 3010 2053 ,
3029 1989 3118 2040 sed
3143 2004 3334 2054 pacem,

1758 2086 1920 2149 quoad
1940 2099 2112 2137 canere
2143 2087 2291 2150 licet,
2315 2086 2524 2150 diligunt
2557 2089 2608 2138 et
2632 2087 2876 2152 placidam
2911 2087 3068 2138 vitam
3093 2086 3336 2138 alimentis

1758 2184 1906 2235 etiam
1938 2184 2216 2236 dulciorem
2235 2199 2344 2238 esse
2365 2186 2572 2236 ducunt.
2627 2186 2856 2236 Diluculo
2875 2188 3058 2244 canum
3085 2187 3200 2236 ante
3221 2185 3337 2234 solis

1761 2285 1952 2348 ortum,
1983 2285 2238 2349 tamquam
2269 2285 2322 2335 in
2343 2299 2453 2336 aere
2477 2297 2636 2336 vacuo
2675 2299 2764 2350 per
2797 2284 2850 2335 id
2875 2287 3070 2348 tempus
3107 2283 3338 2334 audiendi

1762 2380 1960 2432 clarius.
2029 2383 2225 2433 canunt
2244 2383 2394 2434 etism
2416 2385 2469 2433 in
2486 2371 2921 2446 maris‘littoribus,
2956 2381 3052 2432 nisi
3073 2385 3339 2445 tempestas

1760 2483 1814 2530 et
1834 2480 2162 2543 procellarum
2183 2493 2340 2532 sonus
2376 2483 2578 2532 cautum
2598 2481 2940 2543 dissuadeant3
2963 2481 3059 2530 boc
3093 2479 3226 2530 enim
3261 2483 3338 2529 vi-

1762 2579 1906 2641 gente
1919 2615 1934 2641 ,
1958 2592 2022 2629 ne
2043 2577 2149 2629 suis
2171 2578 2374 2642 quidem
2391 2578 2484 2642 ipsi
2505 2577 2762 2629 cantilenis
2781 2577 2900 2628 setis
2916 2577 3097 2642 perfrui
3120 2581 3336 2641 possent.

1764 2675 1861 2726 Sed
1887 2689 1948 2726 ue
1979 2676 2032 2724 in
2059 2679 2254 2727 senecta
2283 2676 2490 2740 quidem
2508 2675 2660 2726 morti
2683 2675 2828 2726 vicini
2849 2677 3018 2726 cantus
3039 2675 3339 2726 obliviscun-

1765 2778 1865 2838 tur,
1886 2774 1972 2838 qui
1993 2777 2155 2825 tamen
2186 2776 2260 2826 eis
2278 2776 2332 2826 in
2357 2775 2442 2826 illa
2469 2777 2614 2826 oetste
2643 2774 2891 2826 remissior
2923 2777 3000 2826 est
3023 2788 3170 2838 quam
3187 2775 3238 2824 in
3257 2773 3340 2837 ju·

1764 2874 1931 2936 venta,
1950 2885 2106 2935 quum
2129 2885 2290 2937 neque
2308 2871 2547 2923 cervicem
2567 2871 2780 2935 emplius
2805 2871 3014 2936 erigere,
3037 2885 3196 2937 neque
3223 2886 3342 2937 pen-

1764 2984 1853 3019 nas
1870 2970 2132 3021 extendere
2148 2972 2356 3035 quecun
2371 2970 2642 3022 Favonium
2659 2972 2780 3021 tunc
2797 2970 2860 3020 ud
2875 2970 3210 3019 exornandum
3231 2984 3341 3020 can-

1766 3078 1873 3125 tum
1893 3074 2194 3137 adsciscunt,
2213 3074 2379 3138 ignavi
2388 3073 2492 3135 iam
2509 3074 3137 3126 cruribusetmembrorum
3156 3074 3344 3125 viribus

1766 3178 1960 3229 desecti.
2027 3178 2296 3229 Moriturus
2331 3178 2518 3229 secedit
2539 3179 2704 3242 aliquo
2720 3215 2737 3241 ,
2769 3179 2852 3229 ubi
2875 3178 3010 3229 nulls
3031 3178 3126 3227 alis
3143 3178 3250 3228 avis
3267 3192 3344 3227 ca-

1768 3284 1966 3331 nentem
1991 3280 2188 3344 audien
2225 3282 2392 3333 nullus
2413 3286 2582 3333 autem
2611 3282 2718 3332 olor
2747 3282 2873 3332 alius
2909 3283 3167 3333 canentem
3197 3282 3344 3332 inter-

1768 3386 1937 3448 pellat,
1963 3384 2122 3437 scieus
2135 3384 2230 3436 sibi
2249 3385 2452 3437 eandem
2471 3384 2726 3436 imminere
2743 3386 2971 3449 mortem,
2995 3384 3036 3435 si
3061 3386 3184 3435 sorte
3199 3399 3348 3449 prope

1768 3487 1978 3539 adesset.

2244 3790 2476 3851 LIBER
2515 3788 2874 3850 TERTIUS.

1838 3947 1881 3996 1.
1903 3948 2016 3997 ‚lum
2038 3958 2158 3996 vero
2179 3959 2238 3995 cx
2262 3946 2340 4007 iis,
2359 3959 2473 4009 quae
2493 3944 2730 4005 dicemus,
2747 3944 3000 4007 intelliges,
3023 3944 3350 4006 potentissime

1774 4051 2057 4113 imperatur,
2089 4048 2315 4099 mortales
2343 4060 2444 4097 nou
2483 4049 2627 4097 terrie
2659 4046 2819 4097 solum
2859 4046 3100 4108 marisque
3141 4046 3351 4107 pericula

1775 4153 2120 4211 contemnere,
2153 4150 2236 4199 sed
2279 4150 2436 4213 ipsum
2464 4148 2610 4198 etiam
2651 4160 2814 4198 aerem
2835 4146 3040 4198 audacia
3069 4160 3156 4195 sua
3188 4149 3350 4209 petere

1775 4259 1827 4308 et
1847 4254 2124 4317 multivagis
2159 4254 2332 4304 avibus
2351 4251 2546 4303 insidia
2567 4253 2768 4301 struere.
2835 4252 3132 4301 Venetorum
3155 4249 3350 4312 quidem

1776 4358 1827 4408 et
1848 4357 2142 4420 piscatorum
2161 4354 2317 4418 major
2332 4368 2462 4419 saepe
2483 4355 2643 4404 metus
2660 4357 2759 4415 est,
2779 4366 2926 4417 quam
2945 4351 3198 4401 delectatio
3215 4388 3229 4412 ,
3253 4352 3353 4399 sivo.

1778 4462 1951 4510 ventos
1967 4456 2259 4523 spectaveris
2274 4493 2290 4519 ,
2309 4456 2451 4520 cujus
2467 4468 2598 4519 saepe
2617 4454 2802 4518 impetu
2821 4453 3012 4517 cymbae
3032 4452 3080 4503 ln
3101 4452 3220 4502 mari
3241 4466 3353 4501 con-

1778 4562 2074 4625 fringuntur,
2095 4572 2180 4609 seu
2208 4559 2358 4610 robur
2375 4560 2592 4609 cetorum
2605 4591 2620 4617 ,
2650 4556 2729 4607 cui
2750 4554 2979 4605 facillime
2995 4553 3353 4616 succumbunt,

1786 4664 1890 4713 sive
1908 4661 2182 4712 consideres
2202 4660 2414 4710 ferarum
2431 4658 2584 4708 lustra
2597 4658 2848 4717 montana,
2861 4655 2991 4705 uude
3017 4668 3145 4717 saepe
3159 4658 3356 4704 venato-

1780 4776 1858 4813 res
1882 4760 2215 4825 imprudentes
2235 4750 2541 4818 udoriu'ntur‚
2565 4758 2622 4807 ut
2653 4756 2875 4806 resistere
2896 4756 3141 4817 nequeant
3155 4790 3170 4816 ,
3199 4766 3356 4815 neque

1780 4866 2018 4928 impetum
2055 4864 2266 4927 ipsarum
2307 4862 2490 4913 evitare
2503 4899 2518 4923 ‚
2556 4860 2640 4911 sed
2673 4860 2851 4922 saepius
2872 4858 3236 4921 prosternantur
3269 4868 3355 4919 pu·

1782 4975 1984 5038 mantes
2009 4975 2061 5022 et
2081 4975 2307 5035 pereant,
2343 4973 2395 5022 et
2413 4984 2444 5021 a
2465 4970 2670 5021 summis
2700 4966 2978 5031 praeeipitiis
3013 4978 3096 5029 per
3118 4964 3358 5027 sngtistias

1784 5085 2002 5133 locorum
2019 5080 2128 5131 sine
2149 5078 2320 5130 salutis
2346 5090 2434 5142 spe
2450 5078 2798 5138 detur-beatum
2819 5073 3088 5137 aucupibus
3103 5085 3222 5123 vero
3241 5072 3358 5121 nihil

1786 5189 1865 5242 vel
1883 5189 1949 5240 sb
1972 5186 2144 5239 avibus
2169 5184 2312 5251 ipsis,
2347 5184 2428 5235 vol
2457 5182 2522 5233 sb
2560 5179 2844 5244 hujusmodi
2873 5180 3127 5232 venatione
3161 5177 3357 5242 periculi
