3767 5825
1281 382 1362 445 [N
1401 383 1863 451 MANETRON.
1908 390 2210 453 LIBRUM
2250 392 2329 453 V.

3278 417 3407 462 ῙΝΙΙ

207 515 616 594 ἅμφιπολοῦντες
653 513 742 572 vel
764 516 854 572 ὑπ’
873 516 1078 595 οὐρανῷ
1118 516 1542 595 αἷθροπολοῦντες
1567 519 1756 593 conji-
1857 534 1917 579 et
1938 520 2009 579 ad
2050 540 2229 598 marg.
2273 548 2299 574 «ι
2334 523 2465 585 fort.
2494 522 2755 603 πήγνυται
2786 538 2845 583 et
2869 526 3194 587 addendum
3224 526 3281 589 ’A
3291 553 3400 610 ρης.

203 603 376 660 ciunt.
403 606 475 660 Et
500 602 617 661 alia
646 603 843 675 etiam,
869 604 920 661 si
963 602 1299 663 audaciores
1327 605 1574 665 velimus
1598 625 1723 665 esse
1741 651 1758 683 ,

1849 605 1901 664 δ’
1959 608 2119 687 (post
2142 608 2334 689 διέριν)
2371 611 2612 669 fortasse
2634 612 2924 687 significat
2977 616 3317 693 τετράγωνον.
3374 643 3399 671 n

201 690 512 765 excogitari
531 703 795 767 possunt,
823 702 888 748 ut
909 691 1360 770 αἰθερόπλαγκτοι.
1388 692 1500 752 Sed
1519 694 1626 752 vix
1651 694 1759 752 du·-
1848 694 1949 752 AR
1974 696 2335 774 reliquerunt
2358 720 2373 756 ι

200 777 352 849 bito,
385 778 530 855 quin
559 777 870 836 Homerica
908 780 1166 838 clausula
1205 779 1421 839 abusus
1461 782 1761 859 scripserit

201 865 280 922 ἀν’
302 868 515 944 οὐρανοῦ
531 864 663 945 ἠέρα
687 864 902 925 πουλύν.
935 899 1012 909 -
1039 869 1106 925 31
1142 868 1326 933 αἰῶνός
1347 891 1404 926 τε
1436 868 1578 944 γένος
1613 870 1756 946 γίνε-

197 976 284 1009 ται
309 952 419 1032 ῥίζα
454 974 512 1032 φ.
554 972 612 1013 π.
647 952 733 1025 Ε,
761 954 920 1030 quod
948 954 1242 1029 quomodo
1267 956 1367 1013 alii
1403 955 1758 1014 emendave-

197 1042 334 1111 rint,
364 1060 544 1119 supra
565 1041 782 1099 dictum
804 1063 821 1113 ;
847 1042 1114 1118 equidem
1143 1044 1448 1101 emendavi
1477 1043 1674 1120 γίνεται
1694 1046 1756 1103 in

195 1129 286 1187 καί
319 1142 568 1203 mutate,
599 1128 902 1209 prioribus
925 1129 1112 1188 literis
1156 1150 1230 1189 ex
1258 1131 1401 1208 γένος
1433 1131 1584 1189 male
1603 1148 1756 1209 repe·

195 1218 337 1275 titis.
381 1216 500 1273 Cur
518 1218 600 1274 ita
624 1218 866 1296 planetae
889 1216 1178 1289 dicantur,
1201 1231 1372 1296 patet.
1391 1253 1468 1263 -
1485 1220 1580 1278 32.
1598 1241 1752 1298 σφαι-

197 1302 416 1380 ρώματα
439 1304 571 1365 edd.
585 1348 602 1377 ,
622 1303 988 1383 σφαίρωμ’ἄνα
1011 1324 1138 1362 nos.
1165 1303 1386 1382 Saepius
1403 1306 1466 1364 in
1488 1304 1598 1363 bac
1619 1306 1755 1364 sede

193 1391 294 1449 σἰνᾶ
319 1404 374 1449 et
393 1392 529 1449 κατά
546 1390 620 1450 ab
643 1392 839 1469 Epicis
852 1392 919 1450 in
940 1390 1286 1469 anastrophe
1313 1394 1452 1470 poni
1473 1405 1709 1451 constat.

275 1486 333 1549 2,
364 1480 567 1549 35-43.
583 1480 716 1538 Duo
733 1480 1052 1555 fragmenta
1065 1478 1322 1557 ejusdem
1348 1480 1512 1539 malae
1529 1482 1749 1559 farinae,

193 1568 504 1627 referentia
544 1568 616 1625 de
647 1587 848 1643 regum
889 1581 944 1625 et
972 1568 1386 1646 imperatorum
1429 1569 1746 1627 nativitate.

189 1653 374 1711 lnitio
393 1653 616 1729 aliquid
639 1655 828 1729 deest,
855 1653 1224 1732 absumptum
1245 1696 1262 1725 ,
1293 1656 1526 1732 opinor,
1546 1656 1751 1721 ultimo

189 1741 584 1799 antecedentis
614 1741 916 1817 fragmenti
939 1759 1131 1802 versu.
1153 1741 1350 1819 Neque
1367 1743 1523 1801 enim
1545 1742 1753 1809 σύνοδος

189 1832 454 1888 omnium
487 1830 848 1907 planetarum
889 1830 1256 1905 intelligitur,
1288 1829 1388 1887 sed
1411 1843 1508 1887 aut
1547 1834 1752 1888 Marcis

185 1930 250 1975 et
273 1921 428 1974 Iovis
451 1950 530 1961 -—
556 1916 632 1975 cf.
667 1915 746 1989 ll,
786 1937 902 1973 210
935 1936 1065 1993 sqq.
1095 1915 1206 1987 111,
1249 1918 1362 1992 295
1387 1937 1517 1995 sqq.
1543 1951 1620 1961 -—
1653 1931 1752 1977 aut

183 2009 340 2063 Solis
367 2009 588 2063 etloois
605 2038 682 2049 -
706 2004 780 2064 cf.
811 2004 887 2072 11,
927 2004 1036 2076 347
1067 2023 1192 2081 sqq.
1217 2037 1297 2048 -
1327 2004 1476 2063 Hinc
1497 2005 1750 2063 concidit

185 2092 525 2169 conjectura
546 2094 618 2165 Α,
649 2115 706 2151 v.
736 2093 808 2151 35
839 2093 1250 2170 proponentis:
1279 2090 1595 2171 παρέχουσιν
1621 2092 1747 2151 ἄνα-

181 2202 342 2251 κτας,
365 2194 429 2238 ut
449 2180 572 2238 haec
597 2200 726 2239 cum
752 2202 811 2240 v.
837 2183 908 2247 34
930 2180 1274 2240 cohaereant.
1306 2180 1531 2252 Potius,
1557 2182 1605 2239 si
1623 2202 1751 2239 con·

173 2266 412 2343 junctio
453 2287 582 2325 cum
599 2267 1072 2327 antecedentibus
1097 2270 1421 2327 necessario
1435 2280 1558 2326 erat
1589 2268 1748 2327 infe-

179 2355 388 2428 renda,
418 2356 599 2415 scribi
627 2368 884 2434 poterat:
913 2346 984 2414 ὧν
1001 2356 1212 2422 σύνοδος
1237 2390 1310 2401 --
1342 2356 1565 2436 παρέχει
1597 2362 1748 2437 βασι-

175 2449 340 2517 λῆας.
378 2478 457 2489 -
499 2454 595 2514 4ο.
628 2442 702 2503 ὅτ’
741 2442 804 2503 ἂν
846 2444 984 2517 ΕΗ,
1009 2446 1164 2523 quod
1207 2447 1458 2517 restitui,
1491 2446 1564 2504 de
1599 2446 1747 2505 vitio

179 2534 342 2609 apud
380 2532 536 2592 hunc
581 2534 816 2611 quidem
846 2553 1084 2592 securus
1133 2534 1244 2594 :cll
1273 2556 1424 2607 2173
1459 2532 1586 2604 ἐπὴν
1618 2535 1740 2597 AR.

179 2621 334 2679 Tum
363 2622 534 2679 initio
562 2621 714 2701 apud
748 2622 928 2679 alium
955 2624 1346 2681 emendassem
1371 2622 1487 2681 τάδ’
1511 2622 1744 2695 ἕκαστος,

177 2709 312 2766 scil.
359 2707 589 2789 ἀπέφηνε
609 2754 625 2783 ,
673 2709 772 2766 sed
800 2708 954 2766 hunc
1005 2711 1167 2767 nolui
1206 2722 1510 2769 attrectare
1527 2756 1544 2783 ,
1593 2711 1744 2789 apud

175 2816 354 2873 quem
383 2798 552 2855 etiam
580 2794 780 2855 λεύσειε
801 2797 1032 2873 reliqui.

263 2890 316 2953 3,
358 2894 558 2958 44-47.
587 2884 884 2944 Sententia
906 2886 1229 2944 communis
1247 2886 1318 2944 de
1337 2900 1537 2947 mutua
1554 2893 1740 2946 mala-

173 2995 300 3030 rum
323 2989 380 3032 et
410 2978 672 3031 bonarum
701 2975 996 3032 stellarum
1033 2975 1309 3035 efficacia.
1345 2975 1478 3033 Eam
1510 2990 1740 3036 senten-

177 3065 318 3120 tiam
352 3062 628 3139 adjectam
657 3063 870 3138 opinor
883 3075 1125 3140 propter
1157 3084 1210 3120 v.
1247 3065 1341 3134 43,
1363 3064 1463 3121 ubi
1490 3065 1740 3123 similem

175 3152 496 3208 observare
511 3151 648 3209 licet
661 3149 947 3208 bonarum
969 3151 1263 3208 stellarum
1285 3155 1738 3229 corruptionem.

257 3243 318 3313 4,
347 3239 524 3306 48·61
541 3282 553 3295 .
577 3237 835 3314 Longior
848 3251 906 3296 et
919 3238 1116 3316 paullo
1135 3240 1366 3310 melior,
1391 3240 1490 3298 sed
1509 3241 1741 3300 lacuno-

175 3347 300 3391 sns,
334 3327 499 3384 locus
527 3326 598 3383 de
619 3333 800 3384 ηατίιζς
842 3325 1158 3399 ambobus,
1187 3327 1369 3384 Marte
1393 3341 1448 3384 et
1470 3327 1736 3388 Saturno.

175 3449 250 3459 —
289 3415 386 3473 50.
410 3412 604 3472 τούτων
626 3413 788 3487 edd„
817 3412 984 3492 τούτῳ
1008 3434 1115 3472 nos
1143 3435 1157 3471 :
1187 3414 1259 3472 ad
1279 3415 1465 3474 solum
1500 3415 1739 3475 Martem

173 3504 475 3580 pertinere
488 3521 562 3559 ex
576 3522 633 3559 v.
661 3502 733 3568 54
752 3514 1009 3580 apparet.
1026 3503 1186 3559 —51
1212 3523 1297 3580 sq.
1315 3502 1562 3583 φλογεραὶ
1583 3505 1735 3581 edd„

173 3588 406 3668 μαλεραὶ
436 3590 586 3661 conj.
614 3587 684 3663 R,
713 3588 959 3667 στυγεραὶ
984 3607 1110 3647 nos.
1137 3587 1288 3646 Tum
1313 3588 1428 3666 bis,
1455 3604 1513 3648 et
1527 3605 1658 3650 ante
1685 3607 1740 3652 et

173 3690 311 3754 post
344 3696 400 3732 v.
435 3675 532 3746 52,
563 3675 785 3734 lacunae
833 3677 1002 3751 signa
1042 3676 1236 3754 posui.
1282 3675 1740 3754 comparabatur

169 3765 332 3821 enim
351 3763 505 3821 Mars
512 3762 734 3820 Venere
748 3765 878 3822 visa
892 3783 924 3821 a
936 3765 1132 3822 furore
1142 3763 1424 3823 desistens
1436 3786 1564 3824 cum
1577 3769 1734 3843 igne,

171 3853 278 3928 qui
307 3871 576 3926 grassans
609 3871 712 3928 per
753 3851 960 3909 silvam
999 3865 1098 3910 aut
1141 3865 1395 3911 torrente
1430 3855 1616 3913 fluvio
1641 3869 1739 3914 aut

169 3941 232 3997 ἐκ
250 3940 374 4003 Διὸς
392 3937 576 4018 ὄμὸρῳ
595 3937 790 3996 subito
814 3940 1230 4015 exstinguitur3
1263 3940 1335 3998 ad
1361 3941 1517 4001 hunc
1535 3943 1734 4018 igitur,

169 4047 292 4084 non
319 4025 393 4082 ad
416 4026 606 4100 ignem
633 4027 927 4103 pertinent
949 4026 1162 4083 verba:
1186 4025 1340 4106 >46:69⁹
1359 4028 1736 4105 ἐπιγινομένου,

169 4113 664 4191 quemadmodum
695 4113 830 4172 dedi
866 4133 974 4190 pro
1000 4115 1384 4189 ἐπιγεινομένου
1406 4114 1535 4192 GH,
1572 4118 1735 4193 ἐπιγι-

167 4201 424 4279 γνομένου
453 4202 543 4260 ed.
567 4200 736 4258 —55
762 4220 850 4278 sq.
879 4201 947 4259 In
973 4201 1024 4260 G
1051 4200 1262 4276 legitur
1285 4224 1299 4260 :

297 4325 326 4352 *
347 4324 540 4386 Ψυχρὸς
563 4322 714 4387 γάρτι
733 4324 861 4374 πέλει
882 4325 990 4388 τῇδε
1013 4325 1206 4388 Κρόνοιο
1230 4325 1344 4388 βολὴ

547 4395 628 4441 καὶ
643 4395 872 4454 πήγνυται

297 4465 524 4527 'Olim-oc·
551 4466 593 4512 el
617 4465 657 4512 δ’
682 4463 823 4527 ἄμφω
842 4465 900 4514 δι’
919 4465 1012 4528 ἔριν
1031 4464 1072 4514 δ’
1091 4465 1166 4515 ἐπὶ
1185 4466 1372 4528 κέντρον
1389 4465 1579 4529 ἔχωσιν,

169 4593 310 4630 cum
337 4571 446 4628 hac
468 4571 516 4628 G
549 4584 726 4628 nota:
763 4597 786 4622 «ι
833 4571 930 4629 Sic
966 4572 1269 4646 ordinavi,
1296 4593 1472 4648 quum
1522 4575 1583 4631 in
1611 4573 1732 4634 MS.

165 4681 294 4717 uno
325 4677 497 4716 versu
524 4660 982 4732 continuaretur,
1013 4659 1210 4738 ψυχρὸς
1231 4659 1336 4738 γάρ
1363 4682 1418 4717 τε
1443 4659 1590 4718 πέλει
1611 4662 1735 4732 τῆδε

165 4746 380 4823 κρόνοιο
415 4744 542 4822 βολὴ
566 4747 656 4802 καὶ
678 4745 922 4819 πίγνυται
944 4745 1148 4825 ὄψιμος,
1179 4747 1242 4804 in
1276 4747 1529 4805 secundo
1551 4767 1734 4826 pone·

167 4848 380 4892 rentur
410 4833 530 4890 haec
561 4855 575 4890 z
609 4835 652 4890 εἰ
673 4834 717 4890 δ’
747 4833 908 4914 ἄμφω
940 4831 1096 4908 διέριν
1125 4835 1171 4892 δ’
1197 4833 1491 4914 ἐπίκεντρον
1517 4834 1733 4914 ἔχωσιν,

163 4936 236 4980 ut
255 4940 466 4979 versus
491 4922 754 4998 quinque
781 4921 1013 4998 pedum.
1045 4947 1070 4972 n
1107 4921 1158 4978 Η
1184 4921 1355 4980 habet
1384 4945 1396 4979 ε

359 5033 534 5096 ψυχρὸς
546 5031 634 5095 γάρ
651 5049 702 5081 τε
716 5033 844 5081 πέλει
856 5045 869 5059 ·

295 5108 354 5161 τῆ
375 5103 424 5150 δὲ
444 5102 637 5162 Κρόνοιο
667 5105 782 5165 βολῇ
803 5105 882 5151 καὶ
909 5102 1143 5165 πήγνυται
1161 5101 1330 5166 ὀψιμος
1347 5104 1376 5132 *
1398 5105 1427 5133 *
1447 5105 1474 5130 θ
1496 5105 1522 5132 *

296 5175 340 5223 δῖ
361 5173 404 5221 δ’
427 5173 568 5236 ἄμφω
586 5174 723 5237 διέριν
747 5172 791 5222 δ’
813 5173 1080 5235 ἑπίκεντρον
1099 5173 1292 5237 ἔχωσιν,

1974 809 2148 871 ψυχρὸς
2161 808 2249 872 γάρ
2262 826 2313 859 τε
2339 810 2466 859 πέλει
2486 810 2597 873 τῇδε
2618 810 2817 875 Κρόνοιο
2833 813 2950 873 βολὴ
2968 814 3047 862 καὶ
3062 814 3311 877 πήγνυται,

1846 913 1904 957 et
1920 900 2076 977 conj.
2096 901 2276 981 ψυχρὴ
2295 902 2397 984 γάρ
2416 926 2473 961 τε
2488 902 2709 985 Κρόνοιο
2736 903 2866 983 βολὴ
2892 904 2983 964 καὶ
2998 906 3261 984 πήγνυται
3279 908 3405 982 ἤδη.

1845 986 1962 1047 Nos
1997 987 2096 1047 hic
2124 1010 2355 1067 quoque
2392 992 2613 1050 lacunae
2636 993 2820 1067 signis
2852 993 3153 1072 dispositis
3180 996 3242 1055 in
3290 998 3405 1057 fine

1845 1087 1979 1153 post
1997 1076 2259 1155 πήγνυται
2275 1078 2604 1137 addidimus
2624 1080 2745 1153 αἰεί,
2764 1081 2921 1157 quod
2948 1082 3114 1140 facile
3132 1084 3405 1146 excidere

1845 1176 2087 1240 poterat.
2110 1165 2260 1224 Tum
2282 1167 2426 1245 δῆρίν
2449 1165 2497 1243 γ’
2513 1166 2807 1247 ἐπίκεντρον
2832 1168 2934 1226 ΑΒ
2949 1188 3022 1227 ex
3039 1184 3204 1248 parte
3218 1175 3401 1232 secuti

1845 1251 1899 1309 D
1930 1252 2042 1309 336
2072 1253 2218 1333 δῆρίν
2243 1254 2290 1331 γ’
2317 1254 2401 1312 ἐπὶ
2442 1252 2655 1335 κέντρου
2680 1254 3117 1334 conjicientem3
3152 1279 3259 1319 nos
3292 1282 3306 1319 ε
3332 1263 3399 1320 δι’

1843 1337 1950 1418 ἔριν
1978 1340 2098 1418 περὶ
2120 1340 2327 1421 κέντρον
2350 1342 2524 1403 ἔωσιν.
2558 1378 2629 1389 -
2650 1342 2744 1403 58.
2764 1343 2965 1402 σύνοδοι
2991 1346 3123 1405 edd.
3139 1390 3155 1417 ,
3176 1347 3404 1415 συνόδοις

1844 1447 1973 1487 nos.
2010 1462 2089 1473 —-
2131 1432 2227 1491 δι.
2276 1429 2637 1489 ἀποθᾶλπιται
2682 1434 2858 1512 θερμῷ
2898 1431 3005 1490 ΕΗ
3022 1479 3039 1505 ,
3085 1432 3271 1493 θάλπει
3300 1436 3402 1496 ὕπὸ

1843 1518 2020 1596 θερμῷ
2046 1516 2172 1590 AR,
2201 1538 2308 1595 pro
2343 1538 2461 1595 quo
2484 1519 2656 1575 etiam
2684 1520 3017 1599 ψυχροτάτην
3044 1519 3098 1579 δὲ
3127 1525 3199 1583 Κ.
3236 1522 3398 1602 βολὴν

1842 1604 2129 1665 ὑποθᾶλπει
2149 1610 2177 1665 ὁ
2202 1606 2386 1685 θερμός
2410 1607 2563 1685 conj.
2598 1611 2693 1680 A.;
2716 1621 2859 1687 puto
2882 1612 3057 1689 θερμῷ
3085 1614 3397 1671 correctio-

1843 1711 1975 1750 nem
1994 1712 2143 1767 esse,
2168 1714 2343 1772 quum
2370 1695 2679 1754 excidisset
2696 1694 2775 1754 ob
2796 1698 3183 1757 antecedentis
3197 1721 3401 1761 versus

1842 1780 2159 1839 clausulam
2172 1778 2331 1862 Ἄρει.
2349 1782 2474 1841 Nisi
2490 1782 2711 1859 Κρόνοιο
2728 1784 2859 1863 βολὴ
2875 1803 2948 1842 ex
2968 1806 3026 1843 v.
3055 1786 3127 1844 55
3149 1788 3395 1861 illatum,

1841 1879 1900 1925 et
1923 1869 2157 1947 scripsit
2181 1883 2349 1948 poeta
2374 1892 2388 1931 t

1964 1988 2252 2050 ψυχρότατος
2268 1990 2319 2039 δὲ
2340 1988 2509 2052 Κρόνος
2533 1991 2687 2054 θερμῷ
2712 1990 3029 2041 ὕποθάλπιται
3049 1994 3095 2043 Ἀ
3102 2012 3189 2059 ρει.

1922 2093 1981 2161 5,
2009 2090 2211 2149 62-65.
2240 2090 2451 2149 Versus
2473 2091 2545 2149 de
2575 2095 2711 2149 Jove
2738 2092 2961 2151 fautore
2984 2096 3392 2177 (μειλίχιος)

1836 2179 2069 2233 Saturni
2111 2178 2339 2236 comite.
2370 2212 2450 2221 —
2488 2180 2584 2235 63.
2633 2178 2915 2259 κακοεργὸς
2944 2182 3101 2253 edd„
3157 2187 3312 2261 quod
3347 2189 3397 2246 si

1839 2278 2125 2335 servatur,
2142 2266 2308 2341 jungi
2335 2264 2506 2324 debet
2528 2288 2543 2324 ε
2566 2263 2797 2341 Ἧελίοὺ,
2819 2270 3098 2349 κακοεργός
3119 2272 3227 2331 Σὺν
3243 2274 3397 2356 κείνῳ

1837 2352 1939 2432 γὰρ
1966 2350 2063 2411 ἐὼν
2092 2366 2199 2411 etc.
2243 2352 2355 2412 Sed
2382 2355 2567 2413 multo
2608 2356 2935 2433 simplicius
2960 2372 3083 2417 erat
3110 2368 3394 2441 κακοεργοῦ

1837 2440 2113 2515 scribere,
2145 2441 2299 2519 quod
2327 2456 2567 2522 propter
2595 2442 2837 2510 κάκιστος
2870 2466 2925 2504 v.
2968 2448 3044 2505 66
3088 2460 3145 2505 et
3182 2451 3397 2512 similia

1836 2528 2033 2586 vicina
2068 2530 2236 2587 facile
2261 2531 2325 2589 in
2348 2532 2770 2591 nominativum
2797 2532 3126 2611 detorqueri
3146 2550 3391 2614 poterat.

1836 2649 1915 2660 —
1944 2619 2039 2676 65.
2066 2618 2157 2676 καὶ
2184 2620 2238 2676 ἐν
2268 2617 2477 2688 νήεσσιν
2506 2617 2602 2691 Ε,”
2629 2642 2685 2679 τε
2714 2617 2804 2679 καὶ
2840 2623 2892 2678 ἐν
2917 2622 3125 2691 νήεσσιν
3154 2623 3274 2697 ed.‚
3306 2627 3397 2686 καὶ

1834 2704 1889 2760 ἐν
1930 2704 2182 2783 ὀθνείῃσιν
2210 2726 2336 2767 nos.
2368 2706 2487 2765 Cur
2527 2708 2679 2765 enim
2705 2708 2796 2766 illi
2822 2709 3044 2788 φυγάδες
3073 2722 3293 2770 tantum
3332 2716 3395 2773 in

1833 2796 2059 2849 naoe‘bus
2085 2796 2404 2868 vagentur?
2424 2794 2506 2853 Cf.
2526 2793 2604 2866 ΙΙ,
2630 2803 2911 2872 417-419.

1916 2886 1974 2960 6,
2010 2882 2208 2956 66-69.
2255 2880 2464 2948 Ἠέλιος
2492 2883 2737 2950 κάκιστος
2778 2883 3011 2944 additus
3060 2886 3131 2944 ad
3178 2885 3391 2950 Ἠελίου

1832 2975 2141 3052 κακοεργοῢ.
2160 2973 2349 3044 -67,
2368 2971 2675 3048 ἐγκλήματα
2692 2972 2823 3044 ΕΗ,
2844 2973 3000 3050 quod
3024 2977 3282 3051 restitui3
3303 2981 3391 3057 ἐγ·

1832 3055 2051 3127 κλήσιας
2092 3059 2211 3131 ed.‚
2242 3059 2343 3117 sed
2372 3061 2434 3117 in
2454 3059 2839 3135 fragminibus
2884 3060 3021 3119 talia
3044 3076 3266 3122 mutare
3300 3066 3391 3124 lu-

1829 3144 2078 3204 bricum.
2114 3182 2185 3192 —
2208 3148 2305 3209 68.
2333 3146 2757 3226 ἀλλοπρόσαλλον
2787 3148 2917 3220 ΕΗ,
2945 3150 3104 3226 quod
3130 3154 3387 3227 restitui,

1833 3233 2053 3292 lacunae
2080 3235 2265 3310 signis
2287 3237 2529 3314 positist
2553 3248 2708 3314 patet
2740 3238 2896 3293 enim
2937 3235 3385 3318 substantivum,

1829 3335 1893 3378 ut
1910 3323 2128 3403 Κύπριν,
2146 3323 2217 3382 ad
2230 3324 2431 3382 ultima
2444 3323 2562 3380 duo
2580 3321 2834 3400 epitheta
2843 3323 3042 3383 deesse
3056 3347 3073 3396 3
3094 3327 3387 3407 ἀλλοπρόσ-

1829 3409 1966 3467 αλλα
1996 3411 2086 3472 ed.
3331 3461 3352 3486 ,
3382 3449 3385 3452 ⁴

1910 3502 1969 3570 7,
1997 3502 2199 3576 69-71.
2224 3501 2516 3559 Sententia
2529 3498 2602 3557 de
2622 3503 2756 3555 Jove
2771 3507 3106 3574 peregrinas
3130 3503 3190 3560 in
3206 3517 3389 3565 terras

1830 3587 2111 3660 mittente,
2139 3588 2333 3647 addita
2351 3589 2423 3647 ad
2452 3593 2510 3648 5.
2539 3622 2619 3631 —
2658 3589 2737 3664 69
2762 3586 2855 3646 καὶ
2884 3588 3047 3646 δύνων
3078 3590 3207 3663 ΕΗ,
3231 3596 3389 3670 quod

1828 3676 2086 3749 restitui3
2110 3675 2144 3747 ἢ
2169 3677 2333 3735 δύνων
2352 3677 2445 3735 ed.
2840 3750 2843 3754 ι

1909 3768 1968 3834 8,
2000 3786 2070 3836 72
2092 3785 2181 3842 sq.
2206 3765 2288 3823 De
2307 3770 2493 3822 Marte
2512 3777 2569 3823 et
2584 3769 2895 3834 Memure‘o;
2914 3762 3013 3822 hic
3030 3765 3383 3845 adscriptum

1829 3866 2067 3930 propter
2089 3851 2345 3933 τέρματος
2361 3853 2479 3923 αἴης
2489 3853 2618 3910 coll.
2642 3871 2769 3910 cum
2801 3852 3032 3928 ὑπόγειος
3056 3854 3153 3929 69,
3177 3868 3235 3912 et
3245 3876 3385 3934 pro·

1826 3943 1958 4007 pter
1986 3937 2204 4012 θησαυρ.
2239 3931 2380 3992 ἐπέδ.
2410 3931 2547 3990 coll.
2581 3951 2709 3988 cum
2741 3931 2921 4008 εὔπορ.
2954 3931 3104 4000 δηλοῖ
3123 3953 3221 4005 7¹·

1908 4021 1968 4088 9,
2000 4026 2069 4090 74
2102 4037 2191 4095 sq.
2229 4021 2397 4075 Mars
2436 4017 2967 4096 perniciosissimus
2995 4051 3071 4062 -
3099 4018 3386 4089 ὀλοώτατος

1830 4138 1902 4149 -
1933 4123 1967 4161 a
1986 4108 2121 4162 Jove
2163 4119 2416 4164 remotus
2454 4117 2513 4162 et
2544 4107 2757 4161 Venere
2782 4106 2905 4162 fere
2942 4123 3071 4164 cum
3110 4107 3401 4168 omnibus·

1826 4191 2093 4264 cohaeret,
2121 4213 2251 4270 quae
2266 4193 2385 4270 jam
2412 4191 2745 4251 habuimus.

1912 4284 2009 4350 10,
2045 4282 2117 4352 76
2160 4301 2247 4358 sq.
2294 4279 2472 4338 Aliud
2512 4283 2697 4357 σχῆμα
2734 4279 2809 4337 de
2851 4279 3035 4339 Marte
3078 4283 3251 4362 κακῷ,
3281 4285 3383 4343 sed

1823 4368 2024 4446 paullo
2052 4368 2347 4427 diversum
2364 4412 2381 4438 ‚
2408 4368 2630 4446 quippe
2660 4387 2785 4423 cum
2814 4367 3052 4428 Venere.
3078 4403 3157 4414 -
3182 4371 3277 4443 76.
3306 4371 3381 4430 ὅτ’

1825 4453 1889 4514 ἂν
1912 4455 2041 4528 ΕΗ,
2068 4455 2196 4525 ἐπὴν
2216 4456 2306 4515 ed.
2334 4455 2445 4514 Sed
2473 4467 2669 4533 aperte
2693 4454 2806 4514 hoc
2832 4456 3062 4514 schema
3080 4477 3209 4515 cum
3230 4473 3383 4517 ante-

1826 4541 2163 4601 cedentibus
2198 4556 2431 4622 pugnat.
2476 4543 2627 4602 Hinc
2665 4541 2789 4600 8ταν
2829 4543 2873 4599 δ’
2903 4543 3113 4622 scripsi
3161 4557 3217 4602 et
3252 4559 3383 4623 post

1825 4652 1880 4690 v.
1909 4651 1980 4705 77
2006 4632 2223 4689 lacunae
2247 4632 2414 4706 signa
2434 4630 2628 4708 posui.

1910 4724 2006 4791 11,
2033 4719 2235 4791 78·80.
2264 4717 2453 4776 Locus
2474 4717 2797 4776 communis
2815 4716 2888 4775 de
2901 4722 3065 4774 malis
3081 4718 3283 4778 stellis.
3302 4755 3381 4766 —-

1829 4809 1902 4882 78
1922 4805 2230 4886 πανείμερος
2252 4805 2391 4878 ΕΗ,
2422 4831 2449 4857 ι
2476 4825 2767 4885 superscr.
2794 4804 3093 4886 πανήμερος
3120 4833 3142 4858 »
3173 4828 3376 4883 onom,

1824 4896 1981 4974 quod
2008 4895 2200 4973 recepi
2228 4912 2244 4954 ε
2274 4895 2346 4953 cf.
2374 4895 2515 4967 1083
2543 4892 2824 4972 πανίμερος
2842 4893 2935 4952 ed.

1907 4988 2000 5054 12,
2025 4983 2090 5040 81
2105 5027 2121 5043 .
2142 4982 2378 5055 Versus,
2410 4999 2527 5059 quo
2549 4979 2767 5041 alicubi
2788 4985 3065 5040 malarum
3085 4983 3377 5043 stellarum

1821 5071 2084 5130 doctrina
2103 5069 2474 5130 inferebatur.

1904 5162 2003 5230 13,
2032 5161 2103 5217 82
2126 5179 2213 5236 sq.
2239 5159 2287 5216 R
2306 5160 2495 5217 locum
2514 5177 2755 5238 prorsus
2774 5177 2894 5217 non
2914 5157 3245 5234 intelligens
3272 5183 3297 5210 α
3322 5161 3377 5218 ἐν
