3767 5825
379 394 515 439 xnl

382 510 581 577 32-48.
604 510 766 565 Mars
799 505 980 575 44-52
1003 505 1137 564 coll.
1169 502 1278 573 Ill,
1311 512 1513 580 49-71.
1553 506 1740 561 Venus
1764 504 1945 561 53-68

379 598 514 655 coll.
535 596 642 667 lll,
665 596 867 672 72·89·
885 598 1194 651 Mercurius
1212 594 1403 669 69-76
1420 591 1683 664 colhlll,
1706 592 1945 668 90-105.

1786 372 2213 433 PRAEFATIO.

2112 502 2207 563 53.
2228 500 2451 561 δύνουσι,
2470 501 2631 575 edd.,
2675 501 2833 580 quod
2874 503 2927 560 n
2954 502 3070 560 656
3093 504 3291 579 synesi
3312 506 3599 583 explican-
3709 474 3710 495 ³

2045 590 2184 649 dum
2234 604 2457 662 censet,
2500 590 2813 648 admodum
2852 590 3029 661 dure,
3056 603 3115 649 et
3138 590 3362 659 ζωιδίοις
3408 598 3607 673 putide

378 685 509 744 Jam
537 685 746 743 ordine
769 684 1011 743 inverso
1033 683 1200 760 prius
1222 686 1386 738 Luna
1418 702 1630 757 77·92,
1659 702 1829 759 quarn
1846 682 1948 739 ille
2043 678 2287 756 adjecto.
2342 679 2591 759 Scripsit
2641 676 2851 737 δύνουσι
2891 698 2909 739 :
2960 678 3035 739 cf.
3106 678 3221 736 538
3268 681 3459 763 ζωιδίῳ
3516 684 3605 741 δύ-
3709 656 3710 731 f

378 773 498 845 Ill,
537 774 821 844 iao-130,
869 782 992 828 tum
1039 772 1145 827 Sol
1188 770 1449 845 93·1o6,
1493 789 1663 845 quem
1707 770 1810 827 ille
1837 768 1945 839 111,
2037 791 2195 830 νοντι.

385 863 554 920 106-1
570 882 641 937 19
694 858 995 929 tractavit,
1057 858 1397 916 afferuntur.
1464 856 1949 935 Comparantibus

377 950 608 1025 singula
626 968 743 1007 non
765 947 952 1007 solum
974 947 1129 1025 apud
1149 945 1445 1017 Nostrum,
1473 966 1604 1024 quae
1623 946 1725 1004 ille
1751 945 1948 1005 brevi·

377 1050 464 1095 ter
491 1036 675 1111 dixit,
718 1034 920 1093 multis
962 1046 1168 1091 ornata
1212 1034 1579 1105 invenimus,
1630 1033 1732 1091 sed
1775 1034 1948 1091 etiam

377 1125 640 1204 quaedam
678 1123 912 1181 dilatata
951 1135 1048 1181 aut
1077 1121 1221 1179 adeo
1251 1121 1420 1179 aliter
1460 1120 1736 1194 formata,
1774 1142 1946 1199 quam

378 1233 499 1271 rem
515 1232 686 1272 nemo
711 1210 1043 1269 mirabitur.
1072 1210 1203 1283 Sed,
1229 1209 1387 1287 quod
1413 1210 1651 1285 gravius
1673 1223 1782 1281 est,
1811 1210 1948 1267 dum

377 1303 674 1377 antiquior
706 1299 928 1377 ubique
957 1298 1170 1357 diserte
1212 1310 1470 1374 quattuor
1505 1298 1638 1355 illas
1670 1302 1951 1357 stationes

377 1386 1806 1465 enumeravit,Nosterautnegligenteretimperite
1817 1406 1949 1465 par·

380 1493 492 1538 tem
511 1492 734 1538 tantum
756 1489 1089 1536 centrorum
1105 1519 1121 1549 ,
1142 1494 1385 1552 eamque
1399 1495 1518 1533 non
1533 1475 1772 1534 eandem
1797 1476 1950 1554 apud

378 1582 585 1627 omnes·
612 1563 1126 1638 commemoravit,
1153 1576 1253 1622 aut
1283 1564 1378 1622 hic
1406 1583 1642 1642 quoque
1662 1564 1951 1641 insignem

381 1656 662 1735 temporis
689 1654 781 1714 vel
802 1654 1166 1731 excerptoris
1191 1650 1414 1729 injuria
1435 1651 1720 1729 jacturam
1749 1672 1953 1732 passus

378 1756 483 1805 est.
517 1742 660 1802 Nam
689 1745 962 1800 Saturnus
997 1753 1222 1799 tantum
1247 1740 1531 1817 ὣρονομῶν
1556 1741 1619 1798 in
1645 1762 1750 1797 sua
1777 1740 1953 1799 domo

379 1864 458 1877 ·—
482 1833 550 1888 16
572 1862 670 1904 ——,
699 1832 981 1910 ὡρονομῶν
1023 1840 1081 1886 et
1140 1816 1504 1907 μεσουρανέων
1551 1828 1615 1886 in
1655 1832 1850 1886 allena
1877 1862 1953 1873 —

382 1940 458 1997 29
481 1939 571 1997 sq.
597 1941 710 1991 -·,
733 1922 955 1993 Jupiter
972 1918 1252 1993 ὥρονομῶν
1279 1948 1358 1961 --
1380 1914 1453 1973 35
1471 1949 1570 1987 —-,
1590 1913 1954 1995 μεσουρανέων

381 2041 456 2053 -
480 2010 551 2082 37
575 2040 653 2053 --
680 2020 738 2065 et
765 2004 1000 2083 quidem
1050 2004 1115 2063 in
1136 2022 1241 2062 sua
1281 2004 1489 2078 domo;
1521 2008 1688 2063 Mars
1733 2017 1955 2064 tantum

381 2094 741 2177 μεσουρανέων
778 2128 858 2175 --
894 2093 967 2162 45
1008 2113 1124 2166 —;
1179 2096 1364 2149 Venus
1399 2106 1602 2151 contra
1629 2090 1852 2153 δύνουσα
1875 2127 1955 2137 —-

385 2186 458 2241 53
489 2218 569 2228 —
587 2228 605 2261 ,
633 2185 976 2261 ὣρονομοῦσα
1004 2214 1084 2225 -
1125 2180 1202 2260 59
1241 2215 1320 2226 -
1347 2194 1405 2239 et
1432 2178 1855 2262 μεσουρανέουσα
1878 2213 1955 2225 -

382 2272 457 2329 65
476 2295 589 2346 —3
617 2275 926 2329 Mercurius
944 2265 1108 2327 δύνων
1137 2302 1213 2314 —-
1240 2271 1316 2346 69
1342 2304 1443 2345 —,
1465 2272 1743 2350 ὣρονομῶν
1770 2302 1851 2317 —
1881 2290 1955 2343 70

381 2394 482 2439 —,
497 2374 555 2419 et
571 2356 932 2439 μεσουρανὲων
947 2390 1028 2403 -
1048 2379 1121 2433 70
1135 2377 1224 2435 sq.
1245 2381 1337 2431 -3
1357 2362 1518 2415 Luna
1545 2360 1673 2418 sola
1687 2358 1749 2417 in
1769 2362 1956 2417 omni-

382 2450 492 2508 bus
532 2461 808 2528 quattuor
854 2446 1252 2527 positionibus
1279 2449 1718 2527 ὡρονομοῧσα--
1746 2469 1817 2521 77
1851 2482 1953 2522 —-,

381 2536 619 2616 ὑπόγειος
639 2570 716 2582 -
738 2536 812 2594 82
838 2568 939 2611 —,
963 2533 1388 2615 μεσουρανὲουσα
1408 2571 1484 2581 -—
1509 2537 1583 2604 84
1604 2570 1706 2607 -,
1730 2536 1955 2596 δύνουσα

382 2659 462 2671 —-
494 2625 568 2699 87
594 2648 706 2697 —;
748 2626 854 2681 Sol
894 2622 1148 2702 denique
1176 2622 1541 2703 μεσουρανέων
1581 2658 1662 2669 -—-·
1685 2634 1758 2700 94
1795 2661 1874 2670 -
1902 2639 1960 2685 et

380 2716 662 2795 ὡρονομῶν
690 2746 769 2758 -
793 2711 868 2789 95
904 2746 984 2756 --
1007 2711 1330 2773 inducitur.
1355 2710 1510 2784 Jam,
1537 2714 1586 2771 si
1614 2715 1952 2793 quaerimus,

384 2816 578 2861 utrum
625 2820 732 2859 sua
779 2794 855 2857 an
891 2799 1082 2859 aliena
1131 2799 1304 2878 culpa
1348 2813 1580 2879 poetam
1626 2806 1956 2862 truncatum

384 2890 667 2950 doctrinae
705 2900 872 2968 parte
901 2888 1160 2947 inveniri
1187 2901 1496 2965 putemus,
1529 2887 1800 2966 equidem
1833 2910 1955 2950 non

382 2979 588 3038 dubito
611 2977 926 3057 posteriori
951 2976 1253 3035 sententiae
1269 2975 1540 3034 accedere
1555 3018 1572 3047 ,
1597 2989 1654 3034 et
1680 2993 1956 3057 propter-

379 3085 472 3139 ea,
506 3065 668 3144 quod
697 3084 984 3143 nusquam
1009 3064 1303 3142 ejusmodi
1323 3065 1582 3123 materiae
1599 3067 1954 3145 imperitiam

380 3153 662 3232 ostendit,
705 3171 778 3211 ex
807 3172 924 3230 qua
945 3172 1077 3210 eum
1119 3153 1264 3210 tanti
1309 3153 1574 3211 criminis
1616 3153 1957 3215 insimulare

380 3243 707 3322 possimus,
739 3253 796 3298 et
836 3241 996 3318 quod
1036 3242 1278 3299 omnino
1314 3240 1380 3298 in
1403 3260 1581 3320 opere
1618 3241 1860 3319 disjecto
1898 3257 1956 3302 et

380 3328 646 3388 mutilato
673 3347 994 3399 versamur,
1041 3338 1100 3385 et
1126 3327 1287 3405 quod
1318 3347 1458 3386 sane
1485 3329 1548 3386 in
1573 3330 1676 3401 iis,
1708 3351 1838 3407 quae
1862 3351 1953 3391 se·

378 3431 662 3497 quuntur,
693 3417 811 3474 loci
860 3416 1128 3493 quidam,
1149 3428 1217 3474 ut
1236 3415 1570 3476 videbimus
1591 3462 1607 3490 ‚
1639 3420 1954 3480 inveniun-

380 3518 496 3576 tur,
529 3501 766 3582 quibus‚
795 3521 926 3580 quae
948 3499 1047 3560 hic
1085 3501 1512 3579 desiderantur,
1539 3505 1754 3582 partim
1799 3521 1959 3568 certe

379 3595 613 3672 explere
636 3591 846 3671 possis.
870 3589 1086 3648 Verum
1111 3610 1294 3669 quum
1319 3592 1608 3650 incertum
1631 3607 1802 3667 esset,
1824 3613 1958 3675 post

380 3701 529 3760 quos
581 3687 786 3740 versus
838 3678 1096 3738 defectus
1147 3679 1370 3738 indicia
1423 3682 1820 3758 appingerem‚
1881 3687 1957 3746 iis

380 3769 477 3829 hic
531 3768 768 3849 quidem
813 3787 1057 3848 prorsus
1120 3767 1401 3830 abstinui.
1448 3767 1562 3826 Sed
1613 3770 1686 3828 ad
1727 3773 1957 3850 singula

379 3873 630 3920 transe0.
1267 3915 1274 3922 .

462 3969 556 4008 αι.
586 3944 820 4017 ζωιδίοις
844 3967 904 4005 τι
925 3945 1056 4017 GH,
1085 3944 1248 4014 ζώδια
1276 3947 1323 4004 δ’
1345 3937 1418 4013 οἷς
1440 3969 1500 4004 τε
1525 3947 1644 4020 ed.‚
1669 3950 1798 4024 colo
1825 3964 1959 4028 post

381 4037 602 4115 Κρόνοιο
628 4037 856 4115 posito;
895 4034 944 4093 R
967 4037 1140 4093 etiam
1165 4033 1334 4106 ζώοις,
1367 4027 1442 4103 οἷς
1466 4059 1524 4093 τε
1553 4038 1821 4115 conjecit.
1845 4038 1957 4097 Sed

382 4139 506 4184 tum
529 4124 627 4184 bis
645 4123 1057 4182 enumerandis
1077 4124 1259 4200 signis
1278 4124 1552 4202 praefatus
1574 4140 1724 4184 esset
1738 4169 1754 4199 ,
1783 4140 1839 4184 et
1861 4127 1959 4186 hic

381 4227 558 4294 poeta
577 4210 1060 4291 semper-(mmm,
1085 4232 1382 4290 nunquam
1407 4212 1588 4280 ζώδιον
1615 4214 1784 4276 dixit.
1807 4215 1957 4274 Hinc

381 4302 566 4378 ζωίδΰ,
589 4293 730 4360 οἷστε
757 4301 922 4359 nulla
943 4300 1116 4358 litera
1139 4313 1357 4358 mutata
1377 4303 1607 4381 scripsi.

464 4392 560 4452 38.
585 4387 648 4461 ἠὲ
671 4390 825 4461 edd.,
849 4387 947 4461 ἠδὲ
966 4409 1073 4448 nos
1102 4411 1116 4446 ι
1143 4390 1408 4468 ineptum
1436 4393 1591 4450 enim
1611 4391 1711 4450 hic
1731 4407 1819 4452 est
1845 4395 1961 4452 dis·

373 4479 709 4556 junctivum
734 4475 1078 4536 membrum.

463 4565 558 4634 43.
579 4562 866 4632 πολύκλεος
893 4563 1095 4623 οἴσεται
1119 4562 1290 4631 οἴκους
1312 4564 1389 4637 G,
1417 4565 1550 4624 πολὺ
1575 4565 1722 4632 κλέος
1751 4565 1953 4627 οἴσεται

379 4651 537 4720 οἴκοις
589 4647 660 4725 Η,
704 4651 998 4719 πολυκλέας
1043 4650 1113 4710 οἴ.
1147 4651 1317 4719 οἴκους
1355 4654 1406 4710 1)
1445 4654 1562 4710 656
1590 4667 1647 4712 et
1678 4654 1954 4719 Letronn.

381 4742 566 4820 conj„
611 4740 747 4801 πολὺ
795 4741 942 4809 κλέος
991 4739 1148 4799 οἴσετ’
1185 4743 1236 4806 ἐς
1270 4741 1440 4808 οἴκους
1463 4743 1584 4815 ed.‚
1633 4743 1768 4802 πολὺ
1808 4743 1957 4813 κλέος

381 4829 590 4889 ἔσσεται
614 4829 759 4888 οἴκου
783 4851 892 4889 nos
920 4851 935 4887 ε
967 4829 1091 4888 vid.
1117 4829 1189 4888 ad
1212 4829 1414 4900 Quint.
1450 4830 1501 4903 Ι,
1537 4834 1672 4909 329.

463 4929 560 4988 44.
609 4917 965 4997 περιλαμπέος
1015 4917 1062 4974 H
1104 4917 1236 4976 edd.
1253 4961 1272 4991 ,
1318 4919 1685 4998 πυριλοιμπέος
1727 4941 1833 4981 nos
1883 4941 1959 4979 ex

379 5008 609 5069 emend.
643 5009 696 5066 D
725 5009 862 5082 671.

463 5108 560 5174 49.
578 5095 764 5180 κόσμῳ
777 5098 912 5156 edd.
925 5140 942 5169 ,
973 5095 1162 5173 πότμῳ
1184 5116 1287 5155 nos
1303 5116 1378 5156 ex
1396 5098 1629 5159 emend.
1650 5103 1955 5160 Len-onnii.

463 5187 558 5248 52.
580 5190 804 5267 νοσερῶς
828 5185 984 5257 edd.,
1015 5184 1226 5265 νοσερὸν
1254 5205 1379 5244 nos.
1661 5192 1686 5208 ⁵

2122 856 2219 918 56.
2240 856 2597 934 παναθέσμιος
2617 854 2755 936 ἀνήρ
2782 856 2938 929 edd.;
2965 876 3083 915 non
3112 857 3283 935 potui
3302 855 3451 916 illud
3470 882 3605 919 eon·
3709 836 3710 897 ἦ

2040 965 2308 1023 coquere,
2352 966 2532 1023 quum
2573 943 2716 1003 alibi
2746 945 2983 1021 gravius
3016 948 3310 1023 μοιχοσῦνη
3353 962 3599 1011 notetur.
3709 1016 3710 1021 η

2041 1033 2192 1092 Ηίηο
2214 1033 2424 1111 scripsi
2448 1031 2783 1110 πανάθεσμος
2805 1032 2999 1111 ἀστήρ,
3027 1054 3185 1091 novo
3202 1034 3497 1095 vocabulo
3515 1040 3607 1097 sed

2039 1122 2228 1201 probe
2269 1124 2531 1182 sormam.
2554 1120 2809 1198 Ἄθεσμος
2850 1120 3060 1181 Noster
3090 1143 3226 1199 119,
3254 1125 3369 1193 304
3398 1125 3605 1185 habet:
3709 1184 3710 1187 ,

2042 1210 2291 1287 ἀθέσμιος
2319 1224 2375 1268 et
2399 1207 2757 1287 παναθέσμιος
2780 1209 2923 1269 alibi
2951 1230 3070 1268 non
3098 1211 3502 1274 inveniuntur.
3709 1280 3710 1289 χ

2122 1298 2213 1359 60.
2244 1298 2381 1356 κατὰ
2406 1296 2631 1378 μόχθους
2647 1297 2861 1371 Hedd.,
2874 1297 2965 1356 καὶ
2982 1297 3250 1378 ἂμόχθους
3270 1288 3388 1359 'nos
3404 1322 3441 1360 e
3462 1304 3609 1383 conj.

2042 1389 2110 1446 A.
2142 1385 2233 1444 Cf.
2270 1407 2360 1463 19.

2123 1475 2218 1535 65.
2263 1472 2328 1545 ἢν
2370 1473 2467 1552 μὲν
2501 1472 2601 1555 γὰρ
2646 1473 2805 1547 edd.,
2857 1475 3014 1552 quod
3054 1474 3197 1534 ferri
3240 1468 3409 1535 n'ullo
3450 1494 3613 1557 pacto

2042 1576 2247 1641 potest.
2265 1564 2438 1622 Varia
2465 1563 2786 1639 excogitari
2808 1576 3087 1641 possunt:
3117 1565 3613 1643 simplicissimum

2042 1652 2353 1711 videbatur
2378 1649 2442 1723 ἢν
2474 1652 2519 1710 δ’
2544 1650 2730 1731 ἐρατή,
2764 1652 2923 1728 quod
2942 1652 3148 1710 eodem
3168 1654 3350 1713 modo
3376 1658 3535 1716 nude
3552 1658 3617 1717 dc

2044 1740 2261 1800 Venere
2297 1741 2545 1813 dicatur,
2589 1753 2655 1799 ut
2697 1738 2909 1798 συνετόν
2950 1740 3023 1797 de
3068 1740 3389 1803 Mercurio.
3420 1778 3508 1789 —
3528 1771 3614 1823 με·

2045 1828 2227 1887 σόεντα
2250 1828 2359 1888 GH
2372 1874 2390 1902 ,
2412 1832 2705 1907 μεσσοῦντα
2722 1830 2844 1902 ed.‚
2868 1827 3141 1903 μεσόωντα
3160 1850 3271 1889 nos
3291 1850 3369 1889 ex
3386 1836 3609 1891 emend.

2044 1916 2319 1976 Lobeckii
2343 1919 2407 1976 in
2425 1916 2740 1996 Ῥηματικῷ
2755 1937 2814 1995 p.
2844 1918 2979 1988 182,
2996 1930 3055 1975 et
3067 1921 3615 1981 commendaverant

2039 2004 2159 2081 jam
2191 2006 2308 2083 ipsi
2334 2004 2433 2064 AR
2460 2005 2523 2064 in
2545 2004 2709 2082 praef.
2738 2023 2800 2082 p.
2830 2024 2973 2065 xm.

2127 2095 2222 2153 68.
2276 2092 2419 2166 τοίης
2464 2096 2622 2170 τιμῆς
2667 2082 2933 2173 μυστήρια
2974 2092 3180 2173 ηὔχετ’
3222 2094 3428 2155 ἄπιστα
3464 2099 3617 2177 edd.,

2046 2182 2241 2260 inepte
2269 2182 2525 2241 clausula
2554 2202 2617 2242 v.
2665 2183 2739 2251 64
2779 2182 3057 2261 repetita,
3110 2204 3241 2261 quae
3280 2186 3411 2244 sine
3440 2186 3617 2245 dubio

2046 2274 2277 2331 invecta
2297 2284 2404 2344 est,
2426 2284 2736 2350 postquam
2778 2273 3035 2346 genuina
3062 2274 3381 2351 perierant.
3404 2273 3615 2333 Eorum

2050 2362 2289 2420 fortasse
2305 2361 2431 2419 leve
2449 2360 2760 2435 vestigium
2783 2372 2959 2417 restat
2985 2361 3050 2418 in
3069 2362 3361 2439 scriptura
3383 2383 3445 2419 v.
3470 2384 3619 2441 prae-

2048 2449 2327 2533 cedentis,
2352 2449 2425 2507 de
2439 2467 2557 2526 qua
2578 2448 2659 2505 ita
2677 2446 2731 2504 G
2750 2447 2930 2507 scribi
2938 2461 3039 2506 t—
3051 2448 3238 2508 edidit
3247 2443 3443 2509 autem
3460 2453 3618 2509 ἀπλέ-

2045 2561 2136 2597 του
2152 2536 2457 2618 κοσμήτορα
2480 2536 2781 2613 κόμπον-
2803 2556 2819 2595 :
2851 2562 2876 2587 «
2902 2537 2999 2597 Sic
3022 2537 3201 2609 edidi,
3218 2558 3401 2615 quum
3424 2541 3493 2597 in
3512 2540 3619 2599 MS.
3709 2597 3710 2611 ¹

2054 2654 2079 2679 κ
2112 2639 2262 2685 esset
2290 2624 2527 2684 ἀπλάτου
2548 2622 2943 2704 διακοσμήτορα
2965 2623 3199 2703 κόμπον,
3222 2628 3397 2703 eique
3420 2648 3621 2706 super·

2056 2742 2080 2769 α
2114 2718 2400 2794 scriptum
2432 2712 2695 2778 ἀπλέτους
2736 2712 3149 2791 διεκοσμήτορα,
3182 2728 3240 2772 at
3264 2715 3331 2773 in
3358 2719 3621 2792 margine

2056 2830 2080 2857 κ
2112 2827 2200 2885 γρ.
2220 2802 2512 2881 θεομήτορα
2531 2799 2753 2879 κόσμον,
2776 2800 2933 2877 quod
2956 2801 3227 2878 superius
3248 2805 3539 2879 occurrit,
3564 2818 3622 2861 ut

2056 2920 2080 2947 κ
2114 2905 2305 2972 pateat
2334 2892 2526 2950 locum
2555 2890 2658 2950 diu
2689 2890 2868 2949 fuisse
2908 2888 3265 2966 ambiguum.
3300 2919 3329 2944 ι
3365 2890 3529 2950 Hinc
3556 2892 3619 2950 ad

2033 2985 2205 3059 ,τιμῆς
2248 2981 2447 3039 addidi
2500 2976 2595 3054 δέ,
2644 2995 2823 3036 versu
2867 2979 3089 3037 lacunae
3134 2979 3321 3054 signis
3360 2981 3617 3060 expleto.

2046 3070 2257 3142 Qualia
2277 3069 2396 3128 fere
2409 3067 2757 3138 exciderint,
2773 3086 2846 3124 ex
2860 3064 2971 3138 111,
2995 3088 3065 3141 77
3084 3069 3191 3132 τοῖς
3206 3067 3251 3123 δ’
3272 3056 3387 3124 αὖτ’
3410 3069 3618 3148 ἀλόχων

2046 3159 2219 3238 γάμον
2237 3159 2432 3218 ἐσθλῶν
2457 3155 2705 3216 Ὦπασεν
2732 3168 2991 3234 apparet.
3018 3155 3151 3212 Haec
3169 3174 3313 3214 vero
3328 3159 3621 3233 quomodo

2049 3246 2253 3306 Noster
2282 3245 2653 3325 expresserit,
2685 3243 2952 3321 exputari
2984 3263 3103 3300 non
3132 3257 3341 3322 potest.

2130 3337 2227 3413 69.
2276 3334 2417 3393 Post
2450 3334 2609 3391 hunc
2649 3350 2881 3388 versum
2925 3350 3105 3389 unum
3133 3331 3429 3390 excidisse
3460 3333 3621 3390 facile

2048 3436 2204 3502 patet
2224 3423 2515 3502 reputanti
2539 3418 2627 3478 ἐπὶ
2650 3418 2745 3492 τὴν
2774 3417 2921 3476 δύσιν
2946 3439 3065 3477 non
3088 3438 3261 3498 posse
3285 3418 3469 3496 jungi
3496 3441 3619 3479 cum

2047 3511 2367 3592 ὣροσκόπον.
2448 3520 2458 3531 ‘

2134 3623 2225 3674 71.
2247 3599 2306 3660 ἔκ
2330 3623 2387 3658 τε
2408 3599 2531 3670 GH,
2578 3597 2734 3674 quod
2756 3597 3009 3668 restitui3
3038 3595 3097 3654 ἔκ
3121 3619 3185 3673 γε
3204 3598 3299 3657 ed.

2133 3712 2226 3763 72.
2274 3691 2336 3746 ἐκ
2362 3686 2523 3758 edd.,
2550 3685 2641 3743 καὶ
2686 3704 2815 3756 n0s3
2847 3684 2922 3742 cf.
2962 3682 3082 3755 ΙΙΙ,
3114 3703 3191 3759 97
3222 3681 3412 3765 σοφίης
3448 3684 3613 3764 βίοτον

2050 3776 2314 3855 καλάμοιό
2334 3801 2391 3834 τε
2420 3776 2691 3854 γραπτῶν.

2133 3868 2225 3940 76.
2250 3863 2555 3924 τι.ιιάἀίἀί.
2588 3896 2667 3906 —-
2696 3860 2986 3940 ἀχρήεντας
3034 3859 3234 3919 ἰδέσθαι
3269 3859 3441 3934 edd.,
3474 3863 3617 3940 quod

2049 3956 2343 4032 quomodo
2382 3949 2796 4028 explicandum
2834 3950 2939 4022 sit,
2966 3948 3183 4006 haereo.
3214 3946 3363 4006 Nam
3414 3968 3615 4026 neque,

2048 4042 2207 4119 quod
2236 4041 2413 4116 vulgo
2441 4039 2757 4114 significat,
2796 4040 3046 4107 inutiles,
3094 4055 3285 4113 neque
3324 4037 3617 4112 quomodo

2046 4129 2505 4188 Schneiderusin
2520 4125 2662 4185 Lex.
2677 4140 2726 4185 s.
2744 4145 2803 4182 v.
2822 4125 3097 4201 explicat,
3110 4123 3337 4182 ntidem
3348 4126 3439 4182 sit
3454 4141 3617 4203 atque

2048 4218 2385 4298 ἀχρήματος,
2430 4236 2561 4274 cum
2607 4226 2881 4291 sequente
2926 4211 3107 4271 verbo
3154 4211 3306 4270 bene
3341 4214 3609 4288 quadrat.

2047 4305 2171 4365 Nisi
2192 4309 2321 4384 quis
2336 4307 2397 4364 in
2415 4305 2529 4362 alia
2553 4303 2749 4362 omnia
2768 4299 2970 4359 abiens
2990 4311 3322 4358 consuetam
3336 4298 3612 4378 loquendi

2050 4397 2331 4454 rationem
2366 4391 2541 4469 φαίνει
2559 4413 2617 4448 τε
2646 4389 2736 4447 καὶ
2756 4387 3048 4468 ἀχρήεντας
3067 4387 3278 4446 ἔσεσθαι
3306 4387 3615 4446 scribendo

2048 4483 2145 4542 hic
2194 4500 2428 4561 quoque
2480 4479 2777 4548 intulerit,
2833 4489 2990 4555 patet
3042 4475 3403 4552 adjectivum
3450 4477 3617 4534 latere

2048 4585 2288 4630 externo
2320 4569 2574 4628 hominis
2620 4565 2849 4624 habitui
2879 4562 3267 4622 describendo
3300 4577 3525 4642 aptum.
3558 4565 3613 4621 ld

2048 4679 2190 4717 vero
2220 4658 2518 4739 ἀγριόιντας
2548 4675 2673 4714 esse
2702 4652 3034 4712 videbatur.

2134 4746 2229 4819 78.
2264 4743 2401 4802 κατὰ
2444 4747 2540 4820 γῆς
2572 4741 2728 4817 edd.,
2769 4741 2927 4818 quod
2960 4759 3135 4799 sensu
3174 4758 3429 4818 prorsus
3458 4754 3614 4799 caret.

2048 4834 2119 4892 Et
2141 4854 2212 4892 ne
2236 4835 2369 4910 quis
2394 4831 2493 4890 hic
2508 4831 2579 4890 de
2609 4830 2837 4911 ὑπογείῳ
2857 4828 3057 4910 κέντρῳ
3086 4847 3427 4887 sermonem
3456 4831 3613 4888 fuisse

2048 4935 2231 5002 putet,
2279 4921 2340 4979 id
2367 4921 2520 4979 infra
2570 4921 2642 4976 82
2680 4931 3054 4976 memoratur.
3088 4915 3317 4994 Scripsi
3360 4917 3559 4998 κρατέῃ
3598 4939 3611 4972 :

2049 5011 2120 5071 cf.
2160 5009 2278 5081 ΠΙ,
2334 5012 2449 5086 269
2490 5009 2723 5087 κέντροιο
2763 5009 2952 5086 κρατῇ.
2992 5005 3064 5078 V,
3101 5006 3218 5062 262
3268 5005 3541 5086 ὥρονόμου
3566 5028 3611 5060 u

2048 5122 2081 5157 κ
2117 5120 2295 5178 ατῃσι.

2085 5122 2113 5179 ρ
2132 5188 2227 5246 8ι.
2260 5183 2574 5257 σεληνιάζων
2618 5206 2675 5242 τε
2716 5183 2913 5243 νόσοισι
2955 5181 3087 5242 edd.
3097 5224 3118 5255 ,
3158 5181 3473 5254 σιληνᾶζῶν
3508 5201 3603 5241 en.
