3767 5825
98 366 403 446 ‹sss—m.)

107 521 199 558 1515
214 497 417 557 καὶτοῦ
451 500 703 577 συριγμοῦ
730 504 845 562 ταῖς
869 493 1033 571 ἴυγξιν
1063 492 1251 551 αὐτίκα

215 589 523 668 παρακαλεῖ
544 583 672 666 πρὸς
693 584 888 665 λέκτρα
916 582 1011 654 τὴν
1041 581 1322 660 ἐρωμένην.

218 673 329 736 Καὶ
350 679 447 734 τοῦ
466 673 591 757 παρ’
617 676 810 753 ἀμφοῖν
834 669 1249 736 συντελεσθέντος
1270 666 1471 747 γάμου,

96 772 111 836 ,f
117 770 175 844 10)
216 769 245 822 ὁ
269 759 369 842 μὲν
396 761 485 820 τὸν
512 761 591 820 ἱὸν
619 754 762 827 αὖθις
790 759 1114 836 ἀνιμήσατο,

102 839 109 852 “
216 851 310 911 καὶ
329 849 472 910 κατὰ
499 855 593 920 τῆς
617 853 712 925 γῆς
738 854 921 907 θᾶττον
950 845 1177 927 ἑρπύσας
1205 845 1319 918 ἔδυ,

110 947 250 1012 isso-71
280 941 339 998 δὲ
360 939 493 1006 πρὸς
520 936 678 1017 ὑγρὰς
704 936 997 1006 ἀπενήξατο
1024 935 1244 1016 τρίδους.

613 1232 801 1291 ΠΕΡΙ
848 1230 1134 1292 ΚΗἹῺΝ.

221 1371 490 1453 Πρηστὶς,
510 1370 651 1450 κριὸς
664 1415 679 1440 ,
700 1368 941 1445 ζύγαινα,
962 1367 1247 1446 πάρδαλις,
1271 1365 1420 1438 λέων,

219 1462 313 1519 καὶ
342 1459 605 1540 φύσαλος,
635 1457 856 1535 μέγιστα
885 1459 1059 1527 κητῶν
1084 1455 1282 1534 εὑρέθη.

224 1549 354 1610 Εἰσὶ
381 1546 437 1606 δὲ
452 1546 629 1626 νωθρὰ
652 1548 728 1625 τῷ
756 1544 917 1624 βαρὺν
941 1544 1093 1622 ὄγκον
1116 1542 1304 1624 φέρειν·

220 1637 313 1696 καὶ
344 1635 515 1712 φωτὸς
543 1633 799 1699 ἷθύνοντος
827 1629 1175 1712 ἐστερημένοι,

112 1749 205 1786 isus
220 1724 545 1803 ἡγουμένους
568 1721 773 1801 ἔχουσιν
804 1723 949 1800 ἰχθῦς
973 1724 1075 1778 τῶν
1104 1719 1312 1800 τρίὸῳν·

121 1819 178 1892 (s)
222 1815 257 1872 ἃ
286 1812 515 1872 κατόπιν
539 1810 793 1887 τέμνοντα
822 1809 909 1866 τὸν
942 1812 1059 1888 ῥοῦν
1088 1807 1175 1866 τὸν
1200 1807 1363 1884 μέγαν

222 1899 581 1978 (πατάσσεται
601 1898 703 1978 γὰρ
732 1906 837 1964 τοῖς
865 1905 1071 1976 πτεροῖς
1093 1899 1197 1954 τῶν
1224 1893 1489 1970 συννόμων

228 1997 263 2063 ἡ
294 1995 393 2048 τοῦ
419 1986 601 2070 πρόσω
626 1986 855 2062 κύματος
888 1985 1179 2061 ἀντιτυπία)

221 2079 501 2158 χαίνουσι,
523 2075 614 2133 καὶ
635 2074 894 2132 λάπτουσι
916 2072 1155 2152 καθάπερ
1178 2072 1350 2142 κύνες,

116 2189 212 2227 1530
223 2171 295 2234 ὡς
324 2165 391 2224 ἂν
420 2163 510 2222 τὸν
544 2162 703 2238 ἐσμὸν
725 2163 919 2241 ἐκροφῇ
946 2165 1051 2218 τῶν
1080 2159 1272 2238 ἰχθύων

222 2255 319 2312 καὶ
345 2252 448 2323 τὴν
475 2247 951 2329 παρεμπίπτουσαν
977 2248 1207 2328 ἀφθόνως
1234 2247 1381 2318 ὕλην.

103 2347 188 2420 W)
231 2340 457 2402 Τούτων
481 2337 535 2396 δὲ
564 2335 661 2395 κᾶν
686 2334 759 2408 ἓν,
784 2339 853 2402 ὡς
880 2335 1214 2415 Θεόφραστος
1240 2335 1406 2413 λέγει,

228 2431 511 2510 ἀναῤῥαγῇ
540 2425 669 2505 πρὸς
696 2423 821 2504 ὕψος
845 2427 905 2481 ἐκ
932 2430 1022 2480 τοῦ
1053 2423 1337 2500 πυθμένος,

224 2516 412 2576 παπαὶ
436 2513 642 2573 κλύδων
670 2511 951 2593 πόρρωθεν,
988 2515 1083 2570 οὐκ
1110 2511 1252 2578 ὄντος
1286 2511 1498 2593 γνόφου,

120 2627 213 2666 1535
228 2605 321 2664 καὶ
350 2603 543 2684 χέρσος
568 2599 700 2682 ὑγρὰ
715 2645 731 2674 ,
756 2599 846 2658 καὶ
876 2600 1173 2677 κινούμενος
1195 2599 1363 2681 λόφος.

756 2781 979 2788 -—--—-—--

224 2893 417 2954 ΠΕΡΙ
462 2889 863 2949 ΔΕΛΦΙΝΟΣ
908 2891 1063 2961 [ΚΑΙ
1122 2888 1526 2965 A1·:‹›M'0).:].

234 3034 415 3113 ’ἰχθὺς
438 3037 467 3090 ὃ
498 3032 697 3111 δελφὶς,
728 3031 841 3089 ἀλλ’
872 3029 933 3089 ἂν
958 3031 1058 3088 ἴδοι
1082 3030 1375 3099 ναυτίλους,

236 3131 433 3202 σκιρτᾷ
460 3119 589 3201 πρὸς
616 3118 827 3191 αὖτοὺς,
854 3122 1165 3199 ἀναφυσσῶν
1196 3116 1459 3194 ἁσμένως,

235 3210 330 3267 καὶ
356 3208 766 3288 συμπαραπλεῖ,
790 3206 879 3265 καὶ
901 3206 1204 3287 προπέμπει
1232 3206 1291 3263 τὸ
1320 3205 1531 3286 σκάφος.

240 3298 431 3378 Αὔραν
456 3294 513 3353 δὲ
534 3300 609 3376 τῷ
636 3298 754 3376 πλῷ
778 3295 1038 3364 σωστικὴν
1069 3293 1357 3372 προμηνύει

122 3406 224 3446 1⁵40
236 3387 333 3445 καὶ
372 3384 587 3465 μετρίου
616 3381 845 3461 κύματος
872 3384 1061 3441 ὑπτίαν
1088 3381 1267 3461 χύσιν,

135 3480 193 3554 (a)
233 3476 460 3548 ἥδιστον
490 3474 649 3555 ἀφρὸν
675 3472 902 3538 ἐκδιδοὺς
925 3475 1027 3531 τῶν
1052 3471 1325 3548 ἁλμάτων.

237 3564 437 3643 Ἐχων
468 3560 523 3620 δὲ
549 3562 643 3632 τὴν
674 3562 876 3632 κίνησιν
907 3562 978 3626 εἷς
1005 3558 1178 3617 πάντα
1206 3560 1411 3639 χρόνον,

237 3656 283 3709 εἰ
310 3652 401 3709 ’δεῖ
424 3674 478 3707 τι
508 3650 691 3729 μικρὸν
712 3648 803 3707 καὶ
828 3646 1095 3707 καθεύδειν
1120 3648 1212 3717 τὴν
1242 3646 1411 3728 φύσιν,

242 3739 401 3805 εὐθὺς
425 3736 613 3804 ἀναδὺς
642 3737 695 3805 ἐξ
722 3737 919 3808 ἀδήλου
944 3734 1227 3813 πυθμένος,

126 3850 227 3889 15⁴5
240 3837 424 3886 κεῖται
449 3825 566 3883 καθ’
587 3829 755 3904 ὑγρῶν
784 3823 1013 3890 ἐκταθεὶς
1034 3822 1119 3881 ἐπὶ
1142 3822 1331 3899 στόμα·

240 3917 337 3975 καὶ
360 3921 456 3973 τοῦ
481 3914 669 3995 βάρους
694 3912 889 3971 ἄνωθεν
920 3916 1179 3991 ὁρμῶντος
1200 3912 1374 3985 κάτω,

132 4010 217 4084 (12)
239 4002 522 4085 κρουσθεὶς
550 4006 638 4060 ὕπ’
664 4006 819 4061 αὐτοῦ
845 3999 1087 4067 καθάπαξ
1112 4006 1201 4058 τοῦ
1232 4000 1491 4077 δαπέδου,

244 4088 535 4171 ἀνατρέχει
556 4090 683 4171 πρὸς
706 4088 831 4170 ὕψος
859 4091 918 4148 ἐκ
949 4087 1135 4168 βάθους
1155 4088 1332 4149 πάλιν.

332 4180 490 4242 Λέων
521 4177 615 4257 μὲν
644 4170 731 4238 οὖν
749 4177 970 4250 πίθηκον
1000 4180 1045 4235 εἶ
1073 4180 1247 4256 γηρῶν
1271 4178 1454 4257 φάγοι,

134 4270 365 4350 1880πῴ
387 4273 481 4327 τοῦ
518 4270 757 4340 Γαληνοῦ
788 4265 1040 4336 δεξιοῦται
1068 4264 1165 4337 τὴν
1191 4264 1358 4343 φύσιν·

246 4358 345 4417 καὶ
373 4354 479 4435 γὰρ
506 4354 678 4436 ἀνηὸᾷ
707 4354 799 4413 καὶ
828 4363 1023 4436 σφριγᾷ
1050 4356 1126 4434 τῷ
1156 4350 1437 4432 φαρμάκῳ.

248 4444 455 4525 Δελφὶς
477 4441 533 4501 δὲ
556 4442 740 4520 καμὼν
773 4442 983 4523 ἐξορίζει
1007 4441 1101 4513 τὴν
1129 4440 1297 4515 νόσον,

136 4538 223 4612 (is)
250 4534 385 4593 ὅταν
410 4531 569 4613 φάγοι
593 4532 813 4603 πίθηκον
840 4534 988 4611 ἰχθῦν
1012 4530 1259 4612 ἀφθόνως.

340 4618 527 4686 Τοκὰς
554 4618 607 4677 δὲ
644 4620 781 4678 δυοῖν
814 4620 1075 4699 εὑρεθεῖσα
1109 4618 1381 4699 φιλτάτοιν

122 4734 221 4771 1553
250 4715 287 4781 ἡ
320 4706 502 4789 δελφὶς
528 4712 561 4778 ἡ
592 4708 802 4782 θήλεια,
824 4714 915 4767 τοῦ
942 4706 1120 4787 γένους
1145 4708 1301 4787 χάριν

254 4796 427 4864 ἔδειξε
456 4795 808 4877 φιλόστοργον,
834 4800 905 4863 ὣς
930 4794 1063 4877 χρὴ,
1083 4795 1178 4866 τὴν
1206 4796 1376 4877 φύσιν.

256 4882 459 4967 Προέρ·
486 4883 715 4966 εταιγὰρ
735 4886 787 4943 ἔν
816 4882 1077 4963 μεγίστοις
1098 4881 1373 4955 κινδύνοις,

256 4976 361 5043 ἕως
380 4907 507 5054 ἂνξ
534 4972 752 5053 δύναμις
780 4972 962 5042 αὖτοὺς
985 4973 1183 5053 ἐξάγειν
1198 4996 1210 5009 ·

128 5066 219 5143 (24)
248 5062 425 5147 παρὸν
454 5062 513 5121 δὲ
538 5066 681 5143 βιοῦν
709 5065 781 5131 εἷς
807 5061 971 5141 νομὰς
999 5057 1323 5139 ἀκινδύνους,

131 5174 233 5215 11100
254 5153 344 5227 ἥδ’
375 5152 526 5221 cheb<
552 5151 782 5235 ἀνῄρητο
809 5150 904 5213 σὺν
925 5154 1001 5234 τῷ
1027 5150 1225 5231 νηπίῳ,

806 363 1065 424 PHILAE
1106 361 1397 422 VERSUS
1436 361 1540 421 DE
1580 357 2030 421 ANIMALIUM
2071 359 2632 421 PROan'rA'rls.
3207 365 3272 422 u

1740 503 1789 548 et
1811 500 2060 550 sibilorum
2078 500 2308 550 illecebris
2330 501 2492 553 statim

1742 586 1945 637 advocat
1967 589 2027 637 ad
2051 591 2208 638 torum
2233 590 2453 638 amicam.

1742 681 1900 739 Atque
1917 678 2170 726 amborum
2197 679 2376 740 nuptiis
2396 677 2630 728 absolutis
2643 715 2658 740 ,

1743 764 1822 813 ille
1848 766 1985 814 virus
2008 779 2174 816 rursus
2189 766 2353 815 sorbet

1745 856 1795 901 et
1814 851 1908 902 sub
1929 858 2105 902 terram
2122 853 2254 902 ocius
2269 859 2462 915 reptans
2479 867 2530 904 se
2553 854 2717 903 condit
2729 891 2744 916 ,

1746 941 1827 991 illa
1848 943 2007 992 autem
2029 942 2076 991 in
2105 942 2325 992 humidas
2341 942 2501 991 nando
2519 944 2618 992 abit
2637 943 2850 994 semitas.

2189 1239 2261 1289 85
2308 1229 2442 1311 (71).
2486 1231 2590 1289 DE
2632 1229 2870 1290 CETIS.

1754 1376 1956 1436 Prestis,
1983 1377 2107 1427 aries
2120 1413 2134 1438 ,
2155 1391 2377 1439 zygaena,
2397 1376 2632 1440 pardalis,
2657 1376 2756 1439 leo,

1752 1469 1803 1513 et
1824 1465 2054 1526 pliysalus
2067 1501 2082 1527 ,
2111 1471 2330 1514 cetorum
2351 1466 2560 1514 maxima
2584 1464 2774 1514 inventa
2792 1470 2917 1513 sunt.

1754 1555 1873 1602 Sunt
1888 1554 2048 1602 autem
2071 1554 2241 1614 ignava
2253 1591 2268 1615 ‚
2287 1553 2419 1615 qnod
2437 1566 2632 1614 gravem
2653 1553 2829 1604 molem
2845 1566 3119 1616 comarum
3137 1553 3318 1611 10111111ς

1754 1645 1804 1690 01
1824 1641 2008 1690 lumine
2032 1647 2220 1703 regente
2239 1642 2422 1704 privata
2434 1678 2451 1703 ,

1757 1729 1935 1778 habent
1956 1729 2112 1792 pisces
2132 1729 2281 1779 duces
2304 1731 2547 1779 itinerum.

1758 1821 1875 1867 llaec
1901 1822 2028 1866 retro
2051 1818 2260 1866 secantia
2285 1831 2481 1878 magnos
2505 1818 2678 1866 ssuctus

1759 1907 1890 1968 (nam
1913 1906 2204 1955 consortium
2229 1906 2385 1968 pinnis
2399 1906 2681 1954 verberatur

1760 1995 1997 2044 undarum
2022 1997 2132 2043 ante
2155 1997 2260 2044 cele
2281 1995 2594 2056 repercussio)

1761 2084 1896 2132 hiant
1919 2087 1970 2134 01
1987 2083 2206 2133 lambunt
2225 2087 2278 2132 ut
2298 2097 2462 2143 cancS,

1761 2186 1860 2234 quo
1879 2187 2082 2222 examen
2103 2161 2327 2222 sorbeant
2347 2172 2546 2234 piscium

1763 2263 1812 2310 01
1834 2261 1984 2310 81111111
2001 2261 2288 2310 incidentem
2315 2260 2504 2322 copiose
2528 2259 2793 2308 materiam.

1766 2351 1946 2398 tiorum
1970 2349 2012 2397 si
2033 2349 2109 2396 vel
2134 2361 2258 2396 unus
2273 2385 2288 2407 ,
2307 2353 2360 2396 ut
2381 2347 2740 2409 Theophrastus
2767 2345 2913 2409 dicit,

1766 2443 1984 2498 erumpat
1999 2451 2192 2486 sursum
2209 2451 2234 2484 0
2249 2436 2434 2497 gurgite
2448 2472 2462 2495 ‚

1768 2526 1887 2574 vali!
1914 2527 2086 2574 fluctus
2109 2525 2343 2586 refugiens
2366 2524 2470 2572 sine
2489 2526 2638 2573 vento
2663 2521 2880 2583 turbine,

1768 2618 1816 2664 et
1837 2615 2088 2662 continens
2109 2611 2304 2661 humida
2321 2649 2336 2673 ,
2356 2617 2406 2661 et
2424 2610 2614 2660 mobilis
2633 2623 2790 2665 mons.

1889 2887 1961 2937 86
2007 2877 2141 2953 (72).
2185 2876 2285 2934 DE
2327 2874 2724 2934 DELPHINO
2767 2872 2888 2950 [ET
2928 2871 3227 2949 LEONEJ.

1773 3047 1923 3097 Piscis
1940 3050 2016 3097 est
2037 3046 2291 3109 delphinus
2306 3081 2321 3106 ,
2341 3044 2424 3093 sed
2444 3057 2594 3105 quum
2615 3042 2736 3090 vidit
2752 3042 2924 3089 nautas
2938 3076 2956 3101 ,

1772 3136 1976 3185 assultat
1997 3134 2055 3183 ad
2077 3148 2160 3183 eos
2175 3172 2188 3193 ,
2209 3146 2318 3181 cum
2340 3133 2552 3181 lubentia
2572 3143 2768 3194 aquam
2787 3128 3063 3192 exspirans,

1772 3226 1869 3273 eta
1892 3223 2038 3273 latere
2060 3222 2271 3282 vehitur,
2292 3226 2342 3269 et
2362 3219 2666 3283 prosequitur
2689 3230 2877 3267 navem.

1775 3318 1958 3362 Auram
1979 3314 2142 3359 autem
2165 3309 2455 3371 navigationi
2480 3308 2736 3357 salutarem
2762 3306 2983 3369 praesagit

1775 3405 1826 3450 et
1852 3400 2052 3449 modicas
2073 3400 2218 3448 undae
2239 3399 2470 3461 supinum
2493 3397 2774 3451 diffluxum,

1776 3488 2106 3538 dulcissimam
2130 3500 2352 3551 spumam
2375 3486 2508 3535 ciens
2532 3486 2634 3534 suis
2661 3485 2877 3535 saltibus.

1778 3581 1939 3634 Quum
1963 3590 2076 3625 vero
2095 3576 2338 3639 proprium
2366 3574 2540 3623 habeat
2564 3576 2749 3623 motum
2772 3572 2820 3621 in
2839 3585 2982 3621 omne
3000 3572 3193 3633 tempus
3207 3607 3220 3630 ‚

1778 3668 1820 3715 si
1842 3665 2102 3728 pauxillum
2119 3663 2346 3726 quiddam
2365 3664 2512 3711 etiam
2535 3662 2742 3711 dormire
2761 3665 2933 3711 natura
2951 3659 3107 3722 cogit,

1780 3755 1944 3803 statim
1964 3752 2164 3814 emergit
2183 3764 2244 3801 ex
2261 3751 2466 3801 obscuro
2489 3750 2638 3799 fundo
2650 3752 2700 3798 et

1774 3843 1960 3905 jacetin
1984 3839 2187 3889 summis
2207 3839 2346 3902 aquis
2367 3840 2680 3900 exporrectus
2705 3837 2753 3884 in
2775 3850 2831 3885 08
2853 3850 2866 3883 :

1780 3945 1837 3980 ac
1858 3930 2066 3993 pondere
2087 3942 2147 3977 ex
2168 3940 2360 3977 summo
2383 3930 2554 3979 ruente
2577 3924 2802 3974 deorsum
2817 3960 2832 3984 ,

1782 4031 2030 4081 repressus
2056 4016 2162 4079 ipso
2180 4016 2320 4079 plane
2339 4016 2507 4065 maris
2527 4013 2631 4062 solo

1783 4106 1982 4168 emergit
1998 4118 2165 4154 rursus
2190 4105 2238 4152 in
2261 4116 2508 4152 summum
2530 4115 2588 4152 ex
2615 4099 2870 4164 profunda

1844 4200 1942 4246 Leo
1961 4194 2156 4257 quidem
2175 4191 2370 4243 vetulus
2393 4190 2584 4239 simiam
2609 4190 2650 4237 si
2666 4188 2898 4250 comedit,

1786 4298 1883 4349 prae
1907 4284 2087 4335 Galeno
2105 4282 2124 4344 (
2135 4294 2255 4345 prae
2269 4281 2449 4344 quovis
2466 4276 2694 4339 medico)
2715 4278 2844 4326 amat
2865 4280 3084 4324 naturam
3109 4288 3122 4321 ε

1786 4384 1994 4436 namque
2016 4372 2110 4420 1100
2125 4370 2382 4433 pharmaco
2399 4366 2671 4429 juvenescit
2685 4368 2734 4415 01
2755 4365 2968 4426 vigorem
2991 4364 3252 4424 rocus-erut.

1786 4462 2050 4525 Delphinus
2070 4462 2232 4510 autem
2255 4472 2381 4520 oeger
2403 4456 2600 4519 expellit
2619 4454 2839 4503 morbum
2855 4489 2870 4513 ,

1786 4550 1976 4613 quando
1993 4549 2203 4599 comedit
2234 4548 2430 4599 simium
2454 4546 2636 4609 piscem
2658 4542 2868 4606 copiose.

1852 4638 2081 4688 Geminos
2101 4638 2242 4687 enixa
2263 4637 2422 4699 pullos
2445 4634 2528 4685 ubi
2549 4634 2742 4683 inventa
2767 4636 2844 4679 est

1788 4724 2044 4787 delphinus
2057 4725 2234 4775 semina
2251 4760 2266 4785 ,
2291 4724 2477 4786 generis
2498 4718 2843 4772 conservandi
2866 4718 3011 4783 grati?

1788 4809 1939 4873 prolis
1952 4814 2192 4860 amantem
2205 4845 2220 4871 ‚
2243 4810 2300 4858 ut
2319 4808 2535 4871 oportet,
2559 4810 2794 4855 monstrat
2817 4810 3054 4855 naturam.

1788 4898 2091 4960 progreditur
2114 4898 2241 4946 enim
2265 4896 2312 4943 in
2335 4894 2543 4944 maxima
2559 4893 2795 4957 pericula,

1788 4986 2061 5049 usquedum
2079 4985 2238 5035 valeat
2258 4998 2342 5035 008
2354 4984 2538 5047 eripere
2564 4998 2578 5032 ε

1788 5079 1838 5126 01
1854 5087 2006 5138 quum
2021 5077 2068 5124 ei
2085 5074 2224 5125 liceat
2243 5072 2410 5123 vivere
2431 5070 2548 5121 tutis
2565 5070 2616 5121 111
2637 5068 2828 5133 pascuus
2840 5102 2854 5127 ,

1788 5164 1869 5215 illa
1887 5164 2050 5215 statim
2071 5164 2291 5227 correpta
2306 5162 2384 5214 est
2397 5172 2512 5211 oum
2533 5172 2624 5211 mo
2639 5146 2801 5209 ca'tulo
2809 5190 2827 5219 ,

3052 5282 3118 5318 sl.-
