3767 5825
1382 336 1626 396 ARATl
1667 336 2215 398 PROGNOSTICA.
3314 342 3383 392 w

183 458 344 538 τείχε’
366 459 665 538 ἀνέρα-οντες
680 501 697 530 ,
719 459 812 517 καὶ
833 458 1147 530 πλαζόμενοι
1168 457 1432 564 σκώληκες

181 547 342 604 κεῖνοι
367 547 484 612 τους
507 546 752 605 καλέουσι
781 545 1026 648 μελαίνης
1049 543 1226 623 ἔντερα
1254 544 1424 621 γαίης.

83 658 154 695 neo
180 633 272 689 καὶ
302 633 438 690 τιθαὶ
463 633 686 712 ὄρνιθες,
715 632 802 690 ταὶ
825 631 1098 710 ἀλέκτορος
1121 631 1439 708 ἐξεγένοντο,

185 711 242 776 ευ
273 720 660 801 ἐφθειρίσσαντο
685 719 774 778 καὶ
805 718 1030 798 ἕκρωξαν
1061 718 1205 795 μάλα
1233 724 1378 800 φωνῇ
1396 765 1412 796 ,

95 838 159 866 m
187 798 294 864 οἷόν
320 829 378 864 τε
398 806 623 866 σταλάον
651 804 830 886 ψοφέει
853 806 940 864 ἐπὶ
961 803 1112 863 ὕδατι
1137 806 1293 887 ὕδωρ.

182 895 247 963 δη
275 915 402 952 ποτε
431 894 520 952 καὶ
548 891 720 970 γενεαὶ
743 891 980 970 κοράκων
1006 891 1095 949 καὶ
1127 894 1263 972 φυλα
1291 893 1504 950 κολοιῶν

181 979 370 1047 ὕδατος
400 979 700 1060 ἐρχομένοιο
722 979 841 1046 Διὸς
867 975 1012 1057 πάρα
1037 979 1164 1056 σῆμ’
1187 979 1449 1058 ἐγένοντο,

81 1089 158 1126 sss
182 1068 484 1148 φαινόμενοι
516 1065 750 1146 ἀγεληδδι
775 1065 865 1124 καὶ
891 1065 1157 1144 ἱρήκεσσιν
1185 1071 1360 1143 ὁμοῖον

182 1154 542 1233 φθεγξάμενοι.
564 1152 656 1214 καί
679 1175 782 1212 που
808 1153 1026 1233 κόρακες
1052 1151 1186 1219 δίους
1208 1153 1539 1233 σταλαημοὺς

88 1266 156 1295 m
184 1245 330 1320 φωνῇ
360 1239 689 1317 ἐμιμήσαντο
710 1238 804 1297 σὺν
831 1238 1014 1304 ὕδατος
1037 1241 1336 1318 ἐρχομένοιο
1351 1284 1371 1317 ,

179 1329 216 1400 ἤ
246 1351 376 1386 ποτε
402 1327 492 1387 καὶ
513 1326 774 1409 κρώξαντε
804 1325 988 1406 βαρείῃ
1014 1325 1222 1384 δισσάκι
1245 1330 1392 1406 φωνῇ

185 1414 391 1495 μακρὸν
419 1417 763 1495 ἐπιῤῥοιζεῢσι
784 1411 1112 1489 τιναξάμενοι
1143 1413 1315 1494 πτερὰ
1342 1411 1534 1472 πυκνά.

79 1523 154 1563 ow
186 1502 280 1561 καὶ
302 1507 494 1573 νῆσσαι
521 1501 743 1580 οἶκουροὶ
771 1499 1054 1582 ὑπωρόφιοί
1073 1523 1130 1558 τε
1157 1501 1352 1560 κολοιοὶ

183 1587 460 1669 ἐρχόμενοι
487 1587 624 1647 κατὰ
645 1595 832 1665 γεῖσσα
857 1586 1189 1645 τινάσσονται
1214 1587 1554 1668 πτερύγεσσιν
1571 1610 1585 1625 ·

89 1699 156 1728 2⁴0
183 1671 221 1745 ἢ
252 1675 340 1732 ἐπὶ
370 1679 512 1752 κῦμα
539 1673 714 1732 διώκει
743 1673 948 1753 ἐρωδιὸς
973 1673 1060 1742 ὀξὺ
1087 1675 1338 1747 λεληκὼς.

263 1761 390 1825 Τῶν
416 1784 496 1820 τοι
519 1759 678 1838 μηδὲν
710 1760 1008 1833 ἀπόὸλητον
1037 1762 1420 1844 πεφυλαγμένῳ
1446 1761 1584 1842 ὕδωρ

183 1849 428 1930 γινέσθω,
460 1849 582 1927 μηδ’
605 1848 655 1908 εἴ
679 1873 767 1908 κεν
789 1849 1034 1908 ἕπιπλέον
1055 1849 1118 1920 ἠὲ
1145 1850 1428 1936 πάροιθεν

78 1955 156 1994 ⁹75
180 1936 440 1996 δάκνωσιν
465 1945 614 2014 μυῖαι
636 1937 724 1995 καὶ
749 1936 827 2018 ἐφ’
856 1935 1075 2013 αἵματος
1095 1937 1429 2018 ἱμείρωνται,

187 2023 223 2095 ἦ
248 2023 462 2104 λύχνοιο
483 2023 708 2102 μύκητες
731 2021 1038 2103 ἀγείρωνται
1056 2047 1210 2104 περι
1200 2024 1363 2090 μύξαν

90 2139 160 2168 m
179 2111 348 2170 νύκτα
374 2112 512 2170 κατὰ
537 2110 784 2184 σκοτίην·
811 2111 932 2188 μηδ’
953 2108 1061 2182 ἢνι
1040 2112 1140 2170 υπὸ
1161 2113 1410 2192 χείματος
1430 2111 1568 2193 ὥρην

181 2199 392 2278 λύχνων
417 2199 604 2258 ἄλλοτε
628 2197 726 2277 μέν
744 2221 800 2257 τε
825 2199 952 2279 φάος
969 2199 1106 2257 κατὰ
1132 2200 1328 2277 κόσμον
1351 2201 1522 2282 ὀρώρῃ
1541 2246 1560 2278 ,

183 2287 376 2345 ἄλλοτε
405 2285 450 2346 δ’
473 2285 725 2348 ἀίσσωσιν
750 2285 854 2344 ἄπο
880 2285 1063 2366 φλόγες
1082 2280 1152 2357 ἠΰ
1153 2309 1209 2344 τε
1230 2291 1418 2366 κοῦφαι

77 2399 160 2438 σω
183 2374 551 2454 πομφόλυγες·
581 2377 709 2452 μηδ’
735 2373 784 2433 εί
807 2395 894 2433 κεν
918 2375 1000 2432 ἐπ’
1029 2373 1215 2454 αὐτόφι
1244 2373 1608 2454 μαρμαίρωσιν

184 2461 394 2526 ἀκτῖνες
408 2483 422 2498 ·
448 2462 572 2537 μηδ’
595 2459 660 2532 ἣν
691 2459 862 2541 θέρεος
891 2458 1028 2539 μέγα
1049 2459 1400 2537 πεπταμένοιο

85 2572 156 2602 m
181 2548 396 2618 νησαῖοι
419 2547 611 2628 ὄρνιθες
633 2545 976 2628 ἐπασσύτεροι
1001 2545 1308 2627 φορέωνται.

182 2633 328 2711 μηδὲ
357 2633 421 2692 σύ
439 2637 488 2712 γ’
513 2633 550 2705 ἢ
576 2634 772 2717 χύτρης
792 2632 856 2706 ἠὲ
881 2635 1119 2715 τρίποδος
1144 2633 1470 2716 πυριὸήτεω,

183 2725 468 2802 σπινθῆρες
490 2721 564 2780 ὅτ’
588 2721 714 2781 ἔωσι
733 2721 854 2802 πέρι
879 2721 1088 2790 πλέονες
1103 2768 1120 2798 ,
1150 2721 1486 2798 λελαθέσθαι,

73 2835 158 2874 sss
185 2809 327 2884 μηδὲ
357 2805 492 2866 κατὰ
519 2807 737 2880 moenis·
765 2808 910 2867 ὁπότ’
940 2808 1190 2890 ἄνθρακος
1218 2807 1509 2887 αἰθομένοιο

184 2896 470 2971 λάμπηται
497 2894 619 2975 πέρι
652 2895 848 2974 σήματ’
875 2895 1080 2957 ἐοικότα
1103 2897 1463 2976 κεγχρείοισιν.

89 3012 159 3043 m
185 2982 309 3042 ἀλλ’
330 2984 418 3042 ἐπὶ
439 2982 531 3043 καὶ
555 2982 620 3043 τὰ
642 2983 818 3043 δόκευε
843 2985 1200 3057 περισκοπέων
1225 2986 1406 3045 θετοῖο.

270 3070 342 3130 Εἴ
361 3093 421 3148 γε
448 3068 542 3146 μὲν
559 3069 816 3151 ἠερόεσσα
839 3068 1002 3151 παρὲξ
1031 3070 1173 3149 ὄρεος
1195 3074 1440 3150 μεγάλοιο

182 3156 429 3235 πυθμένα
454 3158 688 3230 τείνηται
706 3157 894 3241 νεφῦιη
909 3202 929 3235 ,
949 3158 1110 3239 ἄκραι
1131 3158 1186 3217 δὲ
1209 3162 1433 3219 κολῶναι

69 3270 156 3309 mo
185 3246 478 3326 φαίνωνται
498 3245 754 3327 καθαραί,
785 3248 932 3325 μάλα
959 3270 1046 3306 κεν
1067 3244 1176 3305 τόθ’
1201 3248 1438 3315 ὑπεύδιος
1465 3248 1585 3321 εἴης.

183 3332 357 3400 εὔδιός
377 3332 424 3391 κ’
443 3332 550 3405 εἴης
569 3334 658 3393 καὶ
685 3334 774 3393 ὅτε
798 3333 1024 3402 πλατέος
1049 3333 1194 3414 παρὰ
1217 3335 1408 3395 πόντου

81 3452 154 3482 no
183 3421 440 3503 φαίνηται
459 3421 710 3501 χθαμαλὴ
733 3422 950 3503 νεφέλη,
979 3422 1103 3497 μηδ’
1129 3421 1280 3503 ὑψόθι
1299 3424 1430 3503 κύρῃ
1449 3468 1466 3496 ,

182 3508 308 3567 ἀλλ’
329 3509 490 3567 αὐτοῦ
511 3510 825 3583 πλαταμῶνι
851 3507 1243 3590 παραθλίὸηται
1267 3508 1440 3585 ὁμοίη.

272 3592 511 3653 Σκέπτεο
537 3594 582 3653 δ’
600 3594 762 3661 εὔδιος
786 3594 882 3672 μὲν
905 3594 1002 3653 ἐὼν
1029 3594 1116 3653 ἐπὶ
1134 3595 1348 3673 χείματι
1373 3598 1592 3673 μᾶλλον,

65 3700 152 3741 m
182 3686 240 3749 ἐς
265 3683 320 3740 δὲ
344 3682 630 3759 γαληναίην
657 3682 985 3764 χειμωνόθεν.
1015 3674 1074 3741 εὗ
1099 3684 1154 3741 δὲ
1182 3684 1326 3760 μάλα
1354 3684 1456 3764 χρὴ

183 3774 240 3836 ἐς
271 3769 492 3841 Φάτνην
519 3770 700 3849 ὁράαν,
723 3769 821 3842 τὴν
849 3769 1102 3850 Καρκίνος
1131 3770 1456 3851 ἂμφιελίσσει
1474 3818 1492 3849 ,

75 3884 153 3914 m
180 3860 378 3936 πρῶτα
406 3856 783 3936 καθαιρομένην
805 3856 982 3927 πάσης
1009 3856 1276 3937 ὑπένερθεν
1302 3857 1549 3936 ὁμίχλης·

183 3942 338 4014 κείνη
361 3942 462 4022 γὰρ
489 3944 712 4025 φθίνοντι
737 3944 1042 4025 καθαίρεται
1070 3946 1122 4003 ἐν
1145 3948 1388 4024 χειμῶνι.

277 4030 388 4092 Καὶ
415 4032 598 4112 φλόγες
623 4031 843 4112 ἡσύχιαι
863 4032 1066 4110 λύχνων
1093 4032 1183 4090 καὶ
1201 4032 1440 4113 νυκτερίη
1467 4033 1628 4112 γλαὺξ

71 4120 392 4198 Μαι-ἥσυχον
419 4120 662 4178 ἀείδουσα
690 4118 1070 4199 μαραινομένου
1091 4123 1346 4198 χειμῶνος

181 4206 418 4287 γινέσθω
441 4230 522 4265 τοι
545 4211 694 4284 σῆμα
710 4229 723 4244 ·
751 4206 842 4265 καὶ
872 4208 918 4264 εἰ
943 4206 1065 4284 λίγα
1094 4207 1416 4266 κωτίλλουσα

77 4326 154 4357 no
183 4294 306 4375 ὥρῃ
335 4296 387 4352 ἐν
416 4294 660 4401 1⁶88pr-
656 4292 830 4374 κρώξῃ
853 4294 1132 4374 πολύφωνα
1159 4294 1393 4373 κορώνη·

183 4381 285 4442 καὶ
312 4381 534 4461 κόρακες
561 4386 738 4457 μοῦνοι
763 4380 856 4457 μὲν
883 4382 1124 4465 ἐρημαῖοι
1150 4380 1395 4460 βοόωντες
1509 4392 1512 4397 ’

187 4468 461 4541 δισσάκις,
483 4469 648 4550 αὐτὰρ
674 4467 854 4527 ἔπειτα
875 4467 998 4546 μέγ’
1019 4468 1180 4548 ἀθρόα
1207 4468 1570 4545 κεκλήγοντες·

63 4552 486 4635 ιοοοπλειότεροι
514 4557 559 4612 δ’
581 4554 866 4634 ἀγεληδόν,
893 4554 1020 4626 ἐπὴν
1049 4555 1238 4615 κοίτοιο
1265 4554 1553 4631 μέδωνται,

189 4666 376 4720 φωνης
402 4642 664 4718 ἔμπλειοι·
691 4640 894 4722 χαίρειν
918 4641 979 4700 κε’
1005 4666 1081 4709 τις
1109 4644 1377 4716 οἰήσαιτο,

73 4752 152 4783 nu
189 4719 287 4788 οἶα
315 4726 382 4786 τὰ
411 4727 504 4805 μὲν
531 4728 720 4809 βοόωσι
740 4729 1166 4807 λιγαινομένοισιν
1193 4730 1374 4804 ὁμοῖα,

187 4816 376 4877 πολλὰ
401 4814 456 4873 δὲ
483 4816 754 4893 δενδρείοιο
775 4816 895 4895 περὶ
921 4818 1094 4897 φλόον,
1117 4816 1292 4873 ἄλλοτ’
1322 4816 1404 4873 ἐπ’
1433 4816 1588 4875 αὐτοῦ

187 4897 295 4983 {y}
324 4924 382 4960 τε
405 4900 627 4961 κείουσιν
649 4902 741 4962 καὶ
765 4903 1046 4985 ὑπότροποι
1073 4902 1433 4984 ἀπτερύονται.

69 4990 294 5057 tolonei
328 4988 374 5048 δ’
406 4988 469 5048 ἄν
497 5012 600 5049 που
619 4990 827 5070 γέρανοι
851 4992 1092 5068 μαλακῆς
1109 4989 1424 5071 προπάροιθε
1445 4990 1676 5068 γαλήνης

194 5074 478 5157 ἐσφαλόως
498 5075 774 5139 τανύσαι-εν
800 5076 892 5137 ἵνα
919 5075 1110 5156 δρόμον
1129 5077 1286 5150 ἤλιθα
1306 5086 1500 5151 πᾶσαι,

1833 479 1995 514 muros
2014 466 2337 537 asserpentes;
2357 468 2502 527 atque
2519 464 2750 514 obeuntes
2765 475 2955 514 verme

1831 552 1899 601 illi
1911 590 1925 613 ,
1951 566 2071 615 quos
2087 551 2263 602 vocant
2278 555 2397 602 atrae
2416 553 2640 604 intestina
2656 555 2799 602 terrae
2818 551 3133 614 &umbrico-t
3142 550 3181 613 ).

1831 639 1989 687 Etiam
2008 639 2127 701 pulli
2144 640 2365 689 volucres
2376 677 2390 700 ,
2415 653 2527 702 quae
2543 640 2667 702 gallo
2684 642 2931 702 prognatae
2955 641 3094 702 sunt,

1830 726 2041 778 studiose
2056 727 2352 790 pedunculos
2370 730 2599 789 quaerunt
2622 727 2903 790 pipiuntque
2918 727 3099 789 maiore
3127 739 3244 777 voce
3261 764 3275 783 .

1831 814 1955 864 sicut
1975 815 2162 864 stillans
2182 815 2350 878 strepit
2366 828 2512 878 super
2524 829 2700 879 aquam
2719 829 2861 878 aqua.

1831 902 2131 966 Quandoque
2152 903 2297 954 etiam
2330 907 2493 964 gentes
2524 917 2780 953 corvorum
2800 905 2852 953 et
2881 905 3056 968 turmo
3084 904 3384 966 graculorum

1832 989 2009 1050 plurim
2031 991 2267 1040 venientis
2283 1003 2312 1040 e
2336 987 2459 1040 coelo
2476 991 2665 1053 signum
2684 991 2833 1054 liunt,

1833 1076 1925 1126 visi
1946 1077 2175 1138 gregatim
2192 1079 2244 1128 et
2261 1077 2540 1140 accipitrum
2562 1079 2712 1128 instar

1831 1163 2104 1225 garrientes.
2123 1165 2279 1215 Etiam
2297 1165 2432 1214 corvi
2448 1163 2737 1228 quandoque
2750 1165 2967 1214 coelestoe
2985 1165 3148 1227 guttas

1832 1262 1951 1300 voce
1970 1251 2217 1302 imitantur
2238 1251 2381 1302 simul
2407 1252 2573 1315 pluvia
2595 1252 2843 1314 veniente3

1833 1337 1909 1386 vel
1932 1339 2225 1402 quandoque
2248 1340 2393 1388 etiam
2416 1339 2702 1390 crocitantes
2720 1339 2855 1402 gravi
2876 1340 3157 1404 congemina
3177 1353 3291 1389 x-oce
3376 1395 3379 1402 ¹

1831 1426 2041 1476 multum
2060 1427 2402 1489 constrepitant
2413 1465 2430 1489 ,
2446 1427 2716 1490 quatientes
2728 1428 2829 1477 alas
2842 1429 3133 1491 frequenter.

1834 1515 1995 1563 Etiam
2015 1517 2179 1564 anates
2204 1515 2452 1570 domestici
2470 1517 2518 1564 et
2535 1515 2585 1564 in
2606 1515 2747 1565 tectis
2763 1515 3037 1566 nidulantes
3049 1515 3227 1578 graculi
3248 1551 3263 1576 ,

1831 1601 2076 1652 venientes
2096 1615 2239 1664 super
2260 1602 2511 1665 pinnacula
2525 1639 2541 1666 ,
2566 1602 2792 1666 quatiunt
2810 1604 2911 1652 alas

1831 1689 1997 1738 autad
2013 1703 2187 1752 aquam
2207 1690 2399 1739 festinat
2421 1690 2592 1753 ardea,
2614 1692 2755 1740 acute
2775 1690 3055 1742 vociferans.

1894 1780 2113 1834 Quorum
2128 1777 2217 1831 tibi
2234 1779 2422 1827 nullum
2445 1777 2671 1829 frivolum
2694 1778 2968 1829 observanti
2982 1778 3196 1842 pluviam

1832 1867 1934 1913 esto
1961 1879 1974 1912 ε
2002 1878 2091 1914 nec
2102 1865 2220 1915 item
2236 1866 2277 1914 si
2308 1866 2515 1928 amplius
2529 1879 2679 1929 quam
2709 1867 2824 1916 ante

1832 1952 2083 2003 mordeant
2103 1967 2283 2003 muscae
2304 1956 2353 2003 et
2368 1955 2644 2017 sauguinem
2663 1953 2968 2006 denda-ent:
3016 2007 3029 2018 ,

1832 2042 1919 2089 aut
1936 2041 2143 2091 luceruae
2162 2042 2293 2104 fungi
2316 2046 2661 2106 congregentur
2676 2043 2807 2092 circa
2818 2041 3004 2093 labium

1833 2137 2024 2183 noctem
2047 2147 2131 2196 per
2148 2134 2452 2196 caliginosam
2472 2149 2487 2182 :
2508 2147 2668 2197 neque
2688 2135 2729 2184 si
2750 2133 2841 2185 sub
2859 2133 3031 2184 biemh
3051 2135 3247 2198 tempm

1835 2221 2138 2271 lucernarum
2160 2221 2279 2271 alias
2291 2221 2487 2284 quidem
2504 2222 2669 2271 lumen
2687 2220 2848 2272 debite
2862 2221 3135 2284 monum,

1835 2309 1952 2359 alias
1970 2323 2083 2360 vero
2101 2309 2387 2359 delabantur
2403 2309 2641 2372 flammas,
2662 2323 2753 2360 ceu
2770 2310 2901 2360 leves

1834 2397 2089 2460 ampullam
2108 2411 2267 2460 neque
2286 2397 2328 2446 si
2344 2398 2403 2447 ad
2424 2398 2575 2460 ipsam
2596 2398 2846 2448 lucernam
2861 2396 3144 2462 splmdeaut

1837 2483 1992 2548 radii3
2014 2498 2173 2548 neque
2197 2484 2237 2535 si
2258 2487 2425 2535 aestate
2445 2499 2635 2536 summa

1835 2571 2066 2622 insulares
2080 2585 2194 2622 aves
2210 2574 2607 2624 accumulatior-es
2622 2574 2955 2626 obversentur.

1835 2662 2001 2722 Neque
2022 2663 2077 2709 tu
2106 2659 2207 2710 sive
2230 2661 2340 2710 ollae
2363 2661 2466 2711 sive
2482 2662 2685 2724 tripodis
2704 2663 2754 2711 in
2770 2663 2879 2724 igue
2895 2663 3092 2724 stautb,

1835 2744 2055 2795 scintillae
2076 2758 2227 2808 quum
2247 2746 2425 2795 fuerint
2436 2747 2563 2795 circa
2579 2746 2766 2808 plures,
2788 2746 3069 2813 obliviscere
3082 2782 3099 2809 ,

1835 2844 1993 2894 neque
2012 2845 2097 2894 per
2119 2832 2327 2881 cinerem
2347 2832 2541 2894 quando
2562 2832 2773 2881 carbone
2789 2831 2991 2883 ardente

1833 2918 2112 2981 splendeant
2133 2919 2445 2968 circumcirca
2465 2919 2624 2981 signa,
2643 2919 2817 2970 similia
2831 2920 3067 2971 cenem-is.

1835 3010 2017 3057 Verum
2037 3005 2100 3056 ad
2116 3006 2223 3057 haec
2238 3007 2384 3056 etiam
2400 3010 2613 3069 spectato
2630 3008 2891 3058 observans
2908 3006 3137 3071 pluviam.

1849 3094 2125 3142 ceterum
2149 3094 2189 3143 si
2207 3093 2412 3142 obscura
2433 3106 2518 3156 per
2544 3092 2721 3143 montis
2738 3094 2897 3157 magui

1836 3124 2009 3220 vallem
2028 3170 2315 3221 extendatur
2336 3172 2546 3233 nebula,
2564 3184 2755 3222 summa
2770 3174 2933 3221 autem
2952 3166 3203 3227 cucumim

1835 3251 2092 3311 appareant
2108 3262 2256 3313 pura,
2278 3251 2415 3300 valde
2434 3252 2552 3300 tunc
2570 3264 2767 3303 serenus
2784 3251 2947 3303 meris.

1835 3339 2041 3386 Serenus
2060 3336 2203 3410 ruetis
2220 3336 2366 3386 etiam
2381 3372 2397 3398 ,
2421 3337 2615 3400 quando
2636 3339 2829 3387 vastum
2844 3337 2973 3387 circa
2990 3338 3191 3401 pontum

1835 3424 2058 3473 videatur
2084 3424 2278 3473 numnis
2293 3412 2646 3487 nebula'neque
2668 3425 2719 3474 in
2735 3424 2835 3474 nto
2852 3424 3078 3487 exsistat,
3174 3436 3184 3446 ·

1837 3511 1924 3561 sed
1944 3510 2061 3562 inibi
2080 3511 2292 3575 planitiei
2311 3512 2567 3563 maritimae
2587 3512 2885 3575 deprimatur
2901 3512 3087 3564 similis.
3146 3548 3159 3559 .

1898 3599 2095 3663 Respice
2114 3602 2298 3662 autem,
2316 3614 2514 3652 serenus
2529 3614 2683 3664 quum
2700 3601 2782 3663 sis,
2799 3600 2865 3651 ad
2877 3602 3212 3664 tenpestatcm
3223 3604 3389 3665 magis,

1837 3688 1888 3736 et
1904 3687 1966 3735 ad
1983 3686 2285 3737 serenitatem
2304 3702 2333 3737 e
2348 3689 2647 3751 tempestate.
2668 3687 2930 3751 Diligenter
2944 3700 3063 3739 vero
3080 3689 3134 3740 te
3151 3691 3342 3752 oportet

1836 3774 1899 3823 ad
1918 3777 2133 3837 Praeaepe
2150 3776 2379 3837 respicere
2390 3812 2405 3835 ‚
2428 3776 2562 3838 quod
2578 3778 2761 3825 cancer
2782 3773 3143 3838 circumvolvit,

1837 3874 2002 3911 recens
2023 3866 2279 3925 purgatum
2298 3864 2359 3911 ab
2382 3863 2517 3912 omni
2538 3862 2709 3913 subtus
2723 3862 2929 3925 nebula;

1838 3950 1959 3999 illud
1976 3963 2186 4012 namque
2200 3950 2409 4000 abeunte
2425 3952 2655 4013 purgatur
2669 3952 2721 3999 in
2745 3950 3045 4013 tempestate.

1902 4036 2061 4087 Etiam
2083 4036 2294 4086 flammae
2313 4037 2491 4099 quietae
2512 4037 2818 4086 lucernarum
2836 4040 2885 4086 et
2899 4039 3137 4089 nocturna
3151 4040 3331 4090 moun

1837 4124 2099 4187 tranquille
2115 4137 2291 4173 canens
2312 4124 2647 4174 marcescentis
2668 4125 2967 4187 tempestatis

1839 4214 1941 4263 esto
1962 4212 2051 4261 tibi
2067 4212 2284 4274 signum5
2304 4212 2411 4261 etsi
2436 4216 2605 4273 argute
2624 4211 2817 4275 garrula

1838 4302 2057 4362 tempore
2073 4299 2343 4361 vespertino
2362 4298 2560 4348 crocitet
2574 4300 2743 4350 vocale
2764 4299 2967 4364 coru113

1837 4389 1957 4439 item
1980 4387 2113 4437 corvi
2134 4387 2275 4450 plane
2288 4386 2485 4436 solitarii
2504 4386 2821 4438 vociterantes
2958 4424 2966 4431 .

1838 4474 2182 4538 ingeminanter
2194 4511 2209 4536 ,
2229 4476 2280 4523 at
2296 4476 2463 4537 postea
2474 4473 2645 4525 crebro
2666 4476 2719 4525 et
2736 4474 3046 4525 vehemente
3063 4475 3392 4539 clamitantem

1841 4562 2310 4625 frequentius-esven)
2320 4561 2609 4623 congregati,
2629 4561 2821 4625 quando
2834 4562 3006 4613 cubilis
3020 4575 3261 4615 memores
3275 4564 3391 4626 sint,

1839 4663 1961 4700 voce
1980 4649 2135 4712 pleni;
2156 4647 2309 4699 laetarl
2328 4662 2409 4699 eos
2425 4649 2535 4711 quis
2554 4649 2817 4711 putaverit,

1825 4750 1987 4811 'quam
2006 4738 2181 4799 partim
2200 4737 2520 4786 vociferentur
2541 4736 2911 4798 jucundantium
2928 4735 2981 4787 in
2992 4750 3177 4789 moran
3189 4774 3205 4800 ‚

1840 4838 2062 4887 saepeque
2086 4824 2269 4873 arboris
2291 4837 2375 4886 per
2394 4836 2579 4886 ramos,
2599 4823 2890 4887 quandoque
2904 4836 3049 4889 super
3064 4802 3237 4890 ipsam,

1841 4912 1923 4961 ubi
1944 4912 2020 4960 vel
2039 4910 2218 4961 cubant
2237 4910 2313 4961 vel
2336 4910 2534 4961 reduces
2546 4911 2645 4961 alas
2666 4910 2935 4962 excutiunt.

1842 5001 2077 5049 Proeterea
2094 5012 2233 5060 grues
2250 4998 2474 5048 blandam
2500 5001 2613 5048 ante
2637 5000 2940 5049 serenitatem

1841 5098 2008 5136 secure
2021 5085 2228 5149 pandere
2239 5086 2393 5136 solent
2412 5086 2605 5135 unicum
2621 5086 2835 5136 volatum
2852 5086 3078 5151 gregatim
3090 5098 3287 5147 munes,

3098 5196 3166 5235 as.
