3767 5825
217 460 407 540 ΣΥΝ
421 457 802 537 ΤΟΜΟΣ
872 455 1229 534 ΕΚΦΡΑ
1243 455 1411 534 ΣΙΣ

282 680 1065 807 ΕΛΕΦΑΝΤ
1072 677 1338 810 ΟΣ.

747 945 882 963 -

388 1038 396 1047 ’
456 1078 579 1136 iziz
617 1077 770 1137 ΤοΝ
814 1076 1166 1135 numm.

177 1244 501 1326 Αὐτόκρατορ
530 1243 771 1322 μέγιστε,
798 1248 887 1302 τοῦ
917 1241 1093 1322 γένους
1120 1240 1257 1315 λέον,

174 1339 236 1403 ὡς
260 1333 475 1414 θερμὸς,
502 1335 572 1400 ὡς
603 1332 835 1411 ἄμαχος,
864 1335 932 1398 ὡς
963 1329 1277 1411 βρυχητίας,

178 1427 240 1490 ὣς
267 1421 507 1503 στερρὸς,
537 1425 609 1489 ὣς
635 1421 895 1501 ἄγρυπνος
911 1465 926 1492 ,
959 1423 1029 1486 ὡς
1058 1417 1363 1498 θηροκτόνος
1381 1463 1395 1488 ,

174 1516 237 1578 ὥς
260 1509 371 1580 ὀξὺς
386 1556 404 1585 ,
432 1513 503 1578 ὡς
532 1508 809 1589 κράτιστος
833 1511 905 1577 εἰς
934 1507 1099 1588 θήραν
1125 1507 1312 1584 λόγων,

176 1602 239 1666 ὣς
265 1597 505 1679 φρικτὸς,
534 1601 604 1664 ὣς
631 1595 896 1668 εὔτεκνος,
925 1599 996 1662 ὡς
1028 1594 1376 1665 ἆνακτόπαις,
1431 1610 1433 1613 ·

172 1692 236 1754 ὡς
260 1693 319 1747 ἐκ
347 1686 511 1764 μόνης
535 1685 719 1765 ὄνυχος
748 1687 923 1762 α’κμῆς
948 1683 1164 1765 μετρίας

175 1779 270 1833 τῶν
292 1779 398 1834 σῶν
425 1773 507 1856 ἐφ’
532 1779 677 1852 ἡμᾶς
702 1775 935 1853 ἀρχικῶν
960 1769 1387 1846 σπουδασμάτων

176 1864 271 1929 τοῖς
296 1861 561 1940 εὐστόχως
588 1861 822 1940 κρίνουσι
850 1859 1049 1927 δεικνὺς
1076 1858 1171 1930 τὴν
1202 1859 1374 1940 φύσιν,

179 1953 233 2009 ἐκ
253 1955 343 2022 τῆς
369 1951 570 2022 ὑλακῆς
594 1953 699 2008 τῶν
728 1951 867 2024 ἐμῶν
893 1948 1223 2029 περιδρόμοιν

112 2058 154 2096 10
179 2037 323 2117 δέχου
352 2037 443 2096 τὸν
466 2035 797 2119 Ἐλέφαντα,
826 2037 1067 2116 καθάπερ
1096 2035 1270 2116 φόρον,

179 2125 229 2185 ὃν
257 2129 326 2193 εἷς
351 2125 525 2203 λόγων
556 2125 813 2206 θήρατρον
839 2123 1109 2205 ἐζώγρησά
1137 2147 1245 2196 σοι,

182 2213 409 2293 κρυπτὴν
440 2211 678 2272 ὑπελθὼν
704 2215 995 2290 γνωστικῆς
1020 2213 1227 2289 λοχμῆς
1250 2207 1445 2289 τρίὸον·

176 2309 239 2368 ὡς
262 2301 325 2360 ἂν
350 2301 493 2380 ἔχοις
516 2299 732 2378 ἥδυσμα
760 2300 849 2360 τὸν
874 2305 1009 2380 θ’ἥρα
1036 2298 1201 2377 ξένον,

176 2395 364 2471 τρυφῆς
391 2392 604 2469 λογικῆς
622 2391 858 2468 εὐπορῶν
887 2388 1012 2468 ἄτερ
1032 2387 1223 2446 πόνων·

117 2501 155 2537 15
181 2480 309 2538 θέλω
336 2478 442 2558 γὰρ
470 2468 604 2537 εἶναι
625 2477 996 2559 φιλοδέσποτος
1024 2475 1181 2549 κύων,

178 2571 303 2647 ὁρῶν
328 2565 413 2626 ἐπ’
442 2565 603 2634 αὐτὰς
632 2569 726 2638 τῆς
752 2566 1011 2646 τραπέζης
1034 2563 1128 2631 τὰς
1149 2563 1328 2645 ψίχας.

610 2905 1053 2973 ΕΚΦΡΑΣΙΣ.

258 3066 411 3144 Ζῷον
438 3063 527 3121 τὸν
556 3060 811 3139 ἐλέφαντα
837 3057 1125 3140 τετράπουν
1154 3057 1363 3129 σκόπει,

180 3140 333 3231 εὐρὺ,
361 3150 631 3229 σθεναρὸν,
659 3147 929 3229 ἐμὸριθὲς,
961 3146 1145 3225 μέλαν,
1176 3144 1309 3223 μέγα
1327 3190 1345 3223 ,

182 3238 431 3319 κεκυφὸς,
459 3237 743 3317 ὀξύφωνον,
772 3232 952 3312 ἀμὸλύ
978 3258 1027 3292 τι
1060 3234 1273 3313 βλέπον,

110 3345 159 3384 2⁰
184 3327 397 3404 ἰταμὸν,
427 3326 711 3405 ἀπρόσιτον
739 3322 793 3391 ἐξ
826 3322 1073 3403 ἐρημίας,
1150 3335 1157 3345 ·

179 3414 378 3493 ἱλαρὸν,
410 3413 672 3491 εὐάγωγον
703 3413 763 3470 ἐκ
792 3408 1098 3490 παροικίας,

180 3504 391 3562 πολλῶν
412 3504 539 3582 παρ’
564 3500 746 3567 Ἰνδοῖς
769 3498 1001 3558 δεκτικὸν
1024 3499 1372 3576 μαθημάτων,

184 3589 495 3669 βουὸαλίδος
524 3588 759 3667 μίμημα,
784 3596 1035 3667 χερσαῖον
1061 3586 1213 3667 τέρας

184 3679 325 3739 ἷλύσι
353 3677 448 3737 καὶ
475 3676 699 3753 τέλμασι
721 3676 814 3736 καὶ
837 3674 1067 3755 λόχμαις
1089 3675 1257 3757 φίλον,

110 3787 157 3827 π
182 3770 273 3826 καὶ
302 3772 373 3845 τῇ
404 3764 617 3837 δοκήσει
645 3770 737 3837 τῆς
764 3773 928 3846 φορᾶς
947 3764 1281 3843 παρειμένον.

257 3859 437 3916 Τοῦτο
459 3853 709 3933 προελθὸν
741 3856 1008 3933 μητρικῶν
1039 3851 1090 3921 ἐξ
1118 3853 1353 3932 ὀργάνων

183 3943 455 4012 εἰκάζεται
481 3944 577 4018 μὲν
604 3940 804 4000 εὐτελεῖ
826 3938 1119 4021 μολοὸρίῳ,

188 4032 281 4105 καὶ
302 4031 605 4113 δελφακίζει
632 4028 1015 4110 κλαυθμυρίζον
1044 4028 1221 4098 ὀξέως·

186 4117 477 4201 ὑπέρχεται
504 4117 560 4177 δὲ
588 4122 683 4191 τῆς
704 4120 890 4197 λεχοῦς
913 4116 1007 4185 τὰς
1034 4117 1263 4195 ὠλένας,

110 4228 161 4267 ao
186 4207 245 4266 αἳ
272 4210 397 4275 τοὺς
428 4205 661 4288 ἀγωγοὺς
689 4212 781 4280 τῆς
804 4210 997 4287 τροφῆς
1020 4205 1177 4287 ἔσχον
1207 4206 1421 4283 μέσους·

186 4301 221 4368 ἡ
250 4296 298 4356 δ’
328 4295 479 4363 εὐθὺς
510 4288 745 4377 έξάρασα
766 4294 885 4362 τοὺς
914 4293 1256 4375 ἐμπροσθίους

186 4385 281 4443 καὶ
310 4385 499 4466 μικρὸν
524 4384 799 4443 ὀκλάσασα
828 4382 946 4451 τοὺς
973 4384 1238 4450 ὀπισθίους

188 4475 249 4531 οὐ
274 4471 422 4533 κατὰ
449 4472 543 4543 τὴν
571 4471 812 4550 κάμηλον
845 4473 917 4541 εἰς
942 4472 1065 4550 γόνυ
1088 4471 1269 4530 κλίνει·

184 4564 302 4629 πῶς
322 4561 447 4641 γὰρ,
473 4558 740 4638 ἀνάρθρων
761 4563 865 4619 τῶν
891 4562 1065 4637 μελῶν
1090 4558 1467 4641 εἰργασμένων,

114 4667 163 4707 ³5
191 4650 237 4707 εἰ
267 4650 349 4725 μὴ
380 4651 610 4727 φυσικῶς
632 4648 955 4730 ἀντικοίμψοι
981 4648 1039 4707 τὸ
1063 4648 1272 4721 σκέλος,

189 4738 423 4816 χαλῶσα
454 4736 613 4806 λοξῶς
636 4739 707 4804 εἰς
728 4736 797 4795 τὰ
821 4740 965 4796 νῶτα
990 4735 1087 4808 τὴν
1111 4737 1348 4811 πλάτην,

190 4824 468 4905 ἑκατέραις
496 4824 676 4907 ἔθρεψε
707 4827 889 4899 θηλαῖς
916 4824 978 4884 τὸ
1012 4822 1225 4905 βρέφος;

193 4912 354 4972 Φασὶ
379 4912 480 4993 γὰρ
510 4914 671 4983 αὐτὴν
700 4916 747 4972 οἱ
776 4911 927 4992 σοφοὶ
952 4914 1258 4993 θηροτρόφοι

188 5007 647 5081 παρακρατοῧσαν
677 5002 770 5075 τὴν
792 5001 950 5080 γονὴν
980 5000 1253 5081 ὑπεξάγειν

113 5104 165 5147 ιο
190 5088 345 5155 ἕλους
376 5090 655 5165 τοσούτου,
686 5090 787 5150 κᾶν
811 5091 939 5170 δοκῇ
968 5114 1075 5149 τισι
1103 5090 1265 5158 ξένον.

526 5194 701 5241 Pau.

1951 459 2336 549 BREVIS
2392 458 2983 547 EXPOSITIO

1790 682 2006 808 DE
2095 672 3143 808 ELEPHANTE.

2101 1083 2206 1143 AD
2250 1079 2838 1142 IMPERATOREM.
2917 1129 2922 1134 .

1692 1257 1956 1317 lmperator
1981 1255 2216 1314 maxime,
2237 1253 2436 1305 humani
2453 1253 2640 1317 generis
2654 1253 2760 1316 leo,

1688 1357 1835 1407 quam
1850 1343 2060 1393 fervidus
2069 1357 2135 1402 es,
2146 1356 2292 1405 quam
2302 1341 2804 1406 insuperabiliffiquam
2814 1341 2994 1391 vocalis
3005 1340 3258 1404 rugitibus,

1688 1445 1837 1492 quam
1849 1433 2076 1482 strenuus
2085 1444 2410 1494 manu‚qnam
2424 1431 2557 1493 vigil,
2569 1433 2782 1494 quantus
2799 1431 3008 1481 ferarum
3023 1429 3226 1489 occisor,

1690 1532 1839 1581 quam
1854 1531 1984 1580 aeer,
1999 1531 2146 1582 quam
2161 1518 2440 1581 praecellens
2451 1520 2502 1568 in
2515 1519 2786 1569 eruditione
2799 1517 3019 1568 venanda
3030 1554 3047 1581 ,
3085 1515 3227 1581 [pura
3243 1518 3257 1566 l

1690 1621 1838 1670 quam
1853 1607 2100 1668 terribilis,
2112 1621 2262 1670 quam
2277 1607 2392 1657 felix
2405 1607 2587 1670 sobole,
2600 1620 2746 1670 quam
2762 1606 2932 1657 beatus
2941 1607 3140 1669 paterna
3155 1619 3263 1668 pur·
3298 1603 3308 1614 '

1690 1709 1839 1758 quam
1859 1695 1986 1746 belle
2006 1696 2085 1746 vel
2103 1708 2164 1746 ex
2183 1708 2346 1757 ungue
2365 1695 2523 1744 oetatis
2539 1695 2698 1744 adbuc
2718 1707 2892 1758 parurn
2916 1696 3157 1758 provectae

1698 1784 1795 1834 tuis
1814 1796 1924 1846 erga
1939 1796 2030 1834 nos
2047 1782 2366 1847 imperatoriis
2383 1781 2554 1834 studiis
2787 1771 2792 1777 ’

1694 1872 1871 1936 cuique
1894 1871 2127 1936 sagaciter
2140 1871 2378 1936 judicanti
2401 1873 2675 1922 monstrans
2693 1871 2916 1921 naturam
2935 1872 3071 1922 tuam
3091 1907 3108 1932 ,

1697 1974 1758 2010 ex
1778 1961 1954 2011 latratu
1973 1974 2191 2011 mearum
2213 1961 2460 2023 plagarum

1695 2050 1851 2112 recipe
1870 2050 2000 2098 hunc
2024 2049 2337 2112 Elephantem
2349 2086 2366 2113 ,
2390 2048 2542 2098 veluti
2559 2047 2796 2098 tributum
2811 2083 2828 2111 ,

1696 2151 1842 2201 quem
1866 2138 2154 2189 eruditionis
2177 2139 2392 2190 cassibus
2412 2138 2504 2188 tibi
2529 2139 2635 2201 cepl
2657 2138 2825 2188 vivum
2843 2174 2860 2200 ‚

1696 2229 1938 2277 occultam
1957 2228 2178 2277 semitam
2198 2227 2332 2277 docti
2351 2227 2504 2277 saltus
2529 2227 2766 2290 ingressus
2783 2243 2799 2288 3

1701 2319 1756 2366 ut
1772 2319 1827 2365 tu
1845 2316 2065 2366 obtineas
2083 2319 2316 2378 tanquam
2336 2314 2592 2366 hellarium
2615 2315 2741 2365 banc
2762 2317 3058 2378 peregrinam
3082 2317 3233 2365 seram
3250 2352 3266 2376 ,

1700 2405 2002 2466 voluptatem
2022 2404 2172 2454 animi
2196 2407 2370 2454 nactus
2386 2404 2490 2454 sine
2507 2404 2691 2454 labore.

1703 2493 1857 2542 “unio
1879 2493 2005 2543 enim
2031 2492 2166 2543 canis
2187 2506 2291 2542 esse
2314 2493 2414 2542 heri
2439 2493 2512 2542 sui
2537 2505 2706 2542 amans
2723 2529 2740 2554 ,

1955 2579 2150 2630 riiciens
2173 2581 2224 2630 in
2250 2580 2380 2644 ipsas
2397 2580 2549 2630 micas
2566 2579 2730 2631 herilis
2747 2581 2962 2632 menate.¹

2273 2898 2705 2962 Exposl'rlo.

1768 3074 1926 3123 cerne
1943 3073 2246 3136 elephantem
2259 3110 2276 3136 ‚
2295 3072 2474 3124 animal
2493 3072 2768 3137 quadrupes
2779 3108 2794 3136 ,

1706 3174 1907 3225 corpore
1927 3161 2108 3223 amplo,
2127 3160 2400 3224 robustum,
2413 3156 2741 3225 compactum,
2753 3161 2961 3224 nigrum,
2974 3160 3273 3225 pmgrande,

1708 3249 1863 3313 capite
1881 3262 2035 3312 prono
2048 3286 2063 3310 ,
2087 3250 2230 3299 acuta
2253 3262 2402 3310 voce,
2423 3251 2530 3300 visu
2551 3250 2722 3300 hebete
2734 3286 2749 3311 ,

1710 3339 1841 3387 ferox
1853 3373 1870 3400 ,
1891 3336 1944 3386 in
1962 3338 2174 3387 saltuosa
2191 3336 2448 3387 solitudine
2467 3336 2768 3387 intractabile
2780 3373 2796 3397 ,

1707 3426 1788 3475 sed
1808 3425 1961 3476 hilare
1977 3438 2035 3475 ac
2053 3428 2358 3475 mansuetum
2373 3461 2386 3485 ,
2407 3427 2446 3475 si
2466 3423 2784 3476 domesticum
2801 3428 2875 3477 est
2889 3462 2906 3487 .

1708 3515 1976 3563 multarum
2002 3524 2156 3575 capax
2184 3512 2546 3577 disciplinarum
2569 3514 2701 3577 apud
2724 3513 2869 3564 Indos
2889 3550 2904 3577 ,

1708 3601 1783 3651 uri
1804 3600 2038 3651 silvestris
2060 3600 2220 3651 simile
2233 3638 2246 3662 ,
2269 3602 2496 3650 terrestre
2519 3605 2789 3650 monstrum
2805 3634 2820 3659 ,

1711 3690 1832 3741 limo
1854 3690 1910 3740 et
1931 3688 2109 3753 palude
2129 3692 2182 3739 et
2205 3688 2365 3739 densis
2386 3688 2607 3738 saltubus
2628 3688 2867 3750 gaudena,

1711 3781 1763 3828 et
1784 3778 1918 3840 quod
1941 3778 2100 3840 specie
2119 3791 2207 3827 sua
2224 3777 2506 3840 languidum
2525 3776 2584 3825 ad
2604 3776 2811 3839 impetus
2825 3776 3028 3837 judiees.

1776 3864 1829 3913 ld
1856 3865 2060 3915 simulac
2083 3878 2146 3915 ex
2172 3867 2394 3915 materno
2415 3862 2593 3926 prodiit
2617 3866 2784 3921 utero,

1713 3953 1847 4015 parvi
1869 3954 1992 4016 pulli
2008 3952 2161 4016 aprini
2177 3950 2538 4002 similitudinem
2558 3951 2722 4014 refert,

1712 4054 1771 4091 ae
1788 4040 1984 4105 porcelli
2005 4040 2056 4090 in
2075 4052 2262 4090 morem
2279 4042 2424 4089 acute
2441 4038 2635 4101 vagiens
2651 4038 2848 4101 grunnit
2868 4056 2883 4089 a

1713 4131 1843 4181 subit
1864 4134 2029 4181 autem
2049 4129 2218 4179 matris
2235 4128 2375 4179 ulnas
2389 4164 2404 4191 ,

1716 4232 1828 4282 qum
1850 4217 2067 4268 alimenti
2092 4218 2234 4269 lactei
2255 4216 2444 4267 canales
2463 4215 2648 4266 medios
2665 4216 2921 4267 sustinent.

1714 4307 1867 4356 Mater
1892 4305 2056 4355 statim
2078 4305 2258 4356 attollit
2279 4304 2539 4355 anteriores
2560 4303 2704 4366 pedes

1716 4397 1765 4444 et
1784 4394 2126 4457 posterioribus
2145 4394 2384 4457 paulisper
2401 4392 2636 4453 subsidit,

1716 4495 1814 4531 non
1834 4485 2025 4544 tamen,
2045 4484 2118 4532 uti
2137 4482 2351 4532 camelus
2371 4518 2385 4543 ,
2406 4480 2456 4531 in
2477 4494 2636 4543 genua
2657 4478 2913 4531 recumbit.

1719 4570 1974 4631 Quomodo
1991 4570 2119 4621 enim
2133 4607 2149 4631 ,
2168 4584 2322 4633 quum
2341 4570 2444 4632 ejus
2461 4568 2679 4619 membra
2696 4568 2912 4619 articulis
2929 4570 3122 4617 careant
3133 4602 3149 4628 ,

1720 4659 1809 4708 nisi
1834 4658 2121 4709 naturaliter
2146 4671 2258 4707 crus
2282 4658 2575 4718 reflecteret,

1722 4746 1922 4797 dorsum
1940 4746 2079 4809 pulli
2099 4758 2269 4796 versus
2290 4745 2486 4809 oblique
2503 4744 2672 4795 laxans
2685 4744 2888 4807 eostam,

1725 4835 1882 4897 posset
1900 4833 2138 4884 ambobus
2159 4834 2390 4884 uberibus
2405 4835 2595 4884 nutrire
2612 4832 2798 4895 pullum
2813 4834 2836 4880 Ρ

1725 4922 1870 4973 Aiunt
1887 4924 2016 4973 enlm
2035 4922 2175 4985 periti
2193 4922 2404 4973 bestiarii
2422 4958 2438 4984 ,
2463 4934 2517 4972 se
2533 4934 2640 4971 eam

1724 5012 2008 5061 retinentem
2028 5024 2195 5061 secum
2212 5011 2428 5061 sobolem
2449 5023 2589 5060 suam
2612 5009 2818 5060 educere

1729 5114 1791 5149 ex
1813 5099 2064 5163 paludibus
2079 5101 2254 5162 tantis,
2269 5100 2464 5151 tametsi
2484 5100 2576 5149 boe
2593 5098 2840 5149 nonnullis
2857 5097 3033 5147 mirum
3053 5096 3272 5145 videatur

1650 5198 1707 5241 δῦ
3001 5196 3056 5237 2³
