3767 5825
1505 376 1938 440 PRAEFATIO.
3026 393 3104 436 m

314 528 614 601 quarum
640 504 865 576 dictio
899 504 1081 576 adeo
1110 520 1261 577 erat
1292 507 1606 597 insolita,
1646 498 1729 579 ut
1762 534 1883 579 eas
1914 510 1990 579 in
2019 508 2418 580 editionem
2451 525 2777 581 nostram
2804 512 3122 609 recipere

316 654 461 699 non
482 654 700 699 ausus
731 630 892 718 sim,
928 629 1093 701 licet
1124 630 1422 703 forsitan
1456 632 1565 703 vel
1594 633 1821 729 ipsius
1852 634 2182 727 Dionysii
2218 633 2616 705 velsaltem
2642 635 3122 733 paraphrastae

310 755 619 851 genuina
637 753 853 825 verba
879 753 1300 825 exhibeant:
1320 756 1422 826 sic
1451 756 1639 853 praef.
1656 755 1916 853 legitur
1933 763 2052 829 ὑπὸ
2072 761 2182 840 τὰς
2203 762 2478 854 θάμνους,
2497 759 2627 829 lib.
2661 759 2824 831 eod.
2861 785 3016 858 cap.
3041 789 3119 831 2:

311 881 809 975 Διὸςισκῆπτροις
846 881 1041 975 ἀγχοῦ·
1069 882 1177 949 τὸν
1226 884 1507 977 κέραυνον
1541 884 1960 970 ἐπικαθῆσθαι,
1994 897 2067 953 et
2117 907 2274 979 cap.
2323 882 2416 953 30
2471 887 2726 981 πότερον
2759 889 2811 955 εἰ
2875 890 2958 967 εἰς
3019 883 3116 957 ὕδ.

311 1009 573 1097 ἐμπεπτ.
604 1032 666 1074 κ.
704 998 767 1073 δ.
799 1032 909 1074 πτ.
948 1025 1041 1100 u:
1085 1008 1137 1074 εἰ
1172 999 1242 1073 δὲ
1273 1006 1435 1075 κατὰ
1463 1034 1521 1075 τ.
1548 1034 1611 1103 γ.
1654 1011 1759 1095 iv„
1789 1010 2014 1104 καιρὸς,
2045 1035 2108 1078 κ.
2140 1036 2204 1077 τ.
2231 1016 2292 1079 λ.

408 1126 947 1225 supplementa,
998 1154 1037 1200 e
1066 1128 1231 1201 cod.
1274 1130 1489 1202 Paris.
1523 1129 1857 1203 desumta
1884 1156 2078 1203 nova
2123 1131 2454 1204 versione
2493 1131 2716 1205 latina
2753 1135 3062 1207 instruxi
3087 1127 3118 1207 ἐ

311 1253 719 1323 versionem
755 1254 1313 1343 Gesnerianam,
1358 1255 1527 1325 licet
1564 1257 1733 1326 satis
1761 1256 2197 1353 elegantem,
2255 1256 2385 1327 ubi
2419 1282 2568 1327 non
2598 1258 2910 1355 amplius
2951 1284 3118 1331 cum

310 1377 553 1473 groecis
591 1378 1003 1450 consentire
1037 1378 1441 1469 videbatur,
1468 1379 1847 1453 hincinde
1872 1380 2196 1469 ad„hanc
2231 1408 2562 1453 normam
2602 1384 2881 1479 exigere
2904 1410 3122 1457 cona·

314 1518 429 1572 tus
461 1527 645 1574 sum.
684 1501 1135 1575 Monendum
1162 1520 1426 1594 tamen,
1465 1504 1665 1576 hanc
1706 1506 2118 1577 versionem
2153 1531 2373 1605 quam
2415 1505 2601 1578 duce
2640 1506 2802 1579 cod.
2845 1512 3124 1581 Veneto

310 1642 775 1699 contexuerat
800 1629 910 1698 vir
937 1627 1403 1700 doctissimus
1433 1630 1804 1725 (Bc'blc'otlz.
1841 1632 1919 1701 in
1951 1633 2293 1730 Oppiano
2317 1632 2368 1727 ),
2406 1632 2666 1729 saepius
2703 1634 2927 1731 magis
2959 1660 3126 1707 cum

313 1766 565 1822 nostro
603 1750 853 1824 codice
893 1778 1112 1851 quam
1152 1778 1321 1823 cum
1370 1768 1715 1826 contextu
1775 1755 2301 1854 Windingiano
2350 1758 2790 1829 consentire.
2851 1764 3125 1831 Futuro

313 1877 542 1947 nostri
589 1877 917 1972 Dionysii
968 1877 1233 1948 editori
1268 1878 1649 1950 incumbet
1691 1903 1863 1949 cura
1906 1880 2322 1952 excutiendi
2369 1907 2542 1952 cum
2591 1882 2756 1955 cod.
2793 1883 3120 1958 Vindob.

310 2026 399 2073 cu
398 2001 519 2097 jus
538 2002 862 2072 meminit
885 2002 1303 2073 Lambecius
1322 2003 1351 2100 (
1368 2008 1773 2075 Comment.
1802 2001 1895 2074 de
1911 2002 2170 2075 illustr.
2204 2005 2714 2099 Bibl.Caes.V1‚
2736 2013 2814 2099 ΙΙ,
2835 2009 3000 2080 cod.
3028 2006 3125 2103 5),

311 2141 469 2196 turn
524 2124 687 2196 cod.
730 2126 1333 2218 Escorialensem,
1367 2126 1457 2199 de
1487 2109 1634 2225 quo
1676 2126 1842 2199 vide
1889 2126 2084 2199 doct.
2141 2130 2371 2201 Miller
2408 2130 2437 2228 (
2469 2138 2893 2204 Manuscrits
2923 2160 3130 2233 grec-s

306 2251 399 2320 de
436 2249 841 2337 l'Escm·1·al,
880 2254 1109 2335 Raris,
1166 2252 1369 2341 1848,
1412 2252 1526 2341 4²⁰,
1559 2278 1631 2349 p.
1679 2253 1810 2322 188
1846 2254 1894 2347 ).
1931 2257 1986 2322 E
2013 2254 2255 2326 verbis
2293 2280 2454 2354 quae
2478 2272 2814 2329 nostrum
2859 2259 3132 2357 Diony-

228 2440 233 2443 .
308 2375 503 2445 sium
536 2375 613 2444 in
649 2374 796 2446 hoc
828 2375 993 2447 cod.
1032 2375 1387 2447 inchoant
1416 2386 1443 2472 (
1472 2382 1527 2447 οἱ
1556 2380 1723 2447 ἀετοὶ
1746 2350 2104 2474 ιπι-’λεῖσι-ον)
2148 2380 2511 2478 conjicere
2537 2381 2728 2473 licet,
2769 2408 2938 2453 eum
2965 2410 3130 2481 sup·

306 2496 697 2596 plementis
745 2526 981 2572 carere
1019 2526 1177 2598 quae
1217 2526 1255 2572 e
1302 2500 1463 2572 cod.
1502 2504 1717 2574 Paris.
1759 2503 2216 2577 exhibemus.
2266 2506 2771 2579 Adnitendum
2814 2507 3131 2608 denique

304 2622 471 2707 erit,
488 2639 569 2694 ut
598 2623 839 2695 denuo
869 2626 1323 2722 reperiantur
1356 2625 1521 2699 cod.
1560 2632 1907 2720 Venetus,
1944 2655 2094 2729 quo
2119 2656 2294 2701 usus
2317 2647 2428 2702 est
2459 2636 2827 2703 Gesnerus
2861 2649 2932 2704 et
2962 2631 3126 2705 cod.

308 2746 734 2833 Vaticanu5‚
795 2745 1003 2843 cujus
1071 2749 1569 2848 apographum
1624 2752 1700 2823 in
1757 2752 2145 2826 condenda
2209 2754 2532 2827 editione
2596 2783 2726 2829 sua
2793 2758 3132 2830 adhibuit

308 2874 395 2940 W
405 2869 780 2968 indingius
818 2874 923 2969 (1)
980 2899 997 2942 ε
1050 2873 1313 2947 frustra
1367 2889 1607 2948 tamen
1666 2877 1759 2950 de
1788 2876 1906 2950 his
1953 2879 2171 2952 codd.
2234 2879 2518 2979 aliquid
2556 2884 2732 2955 certi
2779 2884 3126 2981 expiscari

301 3011 616 3068 conatus
650 3023 839 3070 sum.

510 3324 518 3328 ⁴
576 3240 799 3327 Scripsi
840 3242 1033 3308 Nonis
1070 3241 1425 3308 Februariis
1456 3247 1654 3310 485⁴.

381 3459 464 3542 (1)
496 3465 543 3519 E
570 3483 823 3539 quonam
854 3467 991 3523 cod.
1039 3469 1445 3544 transcriptum
1492 3480 1640 3527 esset
1666 3468 1908 3526 alterum
1941 3470 2339 3547 apographum
2365 3471 2459 3528 cui
2488 3470 2799 3528 editionem
2848 3491 3007 3530 suam
3025 3493 3128 3530 su·-

294 3573 635 3648 perstruxit,
656 3573 845 3630 dicere
872 3576 1126 3649 neglexit
1150 3577 1237 3632 vir
1256 3576 1485 3634 doctus.
