3767 5825
1478 340 1889 401 PRAEFATlO

179 466 230 506 tn
246 462 476 512 Heinekii
495 462 738 513 editione:
1144 473 1196 516 ln
1221 468 1312 517 hac
1334 468 1548 517 editione
1571 484 1584 517 :

273 642 328 697 5.
371 640 571 699 στάθεα
616 685 1274 704 ............
1310 645 1502 717 στήθεα
1531 649 1608 723 (ι)

275 750 331 800 7.
377 730 465 787 ἐπ’
493 726 650 809 ὧρεσι
692 774 1308 792 ...........
1335 736 1388 792 ἐν
1413 733 1573 815 ὤρεσι

273 819 329 874 8.
373 816 501 897 ἀνιᾷ
540 860 1332 881 ..............
1377 824 1496 899 ἀνιῇ
1525 820 1607 899 (2)

241 924 262 957 1
281 923 330 959 ι.
371 903 576 979 χεῦιεος
619 948 1230 966 ...........
1273 908 1476 985 χείλεος
1503 910 1585 988 (3)

245 998 330 1056 14.
377 1014 471 1065 μιν
504 1034 1237 1053 .............
1257 1020 1333 1054 νιν
1361 1017 1433 1053 ex
1461 1000 1609 1075 conj.

237 1098 329 1134 αι.
369 1078 664 1147 νήπλεκτος
706 1123 1200 1144 .........
1243 1084 1506 1155 νήπεπλος
1527 1086 1610 1163 (4)

236 1168 325 1223 25.
368 1188 464 1243 μιν
507 1210 1244 1229 .............
1286 1196 1364 1230 νιν
1393 1195 1466 1230 cx
1497 1174 1646 1249 conj.

235 1257 326 1313 ²6.
371 1254 942 1333 πάθεα-ὗπομαζοί.
968 1258 1373 1329 .στήθεα--ὖπὸ
1393 1260 1546 1339 μαζοί
1577 1264 1648 1339 (5)

234 1347 323 1399 31.
367 1340 644 1423 Κύπριδος
671 1345 784 1402 αἰαῖ
787 1388 1042 1403 .....
1087 1344 1370 1429 Κύπριδος.
1394 1353 1508 1407 αἰαῖ
1536 1350 1618 1425 (6)

233 1430 323 1485 33.
367 1429 616 1490 κλαίουσι
660 1473 1036 1493 .......
1082 1485 1092 1495 .
1144 1479 1158 1493 .
1202 1480 1217 1493 .
1264 1482 1276 1493 .
1321 1436 1554 1494 κλαίοντι

231 1520 326 1587 36,
358 1522 459 1591 37.
508 1518 687 1577 ἀείδει.
718 1520 848 1578 Αἷαῖ
891 1562 1148 1582 .....
1191 1522 1377 1581 ἀείδει·
1414 1526 1528 1581 αἰαῖ
1569 1524 1648 1601 (7)

231 1608 322 1681 39.
365 1606 471 1677 ἅν;
505 1610 620 1665 αἷαὶ
660 1651 1270 1669 ...........
1312 1609 1376 1669 ἂν
1405 1614 1546 1682 αἷαῑ;

229 1694 323 1763 45.
365 1694 430 1754 τὸ
454 1696 502 1753 δ’
533 1687 600 1754 αὖ
644 1738 1326 1758 ............
1369 1699 1476 1759 τόδ’
1510 1691 1577 1759 αὗ

3093 345 3253 415 xxvij

1799 475 1856 520 In
1873 469 2091 521 Meinekii
2111 470 2321 520 edit-ione
2340 485 2354 515 ε
2767 473 2781 517 Ι
2788 481 2819 516 ιι
2843 468 2933 517 liac
2954 468 3167 517 editione
3192 489 3204 518 :

1860 567 1954 629 47.
1996 562 2168 638 ψυχῆς
2200 600 2260 611 --
2281 560 2375 626 κής
2423 599 2851 615 ........
2882 557 3265 636 ψυχᾶς-κείς

1861 646 1955 704 55.
1999 646 2254 728 κρείσσων
2298 690 2312 703 .
2357 691 2369 704 .
2415 688 2429 702 .
2475 668 2516 701 .·
2534 686 2906 702 .......
2950 642 3185 724 κρέσσων

1863 735 1954 793 56.
2000 734 2150 804 ἀνίην
2198 774 2920 795 .............
2958 732 3107 789 ἀνίαν

1859 824 1955 895 57.
1997 820 2056 879 σὲ
2085 822 2345 901 φοόεῧμαι
2388 862 2758 879 .......
2772 880 2777 883 ,
2803 865 2817 878 .
2862 818 3159 896 σεσόὸημαι
3181 818 3263 896 (8)

1858 912 1953 967 61.
1999 909 2199 988 ἐμήναο
2226 908 2377 990 θηρσὶ
2423 952 2731 969 ......
2774 908 2980 987 ἔμεινας
3008 913 3142 988 θῆρα
3177 908 3259 985 (9)

1858 998 1951 1055 65.
1992 996 2226 1075 γίγνεται
2269 1037 2875 1060 ...........
2917 996 3117 1076 γίνεται
3140 994 3263 1075 (ιο)

1858 1093 1951 1158 74.
1994 1086 2143 1143 πόθει
2183 1126 2984 1145 ..............
3029 1088 3179 1143 ποθεῖ

1858 1175 1950 1245 76.
1992 1172 2081 1231 καὶ
2113 1212 2792 1233 .............
2837 1170 2954 1230 κατ’
2980 1194 3053 1230 ex
3083 1174 3233 1249 conj.

1861 1282 1958 1334 77,
1991 1264 2083 1319 80.
2130 1285 2220 1340 μιν
2266 1302 2888 1322 ...........
2908 1283 2986 1318 νιν
3015 1279 3086 1318 ex
3115 1263 3265 1338 conj.

1857 1349 1949 1405 82.
1994 1338 2090 1426 ἆγε
2132 1390 2986 1410 ...............
3031 1338 3164 1426 ἆξε(
3178 1371 3197 1405 ι
3218 1350 3267 1426 ι)

1858 1437 1953 1493 83.
1997 1435 2051 1501 ὃς
2080 1435 2134 1494 δὲ
2162 1436 2347 1510 Mena
2391 1478 2893 1496 .........
2926 1439 2975 1493 οἱ
2998 1433 3053 1493 δὲ
3080 1434 3267 1508 λε’ὅησι

1858 1526 1953 1594 84.
1996 1526 2227 1605 χρυσείῳ
2254 1525 2823 1607 φορεησιν..χρυσείοις
2853 1524 3121 1607 φορέουσιν
3146 1526 3267 1603 (12)

1856 1612 1949 1670 86.
1992 1614 2170 1672 Αὐτὰν
2216 1658 2837 1675 ...........
2870 1615 2984 1671 αἷαῖ
3008 1619 3267 1693 Lennep.

1854 1720 1948 1775 90.
1990 1699 2025 1771 ἢ
2053 1698 2332 1777 Ὑμέναιος
2377 1745 2692 1761 ......
2765 1694 2823 1758 αἶ
2844 1698 3126 1777 Ὑμέναιον
3148 1702 3196 1781 (ι
3214 1714 3269 1793 3)

181 1881 246 1944 (1)
279 1881 402 1931 eod.
447 1900 510 1931 1ο
553 1882 664 1932 edd.
704 1883 929 1951 Callierg.
967 1887 1101 1937 Crat.
1145 1885 1296 1939 Brub.
1326 1915 1394 1923 —
1429 1891 1494 1937 V.
1536 1906 1561 1949 7
1589 1889 1640 1938 ἐν
1743 1898 1801 1945 14

123 1956 259 2019 ὦρεσι
281 1956 454 2024 scripsi
492 1974 555 2007 ex
589 1957 878 2023 conjectura.
905 1960 1180 2025 Pmpositio
1209 1961 1286 2011 ἐπί
1329 1970 1432 2011 orta
1481 1972 1551 2011 est
1591 1980 1647 2012 ex

123 2046 245 2079 versu
271 2032 596 2099 praecedeme.

180 2110 249 2171 (ο)
281 2109 404 2157 cod.
436 2125 502 2156 ιο
529 2108 705 2157 diserte
723 2108 869 2158 babet
889 2110 1020 2181 ἀνιῇ,
1051 2109 1180 2175 quod
1194 2111 1292 2175 jam
1323 2111 1470 2161 voluit
1485 2112 1648 2161 luuh}-

125 2196 268 2231 mann.
293 2186 412 2248 leg.
429 2181 551 2231 dial.
584 2200 637 2249 p.
661 2199 740 2243 77.

179 2260 246 2320 (3)
278 2256 397 2306 Cod.
443 2274 508 2305 ιο
533 2268 583 2305 et
608 2255 720 2305 edd.
744 2255 859 2305 Ald.
887 2255 1009 2309 Call.
1032 2255 1196 2306 Ursiu.
1227 2256 1355 2308 Crat.
1381 2260 1533 2311 Brub.

181 2332 248 2395 (4)
281 2332 572 2396 Conjectura
606 2340 680 2379 εει
703 2328 919 2397 Bergk-ii.
947 2335 1110 2395 Quum
1149 2332 1329 2388 πέπλος
1367 2348 1468 2381 esse
1504 2334 1653 2400 possit

124 2414 166 2453 et
187 2407 423 2471 ὲιιίὸλημα
467 2414 520 2455 et
541 2406 696 2472 χιτών
721 2407 815 2471 (cf.
849 2403 1045 2457 Becker.
1083 2406 1278 2459 Cbarid.
1308 2413 1372 2459 11.
1406 2427 1458 2478 p.
1487 2412 1649 2478 330),

126 2492 252 2545 atque
274 2483 526 2546 ἑπίὸλημα
550 2479 696 2531 etiam
714 2480 847 2531 domi
870 2480 1128 2548 aoepiaaime
1153 2482 1332 2549 deponi
1352 2484 1543 2547 soleret,
1566 2486 1650 2537 dc-

126 2572 274 2604 corum
301 2574 404 2606 non
441 2565 566 2624 puto
595 2556 789 2609 violari.
818 2557 933 2606 Vult
949 2556 1078 2607 enim
1104 2556 1265 2607 dicere
1290 2567 1464 2625 poeta:
1490 2571 1656 2609 ruerat

127 2648 178 2677 ex
200 2630 331 2680 domo
355 2649 454 2681 sua
481 2632 628 2681 aienti
653 2643 790 2690 emt,
834 2632 1056 2682 indutum
1081 2632 1263 2682 babens
1289 2636 1442 2683 solum
1466 2638 1652 2702 χιτῶνα

127 2720 268 2769 neque
285 2706 600 2772 ὶπίῦλημαί.
628 2722 670 2756 e.
696 2706 895 2758 πέπλον.
922 2734 988 2744 -
1013 2710 1076 2756 V.
1109 2716 1190 2765 24.
1217 2710 1358 2771 Quod
1391 2710 1650 2761 Schneide-

127 2780 220 2827 win.
242 2782 394 2847 Conjj.
423 2782 566 2832 eritt.
593 2796 647 2847 p.
682 2782 774 2829 168
801 2789 970 2849 suopte
992 2780 1189 2847 ingenio
1208 2781 1394 2832 invenit
1415 2784 1618 2849 γοόωσα
1632 2822 1649 2849 ,

129 2855 270 2920 idjam
297 2856 453 2905 edidit
479 2856 546 2905 de
569 2856 846 2922 conjectura
869 2855 1234 2905 Wakefieldins.
1261 2857 1357 2907 Sed
1395 2875 1492 2908 non
1533 2875 1654 2927 opus

129 2931 296 2981 videtur
317 2933 410 2983 bac
433 2932 728 2994 mutatione,
759 2932 1020 2982 dummodo
1043 2934 1194 2984 παιδα
1217 2934 1542 3001 inm-preteria
1565 2935 1650 2986 de·

129 3005 264 3067 licias,
294 3024 596 3075 quamquam
622 3006 726 3057 boc
748 3009 874 3057 vocis
897 3007 1182 3073 significatio
1208 3025 1306 3058 non
1329 3009 1574 3060 invenitur
1602 3011 1655 3061 in

128 3085 276 3150 Stepb.
303 3084 454 3134 Τιιοε.
474 3083 560 3133 ed.
589 3082 741 3132 Paris.

180 3161 246 3224 (5)
277 3161 466 3220 στήθεα
489 3158 608 3209 cod.
636 3174 716 3206 1ο.
736 3184 802 3195 -
836 3161 1018 3206 Vocem
1052 3159 1295 3222 ὓπομαζοί
1325 3156 1458 3207 omui
1486 3159 1652 3208 analo·

131 3249 204 3298 gia
219 3244 570 3302 repugnantem
587 3231 821 3300 deinceps
837 3232 1153 3282 emendarunt
1167 3233 1367 3298 Briggs„
1387 3237 1650 3283 Hermann.

131 3311 192 3368 (in
213 3311 486 3361 Ζίιιιιιιειτιι.
511 3309 726 3376 Ephem.
756 3325 802 3357 a.
839 3313 984 3370 1837.
1009 3325 1056 3375 p.
1084 3310 1228 3372 232),
1255 3313 1320 3358 Ο.
1349 3308 1654 3372 Schneider„

131 3385 282 3450 Bergk.
309 3386 386 3438 Cl'.
411 3385 638 3436 Lobeck.
671 3384 839 3434 Par-all.
871 3401 922 3452 p.
951 3387 1068 3442 384.

185 3463 248 3525 (ὅ)
263 3465 407 3512 Hanc
423 3459 871 3527 interpunctionem
890 3459 1072 3526 primus
1087 3460 1334 3526 proposuit
1349 3459 1652 3519 Wakefield„

132 3549 258 3598 quem
281 3545 474 3586 temtus
508 3543 588 3584 est
619 3534 1042 3586 &bannedum—
1067 3539 1134 3587 V.
1173 3537 1252 3584 32.
1287 3539 1379 3584 Pro
1425 3535 1475 3584 αἱ
1512 3535 1655 3601 δρύες

129 3610 416 3660 εει-ἱδειιιΙι-
441 3627 556 3660 ease
580 3603 638 3661 αἶ
658 3610 802 3678 δρύες
825 3620 872 3660 et
899 3626 988 3676 ego
1004 3611 1298 3676 conjeceram
1326 3618 1376 3659 et
1395 3609 1524 3659 idem
1551 3626 1653 3659 me-

130 3701 226 3734 cum
247 3684 632 3736 communicavit
655 3684 914 3752 Bergkius,
940 3684 1025 3734 sed
1043 3684 1096 3734 id
1119 3687 1334 3752 recipere
1359 3685 1571 3734 dubitavi
1590 3685 1653 3733 ob

131 3757 262 3824 legem
287 3759 420 3827 apud
445 3757 749 3810 Lobeckium
775 3759 828 3807 in
854 3757 1008 3824 Sopb.
1031 3759 1110 3824 Aj.
1137 3774 1182 3808 v,
1208 3763 1304 3820 37⁰
1329 3759 1539 3808 allatam.
1565 3763 1656 3808 At-

131 3851 212 3898 que
233 3835 468 3900 Bergkius
495 3833 604 3900 ipse
631 3849 760 3883 nnnc
783 3832 1045 3900 improbat.
1075 3837 1147 3882 De
1187 3833 1386 3882 articulo
1411 3833 1472 3884 ad
1512 3833 1656 3899 δρύες

131 3911 332 3976 apposito
361 3919 414 3959 et
436 3909 499 3958 ad
518 3909 666 3974 ’ὧρεα
687 3908 851 3958 πάντα
875 3906 1051 3957 omisso
1075 3907 1228 3958 dicam
1259 3907 1525 3958 accuratius
1558 3907 1655 3957 alio

189 4060 254 4122 (7)
283 4057 541 4108 Immerito
562 4057 858 4124 Stephanum
883 4057 1032 4106 secuti
1055 4066 1194 4116 sunt,
1223 4057 1307 4124 qui
1330 4058 1472 4124 plena
1509 4059 1656 4107 inter-

137 4134 378 4200 punctione
403 4142 521 4202 post
546 4133 694 4183 ἀείδει
722 4132 877 4199 posita
907 4132 1023 4182 inde
1053 4149 1082 4183 a
1107 4149 1244 4182 versu
1270 4136 1332 4194 37
1361 4148 1531 4182 novam
1558 4131 1655 4181 dis-

139 4209 394 4260 tinctionem
423 4208 700 4260 faciendam
729 4215 970 4274 putarent.
1011 4209 1136 4256 Nam
1173 4207 1314 4256 verba
1353 4209 1470 4273 Ἇχὼ
1505 4205 1547 4256 δ’
1570 4208 1654 4258 ἀν-

137 4285 350 4335 τεὸὁασεν
377 4286 495 4335 ιιτλ.
524 4283 788 4332 luculenter
821 4283 1174 4341 demonstrant,
1209 4292 1382 4330 certam
1408 4297 1654 4347 personam

137 4359 293 4410 diserte
319 4361 470 4411 verba
499 4357 690 4426 preire.
709 4358 767 4408 Id
789 4357 874 4423 qui
895 4357 1134 4407 intellexit
1159 4356 1400 4406 Heskinus
1423 4367 1658 4408 commate

141 4437 339 4487 distinxit
364 4446 476 4505 poet
502 4437 670 4492 ἀείδει,
698 4443 746 4484 et
770 4449 931 4483 venus
957 4437 1019 4496 37
1048 4442 1098 4483 ct
1134 4435 1196 4482 38
1236 4442 1364 4481 arcte
1387 4433 1656 4499 copulavit,

143 4522 188 4560 ut
223 4529 378 4562 rmus
419 4517 482 4574 37
517 4511 676 4560 dictus
707 4517 828 4558 esset
869 4525 930 4558 ex
963 4523 1164 4574 persona
1197 4505 1400 4555 Veneris
1437 4507 1654 4556 dolentis.

61 4623 70 4632 .
143 4587 323 4636 Reskini
341 4586 587 4636 rationem
606 4586 716 4649 jure
733 4583 1002 4651 probarunt
1021 4581 1204 4632 Schier.
1238 4581 1450 4632 Brunck.
1474 4581 1655 4630 Wake-

147 4661 258 4713 field.
288 4661 536 4712 Gaisford.
573 4659 752 4724 Briggs.
791 4657 1179 4710 Baianum—V.
1217 4658 1302 4706 52.
1339 4660 1440 4720 Ego
1476 4655 1657 4720 conjeci

148 4739 244 4802 πὲιρ
269 4736 480 4800 στυγνὸν
511 4735 738 4800 βασιλῆα,
767 4732 939 4798 Bergk.
969 4730 1116 4782 scribi
1140 4732 1242 4780 vult
1264 4734 1346 4791 ὡς,
1377 4737 1438 4780 Ο.
1460 4730 1657 4780 Schnei-

149 4813 232 4860 der.
253 4815 350 4861 τὸν
379 4810 596 4875 στυγνόν
624 4810 728 4858 coll.
757 4809 818 4858 de
841 4808 1120 4858 confusione
1145 4804 1388 4874 particulas
1404 4807 1488 4856 καὶ
1514 4816 1564 4855 et
1582 4823 1658 4856 ar-

151 4887 264 4934 ticuli
289 4891 466 4952 Unger.
511 4886 562 4934 iu
590 4883 864 4935 Zimmerm.
891 4882 1146 4950 Ephemer.
1167 4899 1215 4935 a.
1253 4884 1395 4939 1842.
1425 4899 1476 4949 p.
1513 4885 1656 4940 1143.

153 4961 270 5009 Adde
292 4961 549 5011 Scbubart.
578 4958 628 5008 iu
669 4963 868 5011 Pausan.
906 4961 1002 5010 vol.
1031 4963 1098 5010 Π.
1125 4977 1175 5026 p.
1199 4975 1306 5010 xxx.
1339 4963 1398 5008 In
1435 4957 1526 5006 boc
1555 4957 1660 5024 ipso

152 5035 296 5085 Bionis
309 5036 518 5086 carmine
531 5052 580 5087 v.
607 5045 669 5097 74
699 5049 788 5101 pro
812 5035 894 5084 καὶ
907 5034 1086 5084 babent
1098 5034 1240 5085 codd.
1269 5037 1327 5086 C.
1351 5050 1428 5085 ιο.
1444 5033 1546 5082 τὸν.
1565 5033 1657 5081 Sed

155 5109 364 5176 scriptura
393 5112 578 5175 vulgata
605 5109 801 5158 fortasse
825 5110 1016 5158 defendi
1043 5119 1216 5176 potest.
1273 5111 1378 5162 ctr.
1404 5109 1592 5160 Moscb.
1617 5115 1655 5160 Ι.

1823 1906 1836 1939 :
1874 1892 1978 1946 κείς
2008 1890 2264 1957 Ἀχέροντα
2289 1892 2372 1941 καὶ
2414 1891 2575 1941 Ἀιδὲω
2604 1891 2812 1955 βασιλῆα
2832 1928 2845 1951 ,
2888 1890 3011 1939 sicut.
3035 1908 3093 1939 ex
3126 1890 3266 1944 codd.

1738 1963 1887 2016 edidi.
1917 1964 2068 2030 soph.
2094 1966 2168 2015 El.
2208 1966 2296 2012 183
2318 1979 2331 2013 :
2352 1966 2411 2013 ‘O
2434 1966 2569 2031 παρὰ
2596 1966 2679 2014 τὸν
2714 1966 2971 2030 Ἀχέροντα
2994 1965 3100 2022 θεὸς
3125 1966 3271 2016 ἀνάσ-

1737 2056 1858 2088 σων.
1887 2040 2007 2087 Nam
2032 2038 2208 2103 duplex
2234 2038 2504 2105 praepositio
2530 2038 2803 2088 Acheronta
2829 2048 2877 2087 et
2902 2040 3149 2089 Plutonem
3175 2039 3270 2089 dis-

1740 2112 1955 2177 tinguere
1980 2111 2167 2162 videtur
2183 2114 2314 2178 justo
2340 2114 2548 2178 gravina.

1804 2188 1876 2251 (8)
1916 2190 2200 2253 Cot-ruptam
2228 2202 2325 2235 esse
2365 2186 2647 2253 scripturam
2684 2188 2918 2251 vulgatam
2962 2187 3061 2237 fere
3104 2204 3268 2237 omnes

1739 2261 2062 2309 consentiunt.
2088 2264 2213 2310 Nam
2237 2260 2458 2327 displicet
2484 2270 2531 2310 et
2558 2262 2691 2311 notio
2710 2262 2843 2312 verbi
2862 2274 2910 2312 et
2927 2280 3036 2312 usus
3052 2266 3269 2313 secundae

1740 2351 1955 2401 pet-sonae
1981 2336 2056 2398 σέ,
2085 2352 2231 2401 quum
2257 2334 2307 2385 in
2338 2335 2568 2402 proximis
2593 2337 2747 2386 verbis
2784 2338 3009 2394 θνάσκεις
3034 2334 3075 2388 ὦ
3102 2340 3267 2406 τριπό-

1740 2413 1855 2460 Θατε
1880 2410 2041 2460 statim
2076 2413 2135 2461 ad
2161 2410 2433 2463 Adonidem
2471 2412 2625 2462 oratio
2662 2428 2887 2464 conversa
2921 2414 2997 2464 sit.
3041 2414 3140 2464 Alii
3178 2414 3268 2464 alia

1740 2494 1999 2547 tentarunt,
2025 2502 2112 2551 ego
2140 2503 2298 2554 recept
2314 2486 2445 2551 quod
2473 2486 2703 2553 Bcrgkius
2730 2487 2847 2537 mibi
2878 2488 3133 2538 liberaliter
3155 2505 3264 2555 sup-

1741 2561 1989 2625 peditavit.
2008 2590 2067 2599 --
2098 2566 2165 2611 V.
2194 2563 2261 2625 59
2285 2563 2459 2613 κενοὶ
2488 2566 2741 2629 Ἔρωτες,
2767 2580 2909 2629 quam
2938 2560 3099 2613 v'occm
3130 2580 3269 2613 sensu

1739 2652 1901 2685 carere
1934 2637 2051 2687 dicit
2076 2638 2426 2690 Wordsworth.
2450 2638 2505 2688 in
2538 2639 2785 2691 Theocrit.
2822 2656 2871 2707 p.
2918 2656 3039 2700 102,
3066 2639 3270 2705 ideoque

1741 2712 1937 2761 mutavit
1962 2714 2011 2761 iu
2033 2714 2194 2775 μόνοι,
2217 2722 2348 2762 recte
2372 2713 2655 2780 explicatam
2682 2731 2785 2764 esse
2820 2724 2937 2780 puto
2975 2731 3004 2765 a
3042 2712 3270 2764 Lobeckio

1740 2786 1794 2836 in
1819 2788 1971 2854 Soph.
1997 2790 2077 2853 Aj.
2104 2804 2150 2837 v-
2178 2791 2295 2851 987.

1805 2863 1878 2928 (9)
1914 2861 2108 2928 ἔμεινας
2141 2864 2250 2914 edd.
2303 2865 2424 2917 Gall.
2468 2866 2601 2917 Crat.
2641 2864 2793 2916 Brub.
2849 2862 3016 2914 Ursin.
3055 2864 3266 2933 Xyland.

1742 3004 1952 3056 Brunck.
1981 3004 2217 3054 Teucber.
2245 3004 2423 3069 Briggs.
2450 2956 2633 3069 ἔμεινας
2658 2958 2769 3070 θηρσὶ
2798 3021 2872 3053 ιο.
2903 3005 3028 3070 θῆρα
3062 3007 3116 3054 C.
3142 3005 3269 3070 apud

1741 3079 1893 3131 Gaisf.
1924 3085 2091 3144 ltaque
2116 3079 2466 3130 admittendum
2492 3080 2656 3147 putavi
2697 3079 2825 3146 quod
2863 3079 3143 3128 dubitanter
3171 3081 3268 3143 jam

1743 3154 1990 3221 proposuit
2006 3153 2298 3206 McinekiuS.
2315 3159 2546 3204 Praeterea
2566 3159 2631 3204 A.
2657 3153 2856 3220 Koecllly
2878 3155 3031 3220 Conjj.
3052 3155 3101 3202 in
3123 3154 3271 3220 Apol-

1741 3233 1838 3284 lon.
1868 3241 1917 3281 et
1940 3237 2070 3300 Opp.
2101 3233 2231 3300 Lips.
2262 3235 2407 3285 1838.
2434 3250 2485 3299 p.
2512 3250 2545 3298 9
2580 3250 2666 3300 pro
2700 3232 2973 3284 τοσσοῦτον
3000 3232 3203 3298 conjecit
3225 3234 3271 3282 τί

1741 3306 2001 3358 τοσοῦτον.
2030 3312 2085 3357 In
2112 3307 2237 3358 idem
2264 3307 2436 3359 incidit
2460 3308 2631 3372 Bergk.

1805 3383 1912 3446 (10)
1946 3387 2021 3432 Ex
2044 3383 2152 3435 cod.
2182 3386 2393 3432 ιιι-Ὗ.
2420 3392 2481 3443 74
2506 3382 2646 3432 ποθεῖ
2668 3397 2726 3431 ex
2745 3381 2873 3445 conj.
2903 3378 3067 3429 Groefii
3085 3389 3131 3428 et
3149 3383 3272 3429 Her-

1741 3457 1927 3508 manni.
1950 3487 2011 3495 —
2036 3463 2099 3508 V.
2132 3461 2192 3520 75
2218 3458 2362 3524 βάλλε
2388 3456 2476 3508 ἑνὶ
2500 3457 2787 3522 στεφάνοισι
2820 3454 3013 3504 defendi
3051 3454 3272 3504 existimo

1743 3532 1801 3583 iis
1827 3549 1934 3598 quae
1956 3533 2095 3583 attuli
2119 3535 2170 3582 in
2199 3533 2368 3584 Jahnii
2390 3533 2585 3582 Annali.
2617 3532 2739 3598 phil.
2770 3541 2819 3580 et
2832 3531 3013 3598 pedag.
3041 3546 3089 3581 a.
3123 3533 3268 3588 1844.

1743 3609 1836 3656 vol.
1861 3611 1969 3656 11..
2002 3627 2050 3674 p.
2083 3619 2197 3672 149.

1807 3683 1854 3745 (1
1867 3683 1914 3743 1)
1948 3682 2164 3731 Correxit
2180 3682 2398 3734 Meinek.
2412 3682 2466 3733 in
2485 3680 2674 3742 adnot„
2692 3679 2926 3746 probante
2948 3679 3191 3728 Lobeckio
3222 3678 3273 3728 in

1741 3757 2015 3806 Buttmanni
2034 3759 2180 3825 ampl.
2209 3762 2299 3807 Gr.
2329 3763 2396 3808 11.
2430 3776 2479 3824 p.
2506 3761 2591 3822 98.
2616 3757 2714 3804 Pro
2738 3751 2970 3822 εὔπτερον
2990 3755 3165 3818 Bergk.
3193 3769 3271 3802 ειι-

1741 3831 1951 3897 spicatur
1977 3831 2207 3898 ἄπτερον,
2237 3833 2365 3898 quod
2394 3833 2615 3900 pharetra
2639 3829 2819 3894 sagittis
2845 3829 2909 3878 sit
2932 3845 3097 3880 vacua.

1809 3909 1915 3973 (ιο)
1947 3909 2117 3968 λε’ὅησι
2136 3910 2381 3976 χρυσείοις
2404 3908 2519 3957 dant
2545 3922 2731 3968 omnes,
2758 3913 2812 3954 ιιι
2842 3903 3060 3963 videtur,
3088 3902 3275 3952 codices

1743 3992 1791 4032 et
1815 3992 1993 4032 veteres
2014 3983 2247 4032 editiones
2268 3991 2461 4049 excepta
2485 3981 2564 4033 ed.
2586 3982 2733 4038 Flor„
2766 3981 2817 4030 in
2834 3995 2929 4045 qua
2948 3988 3128 4029 exstare
3154 3978 3271 4028 dici-

1746 4068 1823 4108 tur
1847 4058 2114 4121 singularis.
2144 4059 2387 4124 φορέοισιν
2416 4056 2555 4105 codd.
2583 4059 2637 4105 C.
2668 4071 2743 4103 10.
2775 4055 2895 4103 Inde
2919 4054 3185 4121 probabilis
3218 4053 3273 4103 fit

1745 4132 1907 4182 Graefli
1934 4141 1981 4181 et
2007 4131 2205 4196 Briggsii
2232 4132 2499 4198 conjectura
2522 4146 2663 4196 quam
2692 4128 2887 4180 adscivi.
2914 4129 3139 4178 Eamdem
3159 4145 3273 4195 pro-

1745 4210 1874 4261 bavit
1898 4215 2199 4260 Her-mannus
2218 4247 2231 4270 ‚
2259 4220 2310 4260 ut
2330 4209 2473 4260 refert
2490 4209 2798 4260 Miiblmann.
2815 4213 2927 4272 Leg.
2949 4207 3066 4256 dial.
3087 4225 3134 4273 p.
3166 4211 3273 4258 136.

1741 4289 1892 4338 -V.
1922 4289 1983 4334 88
2017 4295 2067 4335 et
2099 4291 2162 4350 89
2188 4287 2356 4337 οὐκέτι
2378 4284 2674 4351 conjunctim
2709 4283 2819 4332 cod.
2869 4299 2946 4333 ιο.
2990 4281 3099 4331 edd.
3140 4285 3269 4333 Crat.

1745 4359 1896 4412 Brub.
1924 4361 2208 4424 ἀειδόμενον
2236 4377 2308 4414 cc.
2336 4361 2443 4411 ἐστί
2467 4360 2503 4410 ἰ.
2530 4379 2574 4410 e.
2600 4360 2827 4410 ἀείδεται.
2858 4355 2933 4407 Cf.
2962 4359 3031 4408 W
3030 4355 3275 4405 aeenowski

1745 4441 1878 4505 synt.
1904 4439 2105 4487 anomal.
2129 4433 2283 4489 Grec.
2308 4455 2433 4504 pars,
2457 4454 2561 4504 cap.
2582 4441 2648 4486 V.
2667 4436 2795 4498 ὓμάν
2812 4442 2879 4484 εει
2902 4443 3070 4482 camus
3088 4435 3272 4500 nuptia·

1747 4511 1824 4570 Iis,
1855 4521 1905 4561 ιιι
1917 4513 2045 4578 apud
2058 4512 2203 4562 ovid.
2219 4511 2419 4564 uei-oid.
2434 4514 2552 4562 ΧΠ.
2588 4513 2705 4571 137:
2730 4513 2791 4556 Ue
2802 4506 2956 4556 subito
2977 4515 3167 4556 nostras
3184 4507 3273 4578 lay-

1746 4604 1849 4634 men
1877 4597 2095 4636 cantatus
2123 4585 2192 4634 ad
2211 4604 2352 4636 aures
2372 4587 2531 4642 Venit,
2566 4586 2699 4650 cujus
2721 4583 2813 4632 loci
2838 4599 2914 4632 me
2939 4583 3188 4632 admonuit
3209 4588 3271 4634 Ο.

1747 4662 2025 4712 Schneider.
2062 4679 2089 4711 a
2109 4662 2329 4712 mutandi
2353 4661 2555 4711 libidine
2581 4677 2657 4708 me
2683 4667 2976 4709 necaturus.
3007 4662 3130 4708 Nam
3160 4661 3272 4708 scri·

1749 4738 1860 4786 bere
1883 4737 2015 4784 volui
2052 4738 2123 4786 vel
2148 4736 2278 4802 quod
2310 4737 2425 4785 olim
2453 4735 2573 4784 mihi
2606 4735 2657 4784 in
2700 4743 2908 4782 mentem
2938 4731 3067 4782 venit
3110 4732 3267 4784 ἄειδε·

1751 4813 1903 4877 μόνον
1929 4814 2071 4875 μέλος
2096 4811 2263 4880 ᾄδεται
2286 4811 2389 4860 αἰαῖ
2419 4812 2488 4858 vet
2520 4809 2649 4875 quod
2670 4808 2871 4874 ltoechty
2901 4809 2934 4856 Ι.
2965 4809 3000 4856 Ι.
3024 4810 3271 4875 proposuit

1748 4887 1905 4937 ἄειδεν
1934 4887 2013 4936 ἑὸν
2038 4889 2195 4950 μέλος,
2222 4885 2387 4954 ᾅδεται
2411 4885 2530 4935 αἰαῖ.

1814 4961 1919 5024 (13)
1956 4959 2150 5009 Retinui
2178 4960 2392 5009 codicum
2417 4969 2461 5008 ut
2480 4971 2690 5009 veterum
2718 4957 2980 5008 editionum
3004 4957 3271 5018 lectionem,

1749 5051 1897 5100 quum
1924 5050 2019 5083 nou
2045 5043 2285 5098 appareat,
2303 5051 2397 5099 qua
2422 5053 2473 5084 re
2502 5033 2774 5083 lamentatio
2801 5042 2849 5081 et
2870 5033 3007 5081 dulor
3026 5031 3273 5081 Chai-itum

1748 5107 1965 5159 acerbior
1986 5108 2130 5158 fuerit
2161 5125 2301 5174 quam
2336 5109 2600 5176 Hymenaei.
2639 5107 2788 5159 Aliud
2814 5117 2877 5155 est
2914 5105 3040 5156 iufra
3075 5107 3157 5162 ὀξὺ
3196 5107 3271 5155 λε’-
