3767 5825
71 355 340 433 nvn—112.)

184 483 357 550 Ὅταν
385 485 442 546 δὲ
469 481 704 564 σαλπίσῃ
731 506 809 551 τις
830 485 891 542 ἐκ
923 479 1213 564 βασιλέως,

99 598 165 637 sto
194 580 259 642 ὧς
285 575 393 634 ἀπὸ
422 571 749 649 συνθήματος
772 573 927 632 ὑπνοῖ
952 571 1019 631 τὰ
1048 569 1227 653 στίφη.

186 665 291 723 Καὶ
320 661 531 729 κανόνος
553 659 610 720 δέ
632 683 767 727 τινος
792 660 828 732 ἢ
854 659 1042 742 τέχνης
1064 659 1187 738 δίχα

76 753 156 832 (aa)
184 751 404 829 μέλιττα
429 757 567 811 ποιεῖ
597 747 902 830 γραμμικὰς
927 747 1251 814 διαπλάσεις.

185 842 315 908 Ταῖς
338 842 443 921 γὰρ
466 837 613 900 κάτω
643 835 871 918 σύριγξιν
892 835 1288 916 ἐστηριγμέναις

190 928 451 1008 ἆνωτέρας
479 926 734 1008 πήγνυσιν
765 925 1168 993 ἀντισυνθέτους.

96 1037 161 1076 6¹5
194 1017 299 1078 Καὶ
330 1019 636 1096 δημιουργεῖ
662 1013 755 1082 τὰς
776 1013 907 1082 ὀπὰς
929 1013 1022 1081 τὰς
1050 1017 1103 1072 ἐν
1130 1011 1275 1094 μέσῳ

190 1107 459 1186 σχήμασιν
484 1103 519 1177 ἢ
547 1103 822 1181 λήμμασιν
850 1101 1194 1184 ὀρθογωνίοις.

78 1195 171 1272 (iou)
194 1192 484 1277 Φραγμοὺς
504 1192 561 1252 δὲ
586 1190 803 1260 λεπτοὺς
827 1190 1103 1271 ἐμὸιὸάζει
1130 1198 1235 1258 τοῖς
1260 1188 1463 1270 πόροις,

186 1287 249 1351 ὡς
276 1283 341 1341 ἂν
366 1287 397 1343 ὁ
430 1282 587 1363 κηρὸς
609 1281 834 1363 ἐγχεθεὶς
855 1279 1074 1362 ὓφιζάνῃ
1089 1326 1105 1352 ,

188 1370 274 1430 καὶ
293 1370 491 1451 συνέχῃ
514 1370 575 1430 τὸ
604 1374 792 1452 ῥεῦσαν
824 1373 859 1442 ἡ
888 1367 1038 1440 πῆξις
1058 1367 1195 1446 μέλι.

194 1567 376 1627 ΠΕΡΙ
416 1566 579 1626 ΤΩΝ
621 1567 727 1625 ΤΑ
766 1565 917 1624 ΖΩΑ
960 1561 1491 1624 ΦΘΕΙΡΟΝΤΩΝ.

98 1699 167 1740 ⁵50
189 1677 345 1762 Ὀφις
374 1677 544 1738 δὲκαὶ
568 1675 703 1759 σφὴξ
719 1722 735 1751 ,
758 1676 850 1736 καὶ
876 1675 1121 1757 χελιδὼν,
1148 1675 1239 1735 καὶ
1263 1672 1476 1757 φρύνος,
1552 1685 1565 1698 ·

192 1765 403 1846 μύρμηξ
423 1791 483 1828 τε
503 1766 597 1825 καὶ
622 1765 717 1838 σὴς
730 1812 747 1844 ,
770 1765 1043 1844 αἰγιθαλής
1061 1763 1153 1823 καὶ
1177 1763 1408 1847 φάλαγξ,

189 1855 273 1914 καὶ
307 1861 497 1937 σαῦρος
516 1853 719 1933 ὠχρὸς,
745 1852 837 1912 καὶ
868 1854 1051 1933 φαγεῖν
1076 1853 1236 1918 δεινὸς
1267 1849 1435 1931 μέροψ
1454 1895 1469 1925 ,

190 1943 378 2021 σμήνει
406 1945 669 2020 μελισσῶν
694 1943 964 2020 δυσμενεῖς
989 1939 1289 2001 δδοστάται.

99 2034 151 2108 (s)
196 2031 363 2113 Νιφὰς
388 2030 443 2090 δὲ
468 2030 669 2104 πυκνὴ,
693 2030 783 2089 καὶ
806 2029 939 2102 πνοὴ
964 2027 1295 2111 πεφυρμένη,

97 2142 161 2180 aas
187 2117 366 2202 δριμύς
393 2145 451 2180 τε
481 2119 704 2194 καπνὸς,
728 2119 821 2178 καὶ
846 2121 1012 2200 νεφῶν
1043 2117 1118 2176 ἔτι
1155 2117 1369 2197 γνόφος,

184 2208 425 2268 cacavam
454 2209 614 2276 αὐτὰς
650 2211 877 2290 ἐκτροπῇ
907 2206 996 2266 καὶ
1027 2205 1300 2286 συγχύσει.

177 2297 365 2378 Κίρκος
397 2295 481 2370 δὲ,
503 2297 695 2380 λάρος,
722 2297 859 2378 γυψ,
887 2295 1117 2376 τρυγὼν,
1145 2295 1236 2354 καὶ
1266 2293 1553 2376 κόσσυφος,

192 2385 334 2460 σίδην
354 2385 631 2470 φαγόντες,
660 2385 806 2452 εὐθὺς
834 2385 1189 2444 ἀπολώλασιν.

78 2471 148 2552 (1⁰)
188 2474 420 2546 Θνήσκει
448 2471 503 2534 δὲ
530 2472 622 2532 καὶ
657 2471 912 2555 κάνθαρος
940 2471 1151 2583 ἐγγίσας
1172 2469 1352 2554 μύρῳ·

99 2581 165 2621 sco
190 2564 275 2622 καὶ
303 2562 413 2645 ψὰρ
442 2561 623 2646 φαγὼν
644 2559 910 2644 σκόροδον,
940 2559 1287 2620 οὖκέτιπνέει.

192 2651 297 2712 Και
319 2651 410 2712 τὸν
434 2649 886 2733 μελαγκόρυφον”
852 2673 1004 2729 αγνος
1031 2649 1277 2760 ἔκτρίὲει·

193 2739 477 2820 κορυδαλὸν
506 2737 561 2798 δὲ
588 2740 649 2798 τὸ
678 2737 831 2822 δριμυ
856 2738 1048 2821 φθείρει
1076 2737 1235 2798 νάπυ.

196 2827 391 2910 Κέδρου
416 2828 472 2886 δὲ
501 2826 694 2910 φύλλον
720 2829 765 2886 εἰ
785 2825 959 2886 λαθὼν
989 2825 1053 2898 δη
1072 2850 1175 2885 που
1203 2824 1361 2907 φαγοι

84 2920 155 2994 (ts)
190 2914 582 2995 καλαμοδύτης,
604 2919 663 2976 οὗ
682 2916 863 2998 βλέπει
888 2915 975 2975 τὸν
1002 2916 1169 2989 ἥλιον.

96 3024 162 3064 0oe
192 3010 372 3067 Κεῒται
398 3006 452 3065 δὲ
481 3006 641 3087 νεκρὰ
673 3005 765 3065 καὶ
781 3009 946 3077 πνοῆς
972 3002 1249 3086 ἀλλοτρία,

196 3096 239 3155 εἰ
259 3099 353 3171 τῆς
373 3094 555 3168 ὑαίνης
575 3094 671 3168 τὴν
695 3094 862 3177 χολὴν
885 3092 991 3163 ἴὸις
1007 3094 1136 3155 πίοι.

190 3184 375 3252 Φθίσις
397 3183 453 3244 δὲ
476 3188 586 3250 τοῖς
612 3182 771 3267 ἔποψι
788 3183 1053 3267 δορκάδων
1079 3180 1258 3263 στέαρ.

195 3272 299 3332 Τὸν
328 3271 477 3331 ἀετὸν
503 3270 560 3331 δέ
592 3274 696 3331 τῶν
725 3274 855 3331 ἐτῶν
882 3271 1125 3350 ὑπεξάγει

80 3358 153 3435 (20)
196 3359 387 3441 βρωθὲν
414 3363 543 3442 παρ’
570 3362 728 3419 αὐτοῦ
756 3362 1024 3441 δυστυχῶς
1052 3360 1111 3419 τὸ
1133 3357 1417 3441 σύμφυτον.

97 3464 165 3506 ιῚο
198 3446 368 3529 Κόραξ
392 3445 449 3507 δὲ
468 3447 563 3521 τὴν
594 3446 826 3526 εὔζωμον
852 3450 909 3507 οὐ
943 3446 1115 3524 στέγει
1137 3444 1293 3505 πόαν·

190 3536 277 3595 καὶ
296 3539 401 3595 τῶν
429 3539 671 3619 κορωνῶν
698 3536 786 3595 τὸν
814 3534 976 3595 πολὺν
1000 3536 1177 3612 τέμνει
1196 3533 1381 3615 χρόνον

194 3628 387 3704 πτῶμα
414 3624 711 3707 προληφθὲν
730 3628 801 3692 εἰς
832 3623 983 3706 βορὸν
1011 3622 1173 3683 λύκου
1194 3622 1387 3701 στόμα.

198 3712 393 3773 Πίπτει
409 3712 693 3794 χαραδριὸς
718 3711 773 3772 δὲ
798 3712 1008 3773 τιτάνου
1031 3710 1255 3779 σπάσας·

78 3796 153 3879 (25)
195 3799 381 3860 κτείνει
408 3799 465 3861 δὲ
491 3800 648 3868 λιὸὰς
678 3799 773 3869 τὰς
791 3800 1039 3883 γεράνους
1066 3797 1331 3879 ἀμπέλου.

102 4005 294 4086 [ΠΕΡΙ
348 4010 505 4071 ΤΗΣ
560 4008 721 4071 ΤΩΝ
783 4008 995 4069 ΖΩΩΝ
1046 4009 1147 4068 EN
1208 4008 1595 4069 ΑΛΛΗΛΟῙΣ

662 4096 1041 4176 ΕΧΘΡΑΣᾹ-

99 4210 167 4253 ⁶75
195 4194 388 4273 Στυγεῗ
412 4192 506 4272 μὲν
534 4184 623 4253 οὗν
653 4194 879 4275 μύραινα
906 4192 1027 4260 τοὺς
1052 4192 1379 4259 πολύποδας·

188 4282 448 4360 μεμήνασι
472 4280 527 4342 δὲ
550 4281 771 4364 καρᾶδῳ
799 4280 1088 4349 πολύποδες
1102 4304 1117 4319 ·

191 4373 219 4426 δ
238 4368 467 4451 κάραὸος
494 4369 549 4429 δὲ
575 4378 688 4438 ταῖς
711 4370 987 4451 μυραίναις
1016 4368 1255 4449 ἄχθεται·

190 4458 277 4518 καὶ
306 4461 415 4526 ταῖς
434 4457 689 4539 χελώναις
716 4458 1031 4518 ἀντίκεινται
1054 4454 1293 4540 πέρδικες
1306 4503 1324 4536 ,

80 4543 155 4621 [30)
194 4546 285 4605 καὶ
313 4552 416 4616 τοῖς
441 4547 629 4628 ἐχίνοις
652 4552 700 4608 οῖ
732 4547 1185 4626 ποταμογείτονες.

96 4652 165 4693 ιω
188 4632 384 4716 Ἔχθος
407 4659 466 4715 γε
495 4635 601 4715 μὴν
626 4634 834 4717 ἔχουσιν
865 4636 1088 4705 αἰθυίαις
1112 4634 1251 4715 μέγα

196 4722 388 4801 μακροὶ
404 4724 656 4805 πελαργοὶ
674 4770 692 4803 ,
709 4724 801 4785 καὶ
827 4722 1177 4808 βραδύπτεροι
1198 4720 1397 4805 κρέκες.

189 4810 434 4893 Ἐρωδιὸς
460 4814 604 4891 μισεῖ
620 4810 677 4871 δὲ
699 4811 819 4881 τοὺς
844 4811 1057 4881 λευκοὺς
1074 4812 1262 4895 λάρους
1276 4836 1289 4849 ·

196 4898 471 5009 κορυδαλὸς
493 4900 547 4959 δὲ
568 4910 748 4962 πᾶσαν
773 4902 1118 4962 ἀκανθυλίδα·

79 4982 155 5061 (³⁵)
192 4986 280 5043 και
297 4985 519 5047 πελεκὰν
537 4986 730 5069 ὄρτυγα
742 5034 759 5063 ,
776 4989 867 5049 καὶ
888 4993 1091 5055 πτῶκες
1111 4986 1270 5056 κύνας
1282 5033 1299 5062 ,

98 5074 384 5154 ωετρυγὼν
407 5076 460 5137 δὲ
486 5078 714 5227 πύῤῥαν·
744 5082 837 5149 τῆς
858 5078 913 5139 δὲ
936 5079 1147 5161 κερδους
1170 5084 1204 5152 ἡ
1224 5078 1375 5162 φύσις

194 5164 363 5243 ὄχινον
385 5156 695 5249 ἐχθρὸνῖδι
588 5191 617 5228 ο
694 5190 743 5243 ν,
764 5165 823 5228 ὃν
846 5166 1034 5256 χέρσος
1054 5165 1254 5251 τρέφει

722 343 983 408 PfflLAE
1026 345 1325 410 VERSUS
1368 348 1471 410 DE
1514 351 1974 432 ANIMALIUM
2016 351 2579 414 PROPRIETATE.
3213 363 3274 412 17

1718 480 1923 543 Quando
1942 495 2059 535 vero
2080 488 2192 548 quis
2208 495 2237 535 e
2253 481 2379 548 regis
2401 481 2552 535 donno
2577 483 2692 534 tuba
2710 485 2841 536 canit
2862 523 2878 548 ,

1717 573 1946 634 tanquam
1970 587 2030 622 ex
2047 576 2288 622 conventu
2303 609 2320 634 ,
2342 572 2531 636 agmina
2547 573 2794 638 consopit,

1716 663 1900 711 Verum
1920 661 2066 711 etiam
2090 662 2191 711 sine
2216 663 2380 724 regula
2397 662 2496 711 ulla
2512 666 2598 712 aut
2620 667 2722 712 arta

1715 749 1817 812 apis
1840 751 2080 800 normales
2103 753 2371 801 structuras
2393 751 2525 802 facit.

1717 836 2026 886 inferioribus
2049 836 2176 886 euim
2200 837 2333 887 cellis
2357 836 2556 887 firmiter
2573 837 2848 888 constitutis

1674 944 1679 972 ι
1717 924 1986 986 superiores
2007 925 2257 988 aequaliter
2281 927 2571 989 compositas
2594 931 2952 990 superstruunt,

1672 975 1679 1102 Ι
1722 1014 1774 1060 lit
1794 1011 1949 1074 spatia
1969 1012 2127 1062 media
2145 1012 2353 1064 aedificat

1718 1099 1879 1161 liguris
1901 1101 1976 1151 vel
2001 1101 2164 1151 fonnis
2191 1103 2504 1166 aequangulis.

1716 1191 1861 1252 Septa
1878 1194 2042 1239 autem
2071 1191 2232 1240 tenuia
2249 1191 2510 1255 interponit
2537 1192 2750 1256 cellulis,

1719 1282 1771 1326 ιιι
1795 1291 1904 1327 cera
1923 1279 2082 1328 infusa
2105 1279 2349 1342 subsidat,

1716 1371 1766 1415 et
1786 1366 2051 1429 coagulatio
2071 1368 2166 1418 mel
2191 1367 2342 1419 linens
2363 1369 2620 1418 contineat.

1718 1563 1781 1612 31
1838 1552 2082 1631 (30).1)Ε
2109 1555 2208 1614 ns
2253 1557 2435 1629 QUAE
2475 1557 2864 1616 ANIMALIA
2894 1557 3278 1618 PERDUNT.

1718 1676 1926 1736 Serpens
1949 1677 2110 1724 autem
2123 1711 2138 1737 ,
2160 1680 2208 1724 et
2227 1688 2400 1738 vespa,
2427 1680 2476 1728 et
2497 1676 2733 1737 hirundo,
2754 1681 2802 1727 et
2821 1676 2990 1728 rubeta
3005 1713 3022 1740 ,

1718 1761 2006 1825 sor-micaque
2023 1769 2073 1813 et
2091 1763 2245 1827 tinea,
2267 1777 2414 1828 parus
2435 1769 2485 1814 et
2507 1764 2812 1828 phalangium
2825 1801 2841 1828 ‚

1714 1871 1771 1906 ac
1791 1857 1962 1909 viridis
1981 1859 2186 1923 lacerta,
2202 1864 2253 1910 et
2272 1874 2461 1926 merops
2481 1861 2794 1912 edacissimus
2810 1899 2825 1924 ,

1721 1960 1865 2009 apum
1887 1948 2100 1998 examini
2123 1949 2306 1999 inimici
2339 1949 2660 2002 insidiatores.

1716 2036 1863 2086 Nives
1882 2040 2044 2087 autem
2063 2037 2254 2099 densm,
2275 2040 2324 2089 et
2349 2045 2524 2089 ventus
2543 2039 2794 2099 turbidus,

1713 2137 1918 2188 acerque
1934 2126 2124 2187 sumus,
2150 2131 2200 2177 et
2219 2126 2424 2177 nubium
2448 2133 2680 2191 praeterea
2701 2128 2851 2190 caligo

1714 2213 1880 2276 fugant
1899 2214 2006 2264 illas
2028 2215 2224 2279 repulsu
2243 2229 2298 2266 ac
2319 2216 2690 2279 perturbatione.

1713 2299 1881 2352 circus
1899 2316 2043 2365 vero,
2063 2303 2195 2354 larus
2208 2340 2223 2365 ,
2244 2305 2428 2368 vultur,
2448 2307 2608 2356 turtur
2631 2311 2678 2356 et
2702 2305 2884 2357 merula
2900 2341 2916 2367 ,

1714 2389 1841 2438 malo
1865 2391 2042 2453 punico
2065 2405 2260 2444 comeso
2277 2429 2292 2454 ,
2317 2393 2482 2443 statim
2507 2398 2725 2458 pereunt.

1713 2477 1918 2529 Moritur
1939 2492 2054 2530 vero
2066 2481 2211 2530 etiam
2234 2481 2508 2532 scarabaeus
2525 2485 2768 2545 unguento
2795 2483 3150 2546 propinquans,-

1713 2569 1764 2616 et
1778 2573 1978 2618 sturnus
1989 2604 2006 2630 ,
2025 2569 2138 2618 allio
2156 2584 2378 2632 comeso,
2399 2584 2496 2621 non
2515 2571 2722 2635 amplius
2745 2572 2967 2636 spiritum
2986 2570 3138 2624 ducit.

1712 2657 1772 2704 Et
1789 2655 2100 2720 atr-icapillam
2119 2659 2250 2708 vitex
2279 2659 2501 2724 conticitg

1712 2743 1933 2793 alaudam
1955 2757 2068 2795 vero
2087 2759 2196 2796 acre
2219 2746 2374 2810 sinapi
2393 2747 2643 2798 interimit.

1712 2830 1856 2880 cedri
1874 2833 2036 2882 autem
2061 2833 2228 2883 solium
2249 2835 2292 2884 si
2315 2835 2436 2886 sorte
2453 2835 2646 2886 nescius
2662 2835 2926 2886 minederit

1714 2920 2066 2985 calamodytes,
2091 2936 2188 2972 non
2211 2924 2407 2987 respicit
2428 2925 2598 2975 solem.

1713 3010 1853 3059 Jaoet
1868 3010 2014 3060 etiam
2031 3013 2220 3062 mortua
2243 3012 2510 3078 spirituque
2531 3013 2788 3077 destituta,

1712 3098 1752 3147 si
1772 3098 1958 3161 hyaenae
1975 3099 2036 3149 fel
2061 3099 2152 3150 ibis
2175 3100 2367 3152 biberit.

1716 3186 1954 3237 Pernicies
1971 3194 2134 3239 autem
2155 3189 2332 3253 upupis
2350 3193 2430 3241 est
2450 3204 2732 3255 caprearum
2751 3190 2916 3255 adeps.

1713 3274 1932 3337 Aquilam
1955 3289 2096 3338 porro
2117 3278 2256 3328 annis
2277 3280 2400 3329 vicae
2415 3278 2615 3343 expellit
2725 3328 2734 3335 ,

1712 3362 2004 3424 symphyton
2025 3364 2274 3415 infeliciter
2289 3366 2355 3415 ab
2377 3367 2484 3429 ipsa
2501 3366 2802 3417 devoratum.

1712 3452 1903 3501 Corvus
1920 3464 2114 3501 erucam
2134 3454 2328 3503 herbam
2347 3468 2444 3504 non
2468 3456 2666 3518 tolerat3

1712 3539 1761 3588 et
1782 3538 2054 3591 cornicibus
2081 3542 2287 3592 multum
2307 3544 2422 3594 vitae
2441 3548 2636 3608 tempus
2659 3544 2880 3608 pmcidit

1713 3626 1924 3694 cadaver
1946 3632 2058 3677 ante
2081 3633 2278 3693 captum
2300 3632 2350 3681 in
2372 3630 2473 3695 lupi
2495 3646 2554 3682 os
2575 3644 2744 3683 vorax.

1714 3713 1858 3765 Cadit
1881 3715 2164 3767 charadrius
2181 3732 2332 3782 gypso
2350 3720 2526 3783 vuls03

1714 3802 1829 3853 vitis
1855 3804 2018 3855 autem
2038 3808 2174 3868 gutta
2194 3820 2338 3869 grues
2359 3807 2598 3859 interficit.

1717 4012 1844 4092 [DE
1889 4013 2350 4077 ANIMALIUM
2390 4016 2628 4077 INTER
2672 4015 2763 4077 SE
2806 4006 3283 4090 INIMICITIA]

1710 4214 1865 4277 Atque
1884 4214 1990 4266 odit
2003 4214 2197 4280 quldem
2217 4228 2433 4267 muraena
2453 4216 2684 4281 polypos3

1690 4302 1918 4351 saeviunt
1941 4306 2102 4353 autem
2121 4309 2287 4354 contra
2307 4304 2538 4356 locustam
2561 4306 2724 4371 polypi
2737 4318 2754 4368 3

1710 4388 1894 4439 locusta
1915 4394 2084 4441 contra
2106 4392 2338 4443 muraenis
2355 4392 2478 4443 irata
2495 4396 2599 4458 est;

1708 4480 1758 4527 et
1780 4478 2104 4530 testudlnibus
2127 4480 2346 4544 perdices
2363 4482 2700 4545 adversantur,

1707 4570 1757 4616 et
1777 4566 1963 4617 echinis
1985 4570 2384 4632 potamogitones.

1708 4655 1928 4715 Profecto
1951 4670 2174 4720 magnam
2196 4658 2500 4709 inimicitiam
2519 4659 2702 4710 habent
2719 4658 2770 4709 ln
2793 4668 2980 4722 mergos

1706 4744 1863 4807 longai
1878 4744 2077 4795 ciconiae
2091 4748 2348 4811 crecesq’ue
2365 4748 2516 4798 tardis
2543 4748 2646 4797 alis·

1707 4832 1866 4882 Ardea
1882 4836 2044 4884 autem
2069 4834 2172 4885 odit
2190 4836 2318 4886 laros
2339 4833 2597 4898 candidos3

1706 4920 1875 4971 alauda
1897 4934 2037 4985 porro
2057 4938 2396 4989 quamcunque
2413 4925 2743 4988 acanthylida3

1704 5011 1754 5060 et
1774 5011 2026 5074 pelecanus
2045 5014 2344 5064 coturnicem
2357 5050 2370 5075 ,
2389 5019 2440 5064 et
2457 5014 2644 5077 lepores
2661 5026 2833 5074 canes;

1704 5102 1864 5149 turtur
1894 5101 2058 5150 autem
2082 5101 2337 5164 pyrrham;
2360 5101 2521 5165 vulpis
2544 5115 2662 5151 vero
2680 5103 2850 5151 natura

1705 5186 1959 5251 echinum5
1982 5200 2128 5252 quem
2151 5194 2282 5241 terra·
2295 5188 2444 5241 nutrit
2463 5226 2476 5251 ,
2499 5191 2684 5241 hostem
2717 5188 2869 5239 novit:
