3767 5825
494 355 565 407 16
1290 341 1297 348 '
1357 339 1551 402 ΦῙΛΗ
1584 336 1849 400 ΣΤῙΧΟῘ
1892 335 2076 396 ΠΕΡΙ
2119 333 2330 398 ΖΩΩΝ
2367 331 2806 394 ῙΔῘΟΤΗΤΟΣ.

620 473 711 533 καὶ
736 476 803 553 τῇ
832 473 1021 554 φυσικῇ
1044 473 1138 542 τῆς
1162 473 1333 552 ψυχῆς
1360 468 1629 550 εὐτολμία.

554 631 565 642 ι
622 559 732 622 Καὶ
762 558 1073 641 φιλόμουσός
1106 561 1261 632 ἐστιν,
1283 561 1354 626 ὣς
1382 557 1517 637 ὄρνις
1538 558 1701 637 τάχα·

516 671 593 710 tuo
619 646 971 730 σκιρτήσασαν
994 643 1096 727 γὰρ
1124 648 1194 712 εἰς
1216 644 1383 726 φυγὴν
1402 643 1497 716 τὴν
1521 643 1727 724 ἐργάτιν

620 737 758 795 ποιεῖ
784 732 1029 815 συριγμὸς
1058 732 1290 812 ἐμμελὴς
1312 731 1667 814 ὑποστρέφειν.

494 818 579 903 (⁴⁵)
623 820 827 903 Θρύψις
852 819 946 896 μὲν
969 812 1075 894 οὖν,
1097 821 1187 880 καὶ
1211 819 1379 902 μύρα,
1401 820 1492 879 καὶ
1513 821 1707 900 χλιδῶν
1741 819 1871 899 βίος,

623 908 763 968 οὐδὲν
784 908 913 991 παρ’
937 907 1071 983 αὐτῇ
1085 953 1104 986 ,
1131 913 1385 990 σωφρονεῖ
1406 909 1507 988 γὰρ
1536 911 1596 966 ἐκ
1614 907 1802 968 πόνων.

626 997 873 1058 Ἐνώτιον
902 995 955 1054 δὲ
976 996 1067 1058 καὶ
1094 997 1435 1077 λιθόστρωτον
1466 996 1649 1076 στέφος

516 1107 592 1146 595
621 1087 673 1145 ἐν
695 1087 966 1166 ἱματισμῷ
988 1088 1253 1164 νυμφικῆς
1267 1084 1571 1160 εὐκοσμίας,

619 1177 821 1256 πτερῶν
849 1182 967 1254 νικᾷ
988 1172 1155 1252 χρὼς,
1192 1175 1239 1232 εἰ
1259 1172 1563 1231 κονίσσαλον
1600 1171 1765 1254 φέροι.

491 1259 579 1342 (50)
620 1260 805 1329 Οὕτως
826 1261 884 1321 τὸ
912 1265 1051 1342 βιοῦν
1082 1263 1298 1328 εὐτελῶς
1318 1263 1371 1318 ἐν
1395 1261 1499 1327 τοῖς
1524 1259 1697 1327 πόνοις

620 1348 831 1410 καὶτῶν
859 1353 1117 1429 γυναικῶν
1145 1348 1385 1424 εὐγενίζει
1411 1348 1497 1407 τὸν
1520 1348 1727 1429 τρόπον·

626 1437 687 1506 ἃς
705 1441 765 1496 τὸ
787 1437 913 1518 πρὸς
940 1436 1205 1517 ἁδρότητα
1225 1435 1315 1495 καὶ
1343 1434 1524 1518 θρύψιν
1554 1435 1762 1516 βλέπειν

514 1545 594 1585 οοο
621 1523 793 1593 ἄλλως
818 1522 1119 1606 φιλεργοὺς,
1155 1523 1499 1604 Αὖσονάρχα,
1530 1522 1768 1585 δεικνύει.

622 1615 770 1673 Κινεῖ
794 1611 896 1694 γὰρ
921 1611 1079 1679 αὐτὰς
1100 1611 1161 1670 τὸ
1180 1610 1367 1692 πτερὸν
1395 1615 1497 1670 τῶν
1521 1611 1774 1689 ὀμμάτων

494 1699 582 1781 (aa)
627 1703 699 1768 εἷς
719 1698 813 1773 τὴν
840 1699 1072 1780 πονηρὰν
1096 1698 1313 1777 ἐκλογὴν
1334 1702 1437 1758 τῶν
1468 1699 1712 1781 ἀῤῥένων.

625 1787 907 1868 Ἐρωτικὸν
928 1786 985 1846 δέ
1006 1811 1121 1846 τινα
1152 1787 1407 1867 βομὸοῦσι
1428 1787 1610 1868 κρότον

623 1879 683 1934 ἐκ
709 1878 812 1934 τῶν
842 1877 1103 1955 μελιχρῶν
1130 1879 1224 1946 τῆς
1252 1877 1377 1954 βοῆς
1404 1873 1778 1954 πετασμάτων,

517 1984 595 2024 ⁶05
624 1963 708 2022 ὅτε
724 1961 1117 2044 προσιζάνουσιν
1146 1963 1319 2029 αὐτοῖς
1354 1963 1423 2030 ὡς
1440 1961 1593 2030 πόαις
1608 2008 1624 2036 ,

621 2050 671 2110 οἳ
695 2051 783 2109 καὶ
810 2049 869 2110 τὸ
889 2049 1073 2130 πικρὸν
1100 2054 1192 2124 τῆς
1214 2048 1474 2130 ἁμαρτίας
1504 2052 1624 2127 μέλι

494 2136 581 2218 (oo)
626 2142 877 2219 τρυγῶσιν
906 2140 1136 2218 αἰσχρῶς
1164 2137 1476 2216 ἐλλοχῶντες
1502 2137 1619 2205 τοὺς
1644 2136 1859 2216 γάμους.

624 2225 924 2297 Πλήττουσι
952 2225 995 2283 δ’
1029 2216 1116 2282 οὖν
1143 2223 1211 2282 τὰ
1233 2223 1419 2306 κέντρα
1448 2229 1538 2284 τοῦ
1566 2225 1852 2292 συνειδότος

622 2317 856 2395 κηφῆνας
878 2311 1061 2381 αὐτοὺς
1085 2317 1152 2396 τῇ
1180 2315 1351 2394 κλοπῇ
1377 2311 1744 2394 δεδειγμένους.

1198 2463 1339 2480 a—

612 2567 813 2648 [ΠΕΡΙ
856 2565 1009 2628 ΤΩΝ
1052 2567 1449 2628 ΜΕΛΙΣΣΩΝ
1490 2565 1929 2646 ΒΑΣΙΛΕΩΣ.]

521 2737 601 2777 ⁶10
626 2715 805 2796 Πρᾷος
826 2712 883 2772 δέ
906 2737 985 2783 τις
1009 2712 1275 2794 ἄκεντρος,
1296 2711 1535 2784 εὔζωνος,
1564 2710 1751 2792 μέγας,

631 2799 1011 2884 ἔρυθροὸαφὴς,
1033 2800 1309 2884 εὖστεφὴς,
1338 2802 1429 2861 καὶ
1451 2802 1700 2880 γεννάδας
1714 2845 1731 2877 ,

496 2890 583 2976 (σε)
632 2895 838 2971 θεσμοῖς
862 2900 1093 2974 φυσικοῖς
1119 2891 1205 2951 τὸν
1234 2890 1455 2973 στρατὸν
1484 2890 1725 2969 διεξάγει.

627 2979 744 3043 Κᾶν
770 2984 1073 3058 ἀγανακτῶν
1101 2979 1231 3061 πρὸς
1256 2980 1344 3039 τὸν
1368 2979 1523 3059 ὄχλον
1550 2980 1777 3061 ἐκφύγῃ,

633 3070 899 3151 ῥινηλατεῒ
926 3068 985 3127 τὸ
1010 3072 1203 3145 σμῆνος
1227 3070 1380 3127 αὐτοῦ
1407 3068 1494 3127 τὸν
1524 3067 1713 3148 δρόμον
1729 3090 1742 3103 ·

524 3178 603 3219 615
632 3155 724 3215 καὶ
744 3156 904 3216 πάλιν
926 3160 1098 3223 αὐτοῖς
1116 3154 1351 3237 εὑρεθεὶς,
1384 3155 1720 3237 ὑποστρέφει,

624 3244 715 3303 καὶ
741 3243 837 3317 τὴν
860 3242 962 3324 πρὸ
994 3249 1178 3326 μικροῦ
1212 3242 1503 3323 βλαπτικὴν
1538 3242 1795 3323 ἀναρχίαν

498 3330 585 3415 (70)
624 3330 738 3390 λύει
751 3329 1009 3410 παρευθὺς
1028 3330 1261 3413 ἐξορίζων
1279 3329 1371 3403 τὴν
1396 3330 1596 3391 στάσιν.

625 3422 697 3481 Αἵ
720 3419 999 3485 πλάστιδες
1041 3426 1163 3497 γοῦν
1180 3461 1199 3495 ,
1237 3418 1405 3478 καὶτὸ
1430 3419 1678 3498 σειρήνων
1698 3417 1841 3499 γένος

627 3506 685 3566 αἳ
707 3505 769 3565 τὸ
800 3504 963 3585 γλυκὺ
994 3506 1219 3575 κτίζουσι
1258 3510 1364 3573 τοῖς
1387 3506 1625 3585 σίμὸλοις
1642 3506 1787 3586 μέλι,

520 3616 599 3657 620
625 3594 719 3667 τὴν
748 3590 1035 3674 βασιλικὴν’
1051 3592 1375 3674 ἐξυφαίνουσι
1394 3592 1604 3671 στέγην,

625 3680 713 3742 ἐπὶ
743 3690 961 3749 σκοπιᾶς
983 3683 1296 3762 ὄργανοῦσαι
1321 3680 1415 3749 τὰς
1446 3680 1641 3761 βάσεις.

498 3770 586 3855 (75)
630 3769 935 3852 Περιὸόλοις
956 3769 1013 3829 δέ
1029 3793 1135 3830 τισι
1152 3768 1243 3829 καὶ
1270 3769 1566 3851 προαυλίοις

596 3863 908 3939 ,κοσμοῦσιν
937 3856 1097 3931 αὐτὴν
1127 3859 1375 3940 ἀσφαλῶς
1395 3856 1747 3939 ἡδρασμένην·

624 3950 679 4007 ἐν
706 3938 779 4015 οἷς
806 3943 995 4013 ἑαυτῆς
1028 3944 1264 4007 ἐκδιώκει
1283 3946 1399 4015 τοὺς
1419 3946 1603 4015 πόνους

524 4056 604 4097 626
630 4040 665 4109 ἡ
693 4034 1017 4119 πρεσὸυτικὴ
1044 4042 1191 4095 πᾶσα
1220 4040 1311 4095 τοῦ
1340 4034 1575 4114 σμήνους
1590 4033 1811 4116 φάλαγξ.

631 4123 740 4186 Καὶ
762 4122 921 4183 πάλιν
951 4122 1110 4195 αὐτὴν
1149 4123 1276 4183 ἄλλο
1303 4123 1485 4184 κυκλοῖ
1502 4126 1745 4206 θριγγίον,

499 4210 587 4296 (ao)
630 4209 658 4272 8
680 4210 772 4280 τὰς
795 4214 848 4271 ἐν
872 4212 1015 4292 ἀκμῇ
1042 4211 1132 4271 καὶ
1149 4211 1251 4293 πρὸ
1276 4216 1371 4284 τῆς
1396 4211 1532 4285 ἥὸης
1556 4213 1664 4293 ἔχει
1677 4207 1706 4288 ,’

629 4298 876 4383 φρουροὺς
899 4302 1125 4380 ἀτεχνῶς
1152 4304 1254 4359 τῶν
1274 4305 1450 4381 γραῶν
1474 4301 1787 4385 δορυφόρων.

632 4388 817 4450 Κλίνει
837 4386 891 4447 δὲ
917 4391 1007 4448 καὶ
1029 4388 1088 4448 τὸ
1106 4387 1313 4471 κέντρον
1343 4392 1479 4450 αἰδοῖ
1505 4396 1595 4451 τοῦ
1620 4389 1867 4472 κράτους,

526 4497 606 4538 0³0
632 4475 756 4536 ὅταν
775 4474 861 4555 ἴδῃ
886 4474 1110 4553 μέλισσα
1132 4476 1217 4535 τὸν
1255 4476 1492 4557 βασιλέα.

632 4564 733 4632 ‘Oe
759 4566 813 4623 ἐν
837 4561 932 4643 μὲν
962 4567 1109 4645 ἀκμῇ
1136 4567 1237 4624 τῶν
1268 4566 1438 4642 μελῶν
1461 4565 1551 4625 καὶ
1578 4568 1681 4624 τῶν
1708 4562 1929 4640 πτίλων,

504 4652 595 4735 (ss)
639 4652 764 4712 ὅταν
786 4657 1051 4733 πετασθῇ,
1078 4652 1170 4720 τὰς
1185 4652 1347 4735 φυλὰς
1370 4652 1661 4733 συνεξάγει-

642 4737 858 4820 καὶγὰρ
881 4740 1099 4823 ὁμαρτεῖ
1116 4745 1388 4821 πανταχοῦ
1412 4745 1487 4821 τῷ
1516 4740 1740 4822 δεσπότῃ

629 4825 974 4906 παρεμὸολὴ,
1001 4833 1233 4909 τηροῦσα
1256 4828 1524 4896 τακτικοὺς
1550 4826 1765 4906 νόμους·

528 4936 607 4976 ⁸³⁵
634 4914 698 4974 ἂν
728 4912 783 4973 δὲ
811 4920 1053 4997 τρυχωθῇ
1084 4920 1148 4997 τῇ
1172 4920 1431 4997 παρακμῇ
1454 4922 1543 4976 τοῦ
1558 4914 1775 4997 χρόνου,

630 5000 719 5062 καὶ
750 5006 841 5062 τοῦ
863 5008 1055 5083 πτεροῦ
1078 5002 1334 5084 τριὸέντος
1360 5006 1487 5084 ὀκνῇ
1509 5002 1596 5063 τὸν
1622 5001 1831 5085 δρόμον,

504 5088 591 5171 ¹⁹0)
634 5089 696 5149 τὸ
719 5095 913 5169 σμῆνος
931 5088 1077 5158 εὗθῦς
1095 5091 1270 5173 δίφρον
1296 5089 1382 5162 ὀξὺ
1412 5087 1658 5165 δεικνύει,

630 5177 696 5239 δι’
714 5170 776 5238 οὗ
802 5177 1034 5263 φοράδην
1062 5182 1133 5247 ὡς
1153 5176 1319 5260 γέρων
1344 5178 1633 5259 κομίζεται.

3399 331 3621 410 (οι-ιω.)
3702 327 3708 343 ·

2121 475 2170 523 et
2187 471 2392 522 naturali
2407 471 2552 522 animi
2575 469 2790 520 audacia.
2823 511 2828 516 .

2123 565 2192 610 Ac
2213 560 2408 610 musicae
2430 560 2585 608 amica
2601 562 2704 620 est,
2723 562 2778 608 ut
2793 557 2892 608 fere
2914 556 3044 619 avis;

2123 660 2234 698 nam
2251 660 2362 710 quoe
2383 647 2431 696 in
2450 647 2607 710 fugam
2629 660 2682 697 se
2699 645 2956 709 conjecerit
2971 644 3236 708 operariam

2125 735 2296 786 fistulae
2321 740 2492 786 cantus
2513 748 2714 785 sonorus
2735 735 2908 784 reverti
2933 733 3058 783 facit.

2127 827 2196 873 Ac
2213 823 2432 873 mollities
2447 823 2670 886 quidem,
2687 827 2738 873 et
2757 827 3024 885 unguenta,
3047 826 3096 873 et
3121 821 3366 872 luxurians
3387 822 3472 871 vita

2128 913 2262 962 nihili
2282 917 2409 964 sunt
2425 913 2556 976 apud
2578 911 2736 974 illam,
2755 911 2972 962 modesta
2989 914 3064 962 est
3084 914 3214 962 enim
3233 925 3292 962 ex
3317 912 3545 963 laboribus

2127 1005 2348 1053 Inani-em
2369 1016 2482 1054 vero
2503 1009 2554 1054 et
2574 1005 2775 1066 gemmis
2790 1007 3081 1054 constratam
3099 1019 3322 1056 coronam

2129 1092 2180 1142 ln
2201 1093 2422 1142 vestiario
2441 1092 2610 1143 mundi
2629 1093 2856 1156 nuptialis

2129 1179 2310 1234 alarum
2328 1180 2479 1230 vincit
2495 1181 2643 1242 color,
2667 1180 2862 1245 quando
2885 1181 3130 1244 pulverem
3153 1180 3326 1232 serunt.

2130 1271 2204 1318 lta
2225 1268 2501 1333 simpliciter
2519 1270 2683 1320 vivere
2699 1269 2750 1320 in
2763 1269 3010 1320 laboribus
3021 1307 3038 1332 ,

2131 1357 2387 1407 mulierum
2403 1359 2548 1408 etiam
2566 1357 2772 1408 illustrat
2785 1371 2941 1408 mores
2957 1372 2974 1410 z

2130 1459 2250 1510 quas
2273 1445 2476 1496 luxurias
2495 1460 2553 1496 ac
2569 1446 2829 1510 voluptatis
2847 1459 2962 1496 cura

2131 1534 2256 1583 male
2275 1539 2490 1584 amantes
2511 1533 2733 1584 laborum
2755 1533 2937 1596 reddit,
2957 1533 3180 1584 Ausoniae
3203 1548 3302 1585 rex.

2133 1624 2294 1672 Movet
2315 1623 2444 1674 enim
2459 1624 2589 1686 ipsas
2606 1623 2682 1672 ala
2701 1623 2949 1672 oculorum

2131 1709 2190 1758 ad
2207 1723 2404 1774 pravam
2423 1711 2638 1760 virorum
2655 1711 2920 1773 optionem.

2131 1801 2286 1862 Atque
2309 1798 2592 1850 amatorium
2612 1798 2853 1862 quendam
2875 1797 3107 1849 bombum
3125 1796 3303 1847 iaciunt

2131 1900 2159 1935 e
2176 1887 2308 1936 vocis
2329 1887 2522 1937 mellitis
2545 1887 2892 1948 effusionibus,

2133 1974 2241 2036 ubi,
2266 1977 2494 2038 tanquam
2511 1975 2686 2039 plantis
2698 2011 2714 2037 ‚
2733 1975 2827 2025 illis
2843 1973 3076 2036 assident,

2131 2063 2214 2126 qui
2237 2076 2453 2114 amarum
2477 2063 2622 2114 etiam
2643 2064 2799 2126 culpae
2819 2063 2912 2113 mel

2131 2152 2292 2213 legunt
2309 2153 2508 2215 turpiter
2531 2151 2809 2202 insidiantes
2831 2150 3027 2214 nuptiis.

2131 2239 2350 2288 Attamen
2369 2237 2552 2288 stimuli
2570 2238 2870 2288 conscientias
2893 2241 3110 2300 pungunt

2131 2337 2214 2375 eos
2226 2361 2242 2388 ,
2260 2338 2384 2389 quos
2401 2325 2584 2376 furtum
2601 2326 2810 2376 convicit
2826 2337 2932 2376 esse
2949 2326 3098 2376 fucos.

2567 2559 2694 2638 [DE
2734 2559 2952 2620 APUM
2995 2557 3250 2636 REGE]

2135 2727 2263 2777 Mitis
2281 2738 2396 2778 vero
2417 2726 2612 2789 quidam
2625 2762 2641 2788 ‚
2659 2727 2763 2776 sine
2776 2726 2943 2776 aculeo
2955 2763 2970 2788 ,
2989 2725 3112 2776 bene
3133 2725 3314 2776 cinctus
3330 2760 3346 2785 ,
3360 2737 3560 2786 maguus,

2135 2815 2280 2864 rubro
2297 2815 2454 2864 colore
2471 2814 2676 2877 tinctus,
2697 2815 2820 2866 bene
2843 2817 3124 2875 cononatus,
3149 2819 3200 2864 et
3220 2827 3466 2877 generosus
3479 2849 3492 2872 ‚

2132 2903 2320 2967 legibus
2347 2903 2646 2981 naturalibq
2663 2903 2932 2955 exercitum
2956 2916 3146 2967 semper
3163 2903 3313 2954 ducit.

2133 2994 2195 3041 Et
2214 2991 2452 3055 siquando
2471 2993 2623 3043 iratus
2645 2992 2695 3041 in
2719 2991 3082 3041 multitudinem
3106 2992 3313 3055 aufugit,

2133 3092 2336 3132 examen
2357 3082 2553 3131 cui-sum
2577 3080 2682 3141 ejus
2704 3079 2853 3130 odore
2871 3080 3088 3143 indagat;

2133 3181 2189 3216 ac
2210 3181 2400 3217 rursum
2420 3170 2638 3231 repertus
2653 3167 2716 3217 ab
2729 3168 2848 3231 ipsis
2861 3204 2876 3229 ,
2896 3168 3172 3229 revertitur,

2133 3254 2412 3319 imperiique
2429 3255 2720 3316 absentiam,
2743 3268 2857 3318 quoe
2883 3256 3026 3305 modo
3049 3260 3178 3318 erat,
3198 3256 3464 3307 damnosam

2132 3343 2382 3394 confestim
2403 3344 2654 3405 terminat,
2675 3344 2927 3393 eliminans
2951 3343 3251 3395 seditionem.

2133 3433 2241 3481 Jam
2267 3432 2588 3483 fabricatrices
2603 3436 2654 3482 et
2673 3431 2882 3483 sirenum
2900 3446 3049 3494 genus
3061 3469 3076 3494 ,

2132 3534 2243 3583 quoe
2265 3520 2406 3571 dulce
2431 3521 2598 3572 melin
2621 3520 2840 3571 alveariis
2857 3521 3097 3583 condunt,

2132 3608 2314 3671 regium
2333 3608 2630 3659 domicilium
2651 3611 2939 3672 pei-texunt,

2133 3694 2183 3745 in
2209 3696 2404 3759 specula
2421 3695 2732 3747 fundamenta
2749 3698 2998 3761 lingentes.

2133 3784 2374 3835 Mcenibus
2400 3798 2516 3836 vero
2537 3784 2826 3849 quibusdam
2843 3798 2902 3835 ac
2917 3784 3170 3835 vestibulis

2132 3870 2366 3923 adornant
2394 3873 2555 3938 ipsum
2581 3873 2780 3925 firmiter
2797 3874 3088 3925 fundatum:

2132 3962 2182 4011 in
2196 3962 2374 4026 quibus
2399 3975 2513 4013 suos
2528 3961 2719 4017 labores
2741 3960 3045 4025 persequitur

2133 4050 2356 4113 grandior
2377 4054 2478 4100 tota
2499 4050 2734 4101 examinis
2753 4051 2979 4113 phalanx.

2133 4134 2200 4179 Ac
2218 4144 2381 4181 rursus
2400 4129 2518 4180 illud
2539 4130 2662 4180 alius
2685 4129 2950 4179 circumdat
2967 4142 3136 4179 murus
3149 4164 3165 4192 ,

2132 4218 2216 4281 qui
2235 4230 2316 4268 eas
2336 4218 2566 4279 continet,
2578 4232 2690 4281 quae
2711 4218 3043 4282 injuventutis
3055 4216 3170 4267 llore
3193 4221 3244 4267 et
3262 4220 3372 4268 ante
3383 4212 3618 4279 puherlateffl

2133 4306 2360 4357 custodes
2374 4307 2514 4370 plane
2534 4320 2704 4357 senum
2723 4307 3002 4357 satellitum.
3509 4296 3624 4361 [sunu

2132 4394 2335 4445 Inclinat
2349 4408 2464 4445 vcro
2483 4395 2627 4446 etiam
2650 4396 2870 4445 aculeum
2895 4394 3144 4459 potestatis
3161 4392 3432 4455 reverentia,

2132 4483 2324 4547 quando
2347 4484 2448 4546 apis
2470 4496 2630 4549 regem
2654 4484 2802 4535 videt.

2134 4571 2228 4630 Qui
2255 4570 2449 4635 quidem
2463 4607 2478 4633 ,
2503 4571 2552 4621 in
2571 4571 2732 4633 vigore
2755 4570 3081 4621 membrorum
3103 4572 3255 4634 atque
3277 4570 3446 4621 alarum
3706 4586 3711 4621 >1

2142 4658 2338 4724 quando
2361 4658 2549 4720 evolat,
2569 4658 2722 4709 tribus
2737 4672 2902 4709 secum
2921 4658 3108 4720 eductu
3709 4678 3712 4749 γ

2133 4746 2310 4797 etenim
2331 4745 2511 4809 ubique
2532 4758 2691 4809 regem
2709 4747 2968 4797 comitatur

2133 4832 2369 4884 exercitus
2383 4868 2398 4897 ,
2417 4833 2680 4884 observans
2701 4833 2932 4884 militares
2949 4832 3105 4896 legen

2132 4920 2207 4971 sin
2235 4926 2396 4972 autem
2422 4921 2516 4971 aevi
2539 4920 2814 4972 infirmitate
2835 4925 3119 4973 extenuatur

2133 5013 2185 5059 ct
2209 5008 2335 5060 tritis
2350 5010 2438 5059 alis
2457 5010 2724 5060 retardatur
2736 5010 2788 5060 in
2804 5023 2976 5070 cursu,

2136 5110 2340 5148 examen
2357 5096 2526 5147 sellam
2546 5096 2718 5161 agilem
2735 5098 2900 5169 statim
2920 5095 3036 5147 facit
3048 5131 3065 5158 ,

2133 5198 2231 5249 qua
2246 5185 2436 5249 portatu
2452 5221 2468 5247 ,
2491 5188 2657 5249 utpote
2676 5198 2849 5248 senex,
2872 5184 3079 5235 vehitur.
3157 5194 3162 5197 ·

3309 5641 3328 5792 *ᾗ
