3767 5825
437 364 476 407 Ι·
1833 346 2266 409 PRAEFATto.

437 476 671 537 additus
715 488 956 555 propter
983 476 1311 535 δυναστῶν
1341 475 1414 536 ad
1455 480 1524 549 3,
1559 476 1634 535 28
1669 476 2006 544 δυνάστας.

521 570 582 639 7,
630 574 836 643 [ια-49.
877 562 1068 622 Locus
1109 564 1248 622 item
1285 584 1462 642 agens
1503 564 1578 623 de
1618 564 1919 625 amoribus
1955 579 2011 624 et

438 654 766 733 παιδοποιίᾳ.
794 653 868 711 Et
899 655 974 713 cf.
1006 651 1300 731 δυσγαμίην
1339 673 1409 729 19
1436 666 1494 712 et
1521 655 1622 723 46.
1665 653 1909 713 Videtur
1934 654 2010 713 ab

439 745 638 804 eadem
664 763 841 801 manu
863 755 931 803 ut
959 748 1015 803 3.
1039 776 1119 787 —
1141 750 1212 815 47
1241 740 1516 820 κρατέουσ’
1536 742 1671 802 edd.
1679 786 1699 817 ,
1725 740 2007 823 κατίχουσ’

441 854 570 895 nos.

521 928 558 983 8
573 966 590 995 ,
625 922 832 994 50-57.
871 920 1060 980 Locus
1117 921 1536 997 elephantiasin
1562 920 1763 980 vivide
1792 921 2009 980 descri-

441 1012 610 1085 bens,
629 1013 829 1090 quales
845 1010 917 1070 de
940 1013 1142 1069 morbis
1164 1010 1467 1069 simillimo
1485 1010 1606 1069 stili
1621 1010 1819 1069 colore
1837 1030 2011 1087 agen-

441 1114 528 1159 tes
538 1101 698 1159 locos
709 1100 864 1158 infra
880 1098 1162 1157 babemus
1177 1102 1279 1159 24.
1305 1102 1407 1159 27.
1437 1102 1535 1159 32.
1561 1102 1658 1169 36,
1671 1118 1818 1176 quos
1829 1118 2009 1176 quum

442 1190 595 1248 inter
614 1208 676 1247 se
693 1187 1146 1266 comparaveris,
1164 1186 1240 1246 ab
1253 1186 1458 1247 eodem
1475 1188 1728 1265 scriptos
1747 1206 1872 1245 esse
1892 1207 2010 1245 non

441 1278 763 1338 dubitabis.
795 1277 986 1336 Locus
1023 1279 1136 1337 huc
1172 1276 1372 1336 illatus
1410 1290 1654 1355 propter
1691 1275 1857 1345 Ζηνὸς
1887 1274 2011 1355 ἄτερ

445 1366 520 1425 56
549 1367 686 1426 0011.
719 1377 789 1437 41
804 1410 820 1439 ,
842 1379 901 1425 et
918 1364 1486 1445 δύσμορος-Ἄϊδόσδε
1507 1363 1738 1423 κάτεισιν
1771 1366 1845 1423 52
1869 1363 2008 1424 coll.

445 1464 544 1523 41.
572 1455 760 1514 Etiam
785 1458 932 1514 Solis
953 1466 1012 1511 et
1041 1458 1221 1511 Lunoe
1248 1454 1470 1513 mentio
1499 1454 1576 1511 ad
1602 1458 1658 1530 3,
1697 1467 1754 1511 et
1781 1456 2017 1511 Saturni

442 1543 519 1603 ad
555 1546 615 1614 7,
642 1544 714 1613 45
745 1562 879 1601 eum
902 1561 1114 1600 vocare
1156 1541 1411 1603 videtur.
1435 1576 1508 1587 —
1527 1541 1626 1611 54.
1653 1539 1834 1621 ὄχθους
1854 1541 2011 1619 edd.‚

442 1628 626 1711 ὄγκους
653 1650 761 1690 nos
783 1650 858 1689 ex
881 1628 1112 1689 emend.
1145 1629 1271 1691 AR.

519 1725 592 1793 9,
626 1720 802 1793 57-61
849 1731 908 1778 et
948 1722 1052 1791 10,
1093 1718 1286 1777 62-65
1317 1718 1472 1777 idem
1505 1718 1628 1777 sere
1661 1722 1879 1798 σχῆμα,
1910 1718 2013 1778 sed

443 1812 673 1869 diversa
699 1827 875 1865 manu
896 1807 1270 1883 explicatum.
1293 1806 1558 1865 Priorem
1583 1808 1840 1886 imperiti
1863 1828 2011 1883 esse,

447 1900 642 1975 inepta
673 1896 865 1971 arguit
900 1894 1240 1972 conjunctio
1270 1893 1766 1975 Ἑρμῆς·μυστήρια
1797 1898 2010 1976 δρῶσιν.

445 1990 598 2049 Hinc
618 1982 954 2042 dubitanter
968 2004 1026 2043 v.
1045 1985 1122 2041 60
1133 1982 1237 2042 AR
1251 1984 1710 2043 emendationem
1727 2006 2013 2065 propaga-

451 2089 534 2142 vt,
555 2092 738 2151 quum
760 2072 824 2131 in
847 2070 901 2129 G
924 2072 1140 2130 vitiose
1166 2071 1270 2131 sed
1299 2072 1541 2131 sortasse
1563 2093 1700 2132 vere
1725 2074 2016 2150 legeretur

447 2159 664 2221 ἔτι-νοντ’
686 2160 724 2233 ἢ
757 2156 1103 2239 (ἅπτονταιῆ
1129 2158 1252 2238 HJ)
1284 2159 1444 2240 λύρης
1473 2159 1768 2241 εὖρόθμοιο.
1801 2163 2016 2222 Addita

445 2266 636 2312 autem
663 2263 800 2310 sunt
817 2250 942 2308 baec
983 2248 1240 2328 σχήματα
1267 2262 1509 2327 propter
1531 2251 1762 2309 eosdem
1788 2253 1893 2329 qui
1916 2272 2013 2311 su·

444 2360 556 2419 pra
577 2338 880 2398 memorati
900 2351 1035 2397 sunt
1052 2338 1336 2416 planetas,
1359 2338 1737 2414 Mercurium,
1765 2340 2011 2415 Lunam,

445 2428 752 2499 Venerem,
765 2424 800 2483 J
803 2445 994 2496 ovem,
1007 2437 1065 2482 et
1075 2424 1310 2503 quidem
1327 2427 1579 2484 maxime
1591 2429 1664 2485 ad
1677 2432 1735 2499 6,
1749 2424 1880 2487 cum
1897 2450 2015 2508 quo

445 2515 668 2594 aequale
690 2513 948 2593 ejusdem
970 2514 1229 2572 nominis
1239 2505 1490 2573 'initium
1506 2513 1751 2573 babent:
1776 2515 2015 2597 Ἑρμ--.

445 2604 531 2665 Ne
572 2604 705 2682 quis
753 2603 866 2661 boc
911 2601 1303 2681 improbabile
1345 2604 1637 2663 existimet
1669 2620 2012 2684 propterea,

450 2692 609 2771 quod
625 2706 743 2751 tum
766 2692 830 2749 hi
851 2690 970 2749 duo
995 2691 1113 2749 loci
1134 2692 1326 2750 statim
1357 2706 1490 2771 post
1509 2697 1545 2751 6
1561 2694 1776 2752 intrusi
1809 2696 2015 2769 forent,

449 2782 625 2842 semel
648 2782 945 2839 monuisse
965 2780 1233 2849 sufficiat,
1257 2780 1361 2839 ubi
1380 2782 1453 2839 ad
1477 2804 1644 2839 unum
1665 2785 1856 2841 locum
1871 2789 2017 2860 plu-

447 2892 537 2931 res
558 2906 630 2920 -
657 2872 899 2931 fortasse
919 2869 991 2929 ad
1020 2870 1343 2948 marginem
1367 2904 1446 2916 ——
1469 2872 1688 2932 fuerint
1711 2874 2013 2953 adscripti,

448 2981 552 3022 eos
582 2961 761 3020 alium
802 2975 938 3040 post
972 2960 1154 3018 alium
1197 2961 1380 3019 textui
1407 2962 1658 3021 insertos
1691 2965 2017 3022 necessario

449 3051 582 3130 plus
617 3050 886 3109 minusve
925 3070 961 3108 a
985 3049 1148 3124 loco,
1181 3069 1300 3128 quo
1336 3051 1562 3110 attracti
1605 3065 1803 3124 erant,
1838 3071 2017 3131 sepa-

449 3153 606 3199 ratos
635 3139 833 3200 fuisse.

531 3232 601 3289 11
621 3272 639 3302 ,
683 3229 904 3302 66-74.
947 3228 1092 3286 Duae
1131 3229 1629 3301 constellationes,
1675 3230 1775 3288 sed
1817 3230 2015 3288 eadem

452 3336 628 3375 manu
676 3316 868 3388 factae,
917 3329 983 3375 ut
1029 3317 1222 3394 arguit
1268 3318 1531 3377 insuetus
1576 3319 1800 3398 copulae
1844 3319 2017 3378 initio

450 3425 509 3462 v.
548 3407 624 3462 66
652 3419 712 3463 et
743 3427 817 3479 70
845 3405 1126 3466 defectus.
1156 3405 1228 3464 Et
1259 3407 1332 3464 ad
1360 3429 1518 3484 reges
1543 3410 1827 3486 pertinet,
1870 3429 2019 3486 quos

451 3511 632 3571 supra
657 3498 692 3553 3
721 3506 779 3551 et
806 3497 845 3552 4
869 3493 1185 3552 habuimus
1219 3495 1333 3572 (cf.
1365 3497 1536 3553 etiam
1567 3517 1626 3555 v.
1663 3517 1733 3568 72
1781 3500 2016 3574 ἡγεμο-

451 3583 608 3650 νῆας
631 3577 674 3661 ),
703 3594 761 3638 et
787 3581 974 3639 verbo
1000 3581 1264 3652 εὖτεκνίην
1288 3603 1348 3642 ν’.
1378 3604 1446 3656 71
1479 3603 1763 3661 compone
1788 3599 2019 3643 contra·

452 3669 604 3726 rium
629 3689 688 3726 v.
722 3669 797 3738 48
822 3688 914 3746 sq.
2008 3669 2017 3676 ’

538 3761 636 3831 12,
671 3759 744 3831 75
784 3779 875 3836 sq.
908 3757 1216 3818 Distichon
1245 3778 1279 3816 a
1313 3759 1691 3836 sequentibus
1719 3762 2017 3838 separavi,

453 3859 654 3924 aperte
671 3847 960 3906 intrusum
975 3859 1216 3925 propter
1225 3843 1508 3926 κέντροισιν
1530 3847 1668 3905 ἐπών
1686 3850 1818 3909 0011.
1837 3869 1898 3908 v.
1918 3851 2014 3906 66.

536 3938 634 4008 13,
661 3957 730 4008 77
746 3935 883 3995 -88.
913 3935 1132 3992 Horum
1159 3935 1393 3993 initium
1409 3979 1426 4008 ,
1450 3936 1607 4014 quod
1629 3938 1822 3996 simile
1844 3938 2022 3996 fuisse

451 4044 512 4083 v.
543 4019 650 4098 75,
686 4037 839 4082 certe
871 4037 928 4082 et
954 4023 1026 4082 de
1047 4024 1227 4082 Marte
1251 4025 1441 4101 egisse
1472 4039 1530 4082 et
1569 4025 1858 4084 vocabulo
1888 4027 2020 4084 πάν-

449 4133 569 4170 τοτε
610 4112 897 4191 incepisse
925 4111 1097 4169 etiam
1126 4131 1200 4170 ex
1227 4132 1286 4169 v.
1326 4113 1400 4170 83
1432 4112 1714 4171 credibile
1746 4127 1862 4184 est,
1896 4135 2020 4173 eam

449 4199 640 4279 ipsam
667 4200 744 4259 ob
773 4220 1000 4270 causam
1037 4200 1236 4277 periit.
1274 4199 1624 4259 Uberrimus
1661 4202 1788 4260 fons
1816 4202 2018 4281 depra-

453 4289 710 4348 vationis
729 4290 793 4348 in
812 4288 1211 4347 describendis
1229 4287 1519 4366 ejusmodi
1541 4291 1908 4349 collectaneis
1928 4292 2023 4350 hic

457 4378 597 4450 mit,
634 4377 792 4456 quod
821 4377 1055 4436 librarii
1085 4377 1210 4436 sive
1249 4377 1602 4453 negligentia
1627 4379 1752 4436 sive
1782 4379 2027 4457 pigritia

451 4467 699 4526 eundem
725 4466 1053 4526 similemve
1071 4484 1304 4524 versum
1330 4467 1531 4538 semel,
1558 4485 1678 4523 non
1701 4465 1795 4524 bis
1819 4487 2023 4544 posue·

455 4567 612 4613 runt.
640 4553 778 4612 Sine
811 4551 995 4612 dubio
1022 4553 1216 4610 locum
1233 4551 1310 4609 vl
1327 4596 1344 4628 ,
1364 4555 1630 4621 410-430
1661 4565 1792 4610 ante
1821 4555 2024 4616 oculos

454 4641 680 4704 babuit.
711 4643 979 4701 Ceterum
1021 4641 1135 4700 boc
1167 4641 1546 4718 fragmentum
1593 4641 1852 4718 ejusdem
1900 4663 2026 4703 esse

456 4732 709 4789 auctoris
744 4744 916 4809 atque
954 4730 1108 4788 infra
1126 4734 1229 4804 28,
1257 4729 1506 4789 duorum
1529 4750 1802 4790 versuum
1827 4746 2029 4810 aperta

455 4820 806 4896 compositio
832 4819 1054 4876 evincit
1080 4841 1093 4876 :

2103 480 2277 537 initio
2303 478 2697 557 conjecturam
2727 480 3003 539 faciamus
3026 479 3187 539 baud
3212 480 3651 558 improbabilem

2103 570 2119 643 (
2144 568 2219 629 cf.
2243 568 2317 625 ad
2344 566 2481 647 12),
2500 581 2739 646 propter
2756 566 3117 647 μεσουρανέων
3134 588 3196 630 v.
3224 570 3298 626 83
3315 570 3455 627 coll.
3482 592 3541 629 v.
3564 592 3650 641 ‘5⁰-

2102 656 2171 713 Et
2216 656 2495 715 habemus
2550 658 2760 715 iterum
2798 661 3119 715 Saturnum.
3166 693 3237 703 —
3287 659 3389 715 85.
3434 657 3537 715 οἵτ’
3580 663 3653 715 ἐπὶ

2101 745 2234 804 edd.
2246 788 2262 817 ,
2278 742 2371 803 αἴθ’
2390 744 2490 803 ὑπὸ
2508 764 2633 803 nos·
2646 779 2727 791 —
2744 748 2839 819 87.
2852 744 3168 825 παρύγροισι
3181 746 3651 825 οἀά.,πανῦγρῡιπι

2102 851 2209 889 nos
2222 852 2255 889 e
2270 832 2427 910 conj.
2444 834 2517 892 A.
2534 866 2609 877 —
2628 836 2724 891 88.
2752 834 2892 892 ἰδίων
2904 834 3059 907 edd.‚
3084 833 3212 893 ἴδιον
3230 855 3341 893 nos
3358 856 3395 893 e
3420 838 3573 913 conj.
3592 838 3651 900 R,

2102 922 2205 997 qui
2240 933 2429 979 tamen
2455 940 2571 981 non
2594 922 2842 981 debebat
2868 944 2948 981 τοι
2973 936 3193 981 tentare
3220 944 3331 1001 pro
3360 927 3487 997 τῶν,
3514 926 3655 1001 quod

2102 1006 2251 1066 bene
2278 1008 2471 1072 habet.

2186 1100 2296 1169 14,
2327 1100 2402 1174 89
2439 1111 2497 1157 et
2523 1120 2595 1175 91
2637 1098 2931 1157 distichon
2958 1112 3017 1157 et
3049 1103 3150 1170 15,
3179 1101 3279 1177 89.
3306 1120 3411 1175 90.
3442 1110 3539 1178 94.
3572 1124 3657 1177 92.

2103 1187 2201 1260 93.
2239 1186 2315 1261 95
2346 1186 2499 1245 idem
2530 1191 2716 1264 σχῆμα
2744 1186 3095 1246 hexametris
3124 1207 3473 1265 expressum
3500 1203 3559 1247 et
3582 1210 3661 1246 ae-

2102 1274 2361 1333 curatius
2384 1276 2733 1353 expositum.
2765 1274 2947 1334 Nemo
2965 1296 3057 1334 me
3080 1276 3425 1335 temeritatis
3444 1298 3657 1336 accusa-

2101 1363 2279 1434 verit,
2312 1363 2470 1440 quod
2498 1362 2591 1421 bis
2624 1364 2816 1442 posito
2839 1384 2898 1420 v.
2928 1364 3003 1439 89
3028 1377 3085 1423 et
3104 1367 3563 1442 transpositione
3582 1389 3661 1425 ne·

2103 1450 2353 1509 cessaria
2380 1452 2565 1511 lucem
2587 1452 2649 1509 in
2670 1470 2855 1510 meras
2878 1450 3143 1511 tenebras
3166 1454 3372 1529 injeci.
3400 1456 3657 1513 Additum

2102 1552 2188 1597 est
2214 1552 2526 1617 utrumque
2556 1540 2805 1611 frustum,
2822 1552 3061 1618 propter
3080 1538 3335 1619 Ἑρμείας
3382 1542 3557 1601 initio
3574 1566 3660 1621 po-

2104 1628 2281 1685 situm
2306 1629 2441 1689 coll.
2464 1648 2522 1685 v.
2551 1650 2649 1701 70.
2668 1630 2765 1687 62.
2794 1629 2889 1701 58,
2912 1642 2973 1687 et
2996 1629 3294 1708 κεντρωθείς
3318 1632 3456 1690 0011.
3488 1653 3549 1688 v.
3572 1636 3657 1705 75.

2106 1718 2203 1777 66.
2224 1718 2491 1795 Denique
2508 1714 2606 1775 bic
2622 1738 2859 1795 quoque
2876 1720 3176 1777 Saturnum
3192 1718 3407 1777 bahem
3414 1742 3482 1779 us
3492 1736 3551 1779 et
3566 1729 3657 1779 Lu·

2102 1826 2261 1863 nam.
2289 1805 2555 1865 Ceterum
2584 1808 2647 1864 in
2676 1811 2748 1865 15
2778 1826 3088 1881 agnoscere
3116 1806 3263 1865 mihi
3283 1808 3499 1866 videor
3522 1811 3657 1867 illam

2106 1893 2314 1952 medici
2340 1908 2525 1972 poetae
2550 1895 2909 1971 diligentiam
2926 1939 2944 1969 ‚
2970 1897 3066 1955 cui
3091 1896 3161 1954 ad
3192 1901 3263 1969 8,
3309 1917 3445 1974 quae
3482 1901 3661 1957 certis·

2104 1983 2251 2040 sime
2278 1981 2405 2059 ejus
2441 1997 2631 2056 erant,
2669 1983 2995 2059 adsignavi.
3030 2017 3113 2029 --
3148 2006 3245 2061 9¹·
3280 1984 3333 2041 τ’
3344 2001 3485 2063 post
3510 1988 3663 2065 τεύχει

2105 2071 2327 2131 addidi.

2190 2166 2296 2234 16,
2342 2164 2417 2237 96
2448 2182 2538 2240 sq.
2569 2168 2665 2235 17,
2698 2184 2798 2239 97.
2846 2172 2977 2231 114.
3020 2168 3119 2235 18,
3158 2166 3237 2241 98
3262 2183 3358 2240 sq.
3386 2162 3537 2223 Tres
3560 2166 3663 2223 sin-

2104 2250 2256 2324 gulae
2276 2250 2349 2307 de
2370 2254 2565 2308 Marte
2583 2254 2883 2309 sententiae
2906 2254 3059 2309 Solis
3080 2252 3140 2309 vi
3162 2251 3455 2325 mitigato.
3504 2252 3665 2309 Erunt

2106 2338 2210 2413 qui
2230 2338 2563 2415 vituperent
2580 2338 2737 2415 quod
2764 2358 2823 2395 v.
2854 2360 2877 2395 1
2896 2348 2961 2407 14
2988 2338 3105 2397 buc
3122 2339 3273 2395 traxi
3297 2352 3359 2396 et
3377 2360 3513 2396 cum
3534 2362 3587 2397 τ.
3602 2362 3663 2416 93·

2108 2426 2353 2501 repetito
2369 2424 2499 2503 conj
2507 2428 2671 2485 unxi.
2688 2426 2801 2483 Sed
2812 2426 2937 2483 illic
2948 2426 3185 2504 quidem
3200 2440 3569 2503 pentameter
3582 2429 3665 2484 ille

2106 2512 2253 2571 nihil
2276 2513 2526 2573 habebat
2553 2534 2803 2592 quocum
2822 2513 3191 2591 jungeretur,
3222 2515 3329 2572 sed
3354 2516 3667 2593 adscriptus

2107 2600 2417 2661 videbatur
2440 2603 2512 2661 ad
2546 2604 2797 2661 similem
2817 2646 2834 2673 ,
2862 2605 2965 2679 qui
3008 2604 3214 2681 periit,
3254 2604 3665 2661 hexametrum.

2112 2688 2394 2749 Habuisse
2426 2704 2616 2749 autem
2652 2692 2769 2751 fere
2796 2692 3042 2751 eundem
3068 2691 3483 2751 hexametrum
3514 2707 3664 2769 atque

2108 2796 2167 2837 ν.
2198 2798 2276 2853 99
2302 2779 2474 2838 valde
2512 2778 2819 2857 probabile
2856 2794 2999 2838 erat.
3032 2780 3187 2838 Hinc
3219 2782 3276 2839 ei
3303 2784 3569 2859 praennisi
3598 2802 3671 2837 re·

2108 2867 2353 2944 petitum
2382 2888 2445 2927 v.
2478 2888 2578 2946 97,
2604 2868 2705 2926 sed
2732 2868 3118 2928 emendatum.
3152 2868 3211 2927 Is
3244 2888 3439 2946 quum
3481 2872 3543 2928 in
3582 2869 3667 2926 Gll

2108 2955 2192 3012 sic
2212 2955 2498 3032 legeretur
2526 2979 2540 3014 :

2229 3083 2413 3126 νικᾶται
2436 3079 2526 3141 γὰρ
2544 3079 2677 3142 Ἄρης
2696 3079 2789 3127 ὑπὸ
2813 3077 2978 3140 αὐγαῖς
2999 3077 3203 3128 Ἠελίοιο
3218 3115 3235 3140 ,

2107 3178 2307 3253 putavi
2327 3196 2457 3234 eum
2483 3177 2725 3252 dignum
2754 3197 2879 3234 esse
2899 3177 3005 3235 illo
3030 3177 3261 3234 misello
3286 3191 3467 3256 poeta
3484 3223 3501 3250 ,
3524 3199 3669 3256 quem

2100 3263 2224 3341 jam
2246 3267 2459 3344 saepius
2480 3265 2833 3342 notavimus,
2857 3265 3079 3342 quique
3098 3265 3545 3324 antecedentem
3574 3287 3671 3322 wr-

2109 3373 2236 3411 sum
2260 3355 2413 3412 mala
2439 3355 2699 3412 clausula
2726 3375 2740 3411 :
2772 3354 2889 3412 ἀλλ’
2920 3355 3015 3411 οὐκ
3032 3349 3193 3432 Ἄρην
3220 3353 3447 3412 finivit.
3474 3357 3668 3433 Scripsi

2109 3456 2299 3501 autem
2340 3456 2463 3501 tum
2510 3452 2717 3500 νικᾶται
2759 3443 2804 3500 δ’
2834 3440 2994 3522 Ἄρης
3035 3443 3261 3520 αὐγῇσιν
3312 3442 3439 3512 ὕπ’,
3484 3445 3673 3520 rejecto

2110 3556 2153 3589 ν.
2169 3554 2223 3607 γ.
2242 3526 2330 3592 Ἀ.
2356 3531 2453 3606 μὲν
2478 3530 2566 3588 ὑπ’
2593 3533 2738 3608 αὖγ..
2764 3531 2920 3606 quod
2942 3551 2975 3590 e
2994 3529 3149 3608 conj.
3172 3530 3485 3608 Spitzneti
3504 3555 3563 3588 v.
3586 3533 3673 3590 Gr.
3709 3603 3710 3607 Ἰ

2110 3619 2237 3679 her.
2290 3621 2398 3678 156
2442 3633 2831 3698 reposuerunt
2858 3619 2980 3680 AR.
3010 3651 3093 3664 —
3114 3618 3305 3677 lllatae
3340 3635 3541 3678 autem
3568 3635 3675 3678 sunt

2112 3705 2207 3766 hic
2230 3709 2320 3766 hae
2342 3710 2641 3768 sententiae
2660 3710 2917 3787 primum
2943 3707 3020 3766 ob
3039 3712 3295 3766 Martem
3316 3723 3379 3767 et
3402 3713 3593 3767 Solem
3610 3711 3673 3767 si-

2112 3797 2329 3855 militer
2367 3799 2429 3856 in
2464 3803 2535 3878 13
2580 3797 2962 3875 conjunctos,
2996 3809 3118 3855 tum
3161 3797 3423 3858 fortasse
3466 3787 3708 3878 propter*

2110 3884 2311 3952 πάντας
2331 3887 2606 3946 collatum
2630 3907 2763 3944 cum
2785 3887 3011 3944 πάντοτε
3036 3907 3094 3942 v.
3122 3887 3195 3943 83
3224 3900 3288 3944 et
3310 3887 3420 3960 75.

2196 3979 2304 4046 19,
2358 3977 2636 4033 100-105.
2663 3976 2777 4032 Sex
2817 3994 3025 4033 versus
3084 3978 3485 4035 memoriales
3518 3979 3585 4034 de
3604 3997 3671 4034 se·
3704 3985 3706 4016 ³

2112 4076 2266 4140 ptem
2319 4065 2681 4142 planetarum
2736 4061 3123 4140 potestatibus
3168 4063 3401 4122 adnexi
3464 4079 3677 4143 propter

2114 4151 2245 4230 ῥέζει
2269 4165 2327 4210 et
2348 4153 2672 4211 cumulatos
2692 4151 3076 4210 accusativos.
3104 4185 3183 4194 -
3202 4153 3553 4233 ἐλαιοφόροεο
3572 4153 3673 4208 edd.
3702 4179 3704 4186 ·

2193 4245 2293 4311 20,
2332 4243 2505 4298 106-1
2522 4250 2610 4309 14.
2654 4238 2869 4313 Figura
2886 4240 3139 4298 incestos
3162 4259 3299 4296 cum
3326 4255 3531 4298 matre
3552 4261 3675 4298 aruo-

2114 4347 2207 4385 res
2222 4327 2577 4405 portendens
2600 4327 2768 4386 -cs.
2788 4325 2897 4398 Vl,
2924 4327 3213 4400 160-1693
3236 4327 3311 4400 V,
3336 4349 3465 4384 202
3490 4351 3702 4404 sqq.--⁴

2114 4413 2213 4473 hic
2243 4417 2404 4474 illata
2438 4430 2681 4495 propter
2722 4413 2955 4495 συναφήν
2979 4437 3041 4476 v.
3081 4417 3192 4473 108
3232 4417 3385 4476 coll.
3416 4439 3479 4477 v.
3514 4429 3609 4488 τῃ
3640 4429 3679 4470 et

2116 4503 2464 4580 δυστλήμονες
2488 4525 2547 4562 v.
2585 4527 2609 4562 1
2624 4524 2695 4561 10
2716 4505 2854 4564 coll.
2876 4503 3331 4580 nolum'flgtovscy.
3363 4507 3485 4575 853
3508 4521 3561 4563 et
3586 4529 3679 4578 3²²¹·

2114 4589 2321 4668 νόμενοι
2362 4614 2423 4650 v.
2478 4613 2502 4649 1
2520 4613 2585 4650 11
2636 4593 2777 4651 0011.
2818 4591 3086 4668 ἐμμανὲας
3130 4613 3189 4653 V.
3248 4615 3323 4669 91
3349 4617 3371 4665 ;
3416 4609 3679 4672 postve-nv

2116 4693 2355 4758 propter
2383 4678 2447 4750 ἢν
2486 4681 2534 4736 δ’
2577 4683 2762 4738 ἀκτῖνα
2804 4678 3041 4738 λάὸωσιν
3080 4691 3217 4750 εἴα,
3262 4701 3411 4757 quae
3446 4684 3681 4760 pmxiue

2117 4768 2192 4827 ad
2226 4770 2540 4828 sententias
2577 4773 2772 4829 16—18
2814 4769 3115 4828 accedunt.
3148 4767 3303 4826 ilinc
3344 4791 3415 4829 v.
3470 4781 3684 4845 1141110

2116 4870 2476 4934 pentametro
2492 4901 2507 4928 ,
2532 4877 2703 4933 quem
2734 4876 2913 4933 supra
2938 4856 3264 4929 collocavi,
3294 4856 3681 4917 hexametru-

552 4961 612 5007 83
644 4956 842 5007 πάντοτε
857 4963 1256 5022 νυκτιρινοϊσι
1280 4960 1690 5023 μεσουρανέων
1711 4961 1882 5023 Κρόνος
1902 4963 2030 5020 αἰνός
2120 4947 2311 5024 Posui,
2341 4965 2513 5022 quem
2542 4946 2644 5004 ille
2670 4945 2989 5003 extrusisse
3011 4945 3253 5003 videtur
3274 4965 3289 5002 2

527 5031 610 5078 107
646 5027 776 5090 Ἄρης
805 5032 1141 5093 ἡμερινοῖσι
1171 5032 1586 5093 μεσουρανέων
1608 5032 1718 5080 τάδε
1739 5033 1871 5094 ῥέζει.

2245 5069 2413 5118 οὕνεκα
2436 5069 2519 5126 τήν
2538 5073 2759 5132 προτέρην
2784 5070 2955 5126 κακίην
2974 5069 3147 5118 σὸἐσεν
3166 5069 3369 5118 Ἠελίου
3388 5071 3457 5127 ῑς.

467 5157 575 5220 tite
617 5160 854 5236 quidem
897 5163 1161 5221 adsutum
1204 5177 1291 5222 est
1333 5168 1438 5236 13,
1485 5185 1557 5222 110
1600 5165 1672 5222 de
1724 5163 2032 5244 deperdito
2072 5163 2082 5214 ¹
2124 5167 3628 5229 Namcausalisdebetessecumantecedentibusnext
