3767 5825
171 375 441 458 (an—u.)

166 531 270 611 (nu)
300 526 433 592 Ἔτι
466 527 523 589 δέ
550 527 640 590 καὶ
667 527 999 600 πτήσσοντας
1024 533 1095 602 ὥς
1111 534 1494 618 μικροψύχους,

160 665 171 694 ,
306 617 447 684 εἴτις
463 616 595 685 ὅλως
613 615 829 699 θόρυὸος
850 620 1027 687 αὐτοῖς
1048 621 1254 703 ἐμπέσῃ
1268 669 1285 697 ,

157 700 189 780 f·
297 707 491 790 καὶτῷ
508 704 667 790 ψύχει
682 706 1007 785 κάμνοντας,
1026 711 1095 776 ὡς
1119 712 1541 795 βραχυπτέρους,

163 799 273 859 'zm
292 797 578 863 ἇπλοῦντες
600 794 749 863 εὐθὺς
764 794 863 868 τὴν
888 797 1215 882 κατάπτερον
1241 801 1447 884 στέγην,

298 884 577 970 σφίγγουσι
600 883 691 944 καὶ
712 883 1001 946 θάλπουσιν
1025 891 1096 955 ὣς
1113 889 1408 970 ἐρασμίους.

154 977 257 1058 (5)
300 975 421 1037 Κᾶν
450 971 743 1058 ὀρνιθευτὴς
767 973 1029 1058 ἐκταράξῃ
1057 974 1125 1036 τὰ
1148 977 1341 1061 βρέφη,

290 1062 457 1145 τέχνῃ
484 1067 621 1146 σοφῇ
638 1065 851 1124 νικῶσιν
874 1065 925 1120 οἱ
944 1063 1290 1147 φυτοσπόροι,

290 1157 401 1214 τῶν
434 1151 678 1234 μητέρων
698 1149 760 1210 τὸ
780 1151 995 1235 φίλτρον
1018 1156 1413 1233 ἐκμιμούμενοι.

166 1265 255 1304 aas
278 1243 509 1306 Χαλῶσι
531 1241 627 1320 μὲν
648 1239 753 1322 γὰρ
775 1240 836 1301 τὸ
854 1241 1046 1325 πτερὸν
1078 1243 1381 1328 παραυτίκα
1396 1291 1413 1320 ,

282 1330 580 1412 εἱλούμενοι
609 1333 665 1393 δὲ
692 1333 843 1415 παρὰ
878 1333 998 1402 τοὺς
1025 1333 1211 1395 τούτου
1228 1334 1418 1410 πόδας,

148 1424 249 1503 (ω)
284 1423 504 1482 δοκοῦσι
528 1428 716 1506 μικροῦ
743 1425 1131 1503 συμπατεῖσθαι
1162 1428 1275 1493 ταῖς
1304 1424 1523 1507 τρίὸοις,

272 1511 373 1572 καὶ
397 1509 496 1584 τὴν
517 1509 687 1592 φυγὴν
710 1509 995 1574 κλέπτουσι
1016 1515 1122 1571 τῶν
1151 1514 1498 1592 ζητουμένων,

268 1601 397 1670 τοὺς
423 1602 725 1676 ἀπατηλοὺς
746 1601 1086 1674 ἐξελίττοντες
1110 1601 1358 1684 δρόμους·

157 1697 361 1760 uexat
384 1695 506 1766 τοὺς
532 1698 753 1774 ἀπαγεῖς
780 1699 875 1758 οὐκ
901 1699 1025 1756 ἐῶσι
1054 1696 1333 1779 φιλτάτους

268 1790 349 1855 εἰς
370 1795 551 1869 χεῖρας
578 1787 765 1868 ἐχθροῦ
790 1788 1097 1865 συμπεσεῖν,
1117 1790 1188 1854 ὥς
1215 1785 1484 1871 ἀπτέρους.

143 1878 249 1960 (ab)
296 1877 369 1937 ‘O
387 1875 490 1957 γὰρ
516 1875 726 1958 ἐφιστὰς
750 1877 822 1943 εἷς
846 1874 993 1936 κενὸν
1013 1874 1106 1944 τὰς
1134 1875 1381 1956 ἐλπίδας,

282 1963 437 2046 ἀφεὶς
452 1961 518 2022 τὰ
543 1964 742 2045 μικρὰ,
768 1959 897 2045 πρὸς
918 1961 987 2023 τὰ
1013 1963 1224 2042 μείζονα
1248 1965 1442 2048 τρέχει.

146 2045 187 2052 —
270 2053 449 2118 Μόλις
470 2075 530 2131 γε
556 2051 663 2129 μὴν
690 2049 935 2135 φεύγουσι
955 2051 1051 2124 τὴν
1066 2053 1345 2137 τυραννίδα
1361 2099 1381 2130 ,

159 2163 245 2204 2⁹5
272 2144 481 2221 μᾶλλον
507 2139 563 2200 δὲ
588 2140 685 2214 τὴν
714 2139 943 2201 ὕποπτον
968 2143 1199 2201 ἐντεῦθεν
1225 2142 1445 2224 βλάόην.

276 2228 444 2292 Μετὰ
470 2229 528 2290 δὲ
557 2231 761 2311 μικρὸν,
789 2232 844 2289 ἐν
886 2232 1035 2312 καλῷ
1064 2230 1277 2298 στάντες
1294 2231 1484 2305 τόπου,

136 2320 231 2402 (ιο)
258 2319 337 2380 τὰ
362 2320 551 2380 στικτὰ
573 2319 883 2398 συλλέγουσι
906 2318 1165 2400 μακρόθεν
1184 2319 1349 2404 βρέφη

268 2413 345 2489 τῇ
364 2413 469 2468 τῶν
499 2409 731 2490 ἐφολκῶν
761 2413 985 2488 μουσικῇ
1012 2408 1483 2491 προσφθεγμάτων.

268 2498 389 2562 Καὶ
409 2498 507 2572 τὴν
537 2497 729 2560 καλιὰν
752 2497 849 2572 τὴν
866 2499 1199 2579 καλουμένην
1241 2500 1381 2574 ἅλω,

154 2609 237 2652 ³⁰⁰
256 2587 485 2671 πέρδιξ,
515 2591 733 2668 βασιλεῦ
747 2633 766 2665 ,
795 2596 911 2656 ταῖς
936 2589 1111 2666 γοναῖς
1130 2588 1401 2650 διαπλέκει
1413 2636 1430 2663 ,

256 2676 561 2756 θαυμάσιόν
584 2701 635 2736 τι
660 2681 877 2760 χρῆμα,
907 2676 999 2736 καὶ
1022 2675 1210 2757 τέχνης
1231 2676 1411 2757 γέμον.

137 2765 229 2850 (ιο)
254 2765 461 2834 Ξύλοις
482 2766 583 2847 γὰρ
612 2765 776 2838 αὐτὴν
806 2767 1095 2844 μαλθακοῖς
1115 2767 1425 2848 ὑφαρμόσας
1440 2813 1456 2840 ,

265 2855 513 2933 θάλαμον
544 2853 779 2938 ἀπέφηνε
807 2859 993 2937 μικροῦ
1012 2851 1109 2928 τὴν
1133 2855 1343 2935 στέγην·

260 2946 539 3004 κάνταῦθα
558 2942 739 3003 λαόὼν
764 2943 1024 3024 ἐγκαθίζει
1047 2942 1166 3013 τοὺς
1178 2943 1359 3013 τόκους
1371 2970 1385 2985 ·

163 3052 245 3092 ans
272 3024 353 3101 οἷς
370 3032 467 3093 καὶ
486 3031 629 3092 κόνιν
659 3032 893 3110 μάλιστα
914 3031 1115 3105 λετι-ι-ὴν
1134 3032 1355 3114 ἐγχέων,

272 3126 373 3194 τῆς
396 3119 602 3203 φύσεως
624 3120 685 3179 τὸ
706 3120 899 3187 κάλλος
926 3120 1317 3203 ἀναφαιδρύνει.

136 3208 225 3285 (ω)
258 3212 375 3271 Καὶ
400 3215 502 3289 γῆν
530 3208 781 3291 παραθεὶς
796 3209 1071 3292 πορφυρὰν
1099 3210 1205 3290 πρὸ
1223 3216 1314 3270 τοῦ
1343 3210 1595 3295 τρύφους,

273 3307 349 3370 ὣς
371 3305 409 3373 ἠ
430 3297 643 3366 πελειὰς
674 3299 939 3379 ἁλμυρίδα
972 3307 1081 3367 τοῖς
1108 3298 1299 3379 τόκοις,

261 3390 389 3457 τοὺς
407 3385 715 3453 κακοσίτους
750 3386 979 3455 εὗσίτους
1004 3387 1304 3469 εἰργάσατο.

164 3500 245 3541 ato
266 3475 435 3549 Πλὴν
464 3477 560 3534 οὗκ
582 3473 899 3552 ἀναμένουσι
922 3474 1017 3543 τὰς
1041 3475 1353 3555 λοχευτρίας

248 3567 389 3649 πρὸς
414 3562 514 3637 τὴν
540 3562 781 3635 ποθεινὴν
794 3562 1057 3646 ε’κγλυφὴν
1076 3562 1143 3622 τὰ
1170 3564 1361 3639 νήπια,

135 3656 221 3739 (aa)
255 3652 403 3714 ἀλλὰ
421 3651 833 3733 περιῤῥήσσουσι
872 3652 969 3723 τὴν
993 3650 1091 3721 ἔξω
1104 3651 1307 3725 σκέπην

250 3748 309 3804 ἐν
339 3746 452 3809 τοῖς
490 3738 853 3822 ὖποκρούμασι
875 3743 979 3799 τῶν
1010 3739 1409 3823 σφαδασμάτων

244 3829 568 3910 Ἐπείγεται
590 3828 691 3910 γὰρ
714 3829 994 3911 ἐκδραμεῖν
1016 3827 1121 3909 πρὸ
1148 3834 1237 3888 τοῦ
1268 3828 1484 3910 χρόνου,

138 3942 215 3981 ³15
257 3919 355 3980 καὶ
386 3916 577 3999 μικρὸν
604 3914 930 3977 ἐκκύπτοντα
958 3918 1177 3976 κινεῖται
1204 3917 1383 3977 πλέον·

247 4010 347 4070 καὶ
372 4003 617 4089 θρύὸεται
646 4004 741 4083 μὲν
765 4008 991 4087 εὐχερῶς
1006 4005 1067 4065 τὸ
1094 4006 1340 4088 θριγγίον,

134 4098 221 4180 (an)
256 4092 650 4167 ἐξίπταταιβὲ,
679 4094 771 4153 καὶ
802 4093 1002 4175 βαδίζει
1018 4140 1033 4167 ,
1057 4095 1148 4154 καὶ
1177 4094 1354 4178 τρέχει

251 4186 459 4265 ἰσχνῶς
485 4180 554 4239 τὰ
580 4181 749 4241 λεπτὰ
776 4182 1185 4253 κακκαὸάζοντα
1215 4183 1403 4266 βρέφη.

258 4276 393 4335 Τῶν
416 4270 616 4343 θηλεων
646 4268 702 4330 δὲ
731 4270 805 4349 μὴ
833 4270 1107 4355 παρόντων
1138 4275 1209 4341 εἷς
1230 4273 1421 4351 γάμον,

131 4382 209 4421 ³20
248 4363 428 4444 χωρεῖ
446 4357 577 4440 πρὸς
598 4358 757 4441 ὀργὴν
788 4363 816 4418 ὀ
845 4360 1064 4442 στρατὸς
1088 4363 1192 4421 τῶν
1223 4361 1477 4444 ἀῤῥένων·

250 4448 521 4531 ἐμφύλιον
542 4448 597 4507 δὲ
619 4449 1063 4532 συγκροτήσαντες
1082 4451 1283 4532 μάχην,

134 4540 223 4621 (σε)
256 4539 433 4605 οὕτως
461 4534 785 4619 ἐνυόρίζουσι
808 4546 915 4607 τοῖς
948 4538 1269 4617 νικωμένοις.

252 4628 357 4691 Ἐν
380 4625 612 4707 ἡμέραις
640 4627 695 4687 δέ
719 4651 878 4710 φασιν
905 4628 1041 4689 ἑπτὰ
1072 4627 1167 4709 μὲν
1194 4630 1356 4710 κύειν,

248 4716 345 4778 καὶ
372 4714 497 4783 τοὺς
515 4713 752 4784 νεοττοὺς
778 4718 833 4777 ἐν
862 4716 1141 4785 τοσαύταις
1168 4717 1385 4799 ἐξάγειν,

132 4825 209 4866 ⁸25
242 4804 337 4866 καὶ
364 4802 533 4863 πάλιν
560 4803 747 4873 αὐτοὺς
774 4808 828 4865 ἐν
849 4804 1130 4875 τοσαύταις
1156 4807 1438 4891 ἐκτρέφειν,

248 4894 343 4954 καὶ
370 4892 471 4966 τὴν
496 4891 689 4953 καλιὰν
716 4895 772 4953 ἐν
792 4894 1071 4963 τοσαύταις
1093 4894 1397 4975 ἐμπλέκειν,

137 4978 225 5064 (70)
255 4987 305 5043 οἱ
328 4981 609 5063 θηρατικοὶ
634 4980 730 5049 τὰς
756 4981 913 5063 γονὰς
938 4987 1042 5042 τῶν
1076 4983 1355 5066 περδίκων·

250 5062 395 5130 εἶναι
422 5070 481 5130 δὲ
504 5076 716 5141 πειθοῦς
740 5073 979 5141 δεκτικὰς
1004 5074 1375 5155 χειροτρόφου,

250 5160 347 5220 καὶ
367 5164 464 5240 ζῇν
496 5164 553 5221 ἐν
574 5164 829 5242 εἱρκταῖς,
854 5162 947 5221 καὶ
964 5172 1164 5247 τρυφᾷν
1189 5167 1277 5247 ἀφ’
1305 5162 1495 5233 ἑστίας·

138 5266 217 5312 δυ
252 5250 315 5317 οὗ
340 5248 581 5313 πείθεται
604 5248 661 5311 δὲ
688 5250 993 5333 συροπέρδιξ
1019 5254 1221 5331 ἐνθάδε.

877 381 1136 449 PHILAE
1180 385 1469 454 VERSUS
1504 390 1609 454 DE
1647 389 2099 461 ANIMALIUM
2133 390 2692 458 PROPRIETATE.

1828 547 2010 600 Adhaec
2025 561 2110 598 eos
2129 553 2180 599 et
2198 556 2456 613 paventes,
2479 551 2649 615 utpote
2667 551 2752 617 qui
2774 553 3102 617 pusillanimes
3123 565 3236 610 sunt
3253 595 3268 620 ,

1828 637 1869 686 si
1894 637 2008 702 quis
2025 637 2233 702 denique
2255 641 2496 690 tumultus
2519 640 2636 705 ipsis
2650 643 2872 706 ingruat,

1826 727 1875 776 et
1897 726 2068 790 frigore
2085 727 2382 791 laborantes,
2405 729 2584 796 quippe
2602 732 2829 784 brevibus
2852 735 3007 787 tectos
3026 738 3196 802 pennis
3209 773 3225 802 ,

1825 814 2148 877 expandentes
2164 817 2328 867 statim
2350 818 2536 869 alarum
2558 825 2746 884 tegmen

1824 903 2182 966 amplectuutur
2201 909 2252 955 et
2271 905 2436 957 fovent
2449 944 2465 972 ,
2484 909 2712 974 tanquam
2735 911 2947 964 delicias.

1824 992 2008 1051 Quodsi
2029 1006 2204 1058 auceps
2222 997 2430 1047 exterret
2459 999 2644 1062 pullos,

1821 1085 1923 1132 arte
1949 1081 2170 1146 prudenti
2194 1097 2312 1134 eum
2329 1086 2566 1148 genitores
2587 1088 2786 1140 vincunt
2799 1127 2814 1152 ,

1822 1172 2031 1221 matrum
2053 1184 2267 1223 amorem
2289 1175 2556 1227 imitantes.

1820 1259 2008 1310 Laxant
2025 1259 2154 1308 enim
2181 1261 2429 1324 extemplo
2445 1262 2545 1312 alas
2563 1299 2579 1325 ,

1819 1350 1869 1396 et
1882 1347 2129 1411 provoluti
2145 1352 2258 1399 ante
2279 1348 2412 1400 illius
2442 1351 2588 1415 pedes

1819 1436 2046 1488 videntur
2061 1437 2160 1488 tere
2177 1438 2352 1490 calcari
2373 1453 2467 1489 una
2483 1453 2594 1490 cum
2618 1443 2829 1507 semitis;

1816 1527 1867 1578 et
1890 1525 2054 1589 sugam
2073 1539 2241 1577 eorum
2264 1528 2349 1593 qui
2370 1533 2657 1592 quaeruntur
2673 1533 2940 1595 occultant,

1818 1613 2008 1665 fallaces
2029 1627 2204 1667 cursus
2225 1616 2504 1680 volventes,

1814 1717 1906 1754 nec
1923 1704 2090 1754 sinunt
2120 1704 2397 1757 carissimos
2431 1707 2647 1760 infirmo..

1814 1792 1865 1842 in
1889 1805 2062 1843 manus
2080 1794 2258 1844 inimici
2281 1795 2488 1848 incidere
2500 1833 2515 1858 ‚
2532 1799 2589 1848 ut
2611 1798 2884 1864 implumes

1812 1880 1900 1932 Ille
1912 1881 2040 1931 enim
2067 1881 2117 1932 in
2131 1895 2309 1934 vanum
2332 1885 2486 1949 posita
2509 1899 2620 1950 spe,

1814 1968 1991 2020 relictis
2011 1972 2228 2034 parvulis
2241 2008 2256 2033 ,
2271 1971 2332 2022 ad
2353 1975 2562 2037 maiores
2575 1978 2744 2027 currit.

1814 2057 2076 2109 Enimvero
2099 2071 2226 2122 aegre
2247 2062 2483 2124 effugiunt
2501 2064 2834 2117 crudelitatem
2848 2105 2863 2130 ,

1811 2150 1898 2198 aut
1919 2148 2083 2212 potius
2101 2149 2360 2213 perniciem
2387 2151 2499 2202 inde
2521 2153 2869 2206 imminentem.

1812 2237 1962 2288 Paulo
1983 2242 2145 2288 autem
2165 2241 2302 2302 post,
2323 2240 2373 2289 in
2391 2253 2562 2291 securo
2577 2241 2685 2292 loco
2707 2250 2885 2296 stantes
2898 2283 2913 2308 ,

1812 2326 1974 2377 varios
1995 2327 2198 2378 maculis
2225 2328 2385 2392 pullos
2408 2343 2436 2379 e
2453 2329 2716 2396 longinquo
2737 2334 2968 2397 colligunt

1811 2415 2127 2466 allicientium
2150 2420 2382 2468 cantuum
2401 2422 2603 2469 musica.

1812 2505 1876 2553 Et
1897 2503 2091 2566 nidum,
2111 2517 2256 2568 quam
2282 2519 2442 2556 aream
2461 2513 2664 2570 vocant,

1810 2593 2008 2658 perdix,
2034 2607 2148 2656 rex,
2172 2595 2388 2657 parvulis
2411 2596 2582 2656 struit,

1814 2683 1986 2734 miram
2013 2682 2256 2746 quandam
2278 2697 2380 2733 rem
2394 2720 2408 2744 ,
2430 2689 2479 2734 et
2507 2685 2626 2734 artis
2647 2686 2854 2749 plenam.

1808 2772 1970 2833 Lignis
1989 2771 2117 2822 enim
2137 2772 2316 2822 teneris
2334 2771 2418 2821 illo
2442 2777 2720 2837 compacto,
2751 2753 2778 2818 ι’

1808 2859 2070 2910 thalamum
2095 2859 2193 2910 fere
2214 2859 2372 2910 reddit
2387 2860 2480 2910 hoc
2497 2863 2679 2912 tectum
2689 2879 2706 2925 ς

1806 2946 1970 3013 ibique
1987 2948 2191 2999 collocat
2209 2950 2470 3013 prehensos
2495 2951 2674 3015 pullos„

1809 3038 1989 3102 quibus
2007 3038 2152 3088 etiam
2171 3038 2419 3100 pulverem
2445 3040 2782 3092 tenuissimum
2799 3041 3074 3107 inspergens

1806 3127 2020 3177 nativam
2045 3126 2448 3191 pulchritudinem
2472 3128 2745 3182 nitidiorem
2762 3131 2935 3183 reddit.

1807 3221 1877 3265 Ac
1896 3220 2074 3267 terram
2092 3215 2286 3267 rubram
2305 3228 2548 3279 apponens
2564 3218 2675 3268 ante
2698 3218 2858 3267 cibum
2870 3253 2885 3279 ,

1810 3308 1863 3353 ut
1886 3303 2112 3353 columba
2129 3304 2334 3355 muriam
2359 3305 2508 3367 pullis
2529 3306 2658 3367 suis,

1810 3390 2082 3442 fastidiosos
2105 3392 2200 3445 cibi
2220 3395 2499 3456 appetentes
2517 3393 2692 3446 reddit.

1808 3483 2048 3531 Praeterea
2065 3492 2322 3545 puerperas
2345 3496 2441 3532 non
2459 3488 2740 3546 exspectant

1809 3570 1998 3631 parvuli
2023 3570 2085 3620 ad
2103 3570 2422 3621 desideratam
2441 3572 2754 3636 pullationem
2767 3610 2783 3637 ,

1809 3658 1894 3708 sed
1913 3659 2096 3710 circum
2121 3661 2346 3723 frangunt
2363 3665 2614 3713 externum
2639 3666 2827 3725 tegmen

1810 3748 2204 3813 percussionibus
2231 3750 2619 3817 rnipitationum.

1809 3840 2076 3901 properant
2103 3832 2192 3892 eni¹
2265 3852 2508 3917 ‚ptcurrere
2529 3843 2642 3889 ante
2663 3840 2886 3905 tempus„

1809 3926 1861 3977 et
1887 3925 2137 3989 paululum
2157 3926 2502 3990 p.„„picientes
2521 3933 2775 3979 moventur
2795 3930 3028 3994 amplius5

1808 4028 1865 4066 ac
1888 4015 2026 4066 facile
2044 4014 2240 4079 quidem
2261 4015 2492 4078 frangitur
2513 4029 2712 4079 murus,

1808 4104 2064 4170 prosiliunt
2081 4108 2242 4155 autem
2255 4140 2270 4165 ,
2295 4105 2346 4153 et
2367 4102 2700 4167 ingrediuntur
2717 4105 2768 4155 et
2785 4112 2984 4157 currunt

1808 4194 2016 4243 tenuiter
2036 4192 2170 4255 parvi
2193 4191 2312 4255 pulli
2331 4192 2656 4243 caecabantes.

1807 4280 2020 4331 Feminis
2043 4283 2206 4331 autem
2225 4294 2322 4331 non
2343 4282 2662 4345 praesentibus
2679 4283 2740 4335 ad
2760 4284 2951 4347 nuptias
2963 4322 2976 4347 ‚

1806 4372 1857 4421 in
1873 4370 1995 4421 iram
2018 4370 2192 4420 transit
2212 4369 2536 4421 masculorum
2556 4385 2758 4435 agmen:

1805 4458 2120 4511 domesticam
2143 4460 2306 4510 autem
2325 4460 2411 4509 ubi
2422 4460 2772 4512 commiserunt
2789 4476 2998 4527 pugnam
3012 4500 3025 4524 ,

1805 4554 1912 4601 tum
1932 4548 2178 4599 exsultant
2197 4549 2450 4599 insolentia
2467 4554 2632 4600 eontra
2650 4551 2821 4602 victos.

1804 4641 2001 4703 septem
2021 4650 2139 4689 vero
2156 4637 2262 4688 dies
2283 4642 2477 4703 partum
2499 4643 2712 4701 gestare,

1803 4730 1854 4779 et
1874 4728 2034 4792 pullos
2057 4727 2256 4778 totidem
2278 4732 2388 4792 post
2408 4726 2514 4778 dies
2529 4726 2811 4791 excludere,

1804 4822 1853 4869 et
1870 4831 2014 4883 porro
2036 4832 2122 4870 eos
2144 4830 2227 4882 per
2251 4816 2454 4867 totidem
2471 4816 2578 4869 dies
2599 4816 2806 4869 educare
2819 4854 2836 4883 ,

1804 4911 1853 4959 et
1876 4908 2047 4958 nidum
2067 4907 2266 4958 totidem
2285 4907 2458 4958 diebus
2478 4910 2758 4959 construere

1803 4996 2018 5046 sobolem
2041 4995 2544 5060 perdicum,aucupes
2567 4995 2786 5059 traduntg

1802 5085 1984 5136 dociles
2011 5086 2175 5136 autem
2203 5098 2308 5137 esse
2334 5085 2634 5137 educationis
2652 5084 2961 5151 domium,

1802 5175 1922 5225 etin
1944 5175 2093 5239 septis
2111 5175 2297 5239 vivere,
2324 5179 2374 5226 et
2394 5176 2596 5243 opimari
2612 5174 2675 5227 de
2695 5174 2805 5228 ῐοοο
2828 5197 2844 5229 ι

1802 5276 1892 5331 nec
1913 5276 2032 5316 vero
2057 5265 2342 5345 syroperdlx
2368 5264 2494 5346 aprici
2519 5278 2607 5337 nos
2627 5262 2898 5345 mansue-fig
