3767 5825
517 346 593 398 56
1599 333 2008 394 oti-mmor
2048 333 2520 396 ΑΔΙΕΥΤῙΚΩΝ
2559 337 2644 397 Β.“

638 477 749 546 δαὶς
784 479 973 558 ἀγαθή·
1002 483 1169 538 κεῖναι
1196 477 1251 536 δὲ
1282 476 1443 554 δέμας
1473 477 1940 558 περιλιχμάζουσιν

635 567 895 639 ἀλλήλων·
922 567 1043 680 τόγε
1070 567 1127 626 δέ
1158 589 1249 648 σφι
1279 565 1407 654 βορὴ
1442 565 1607 644 βίοτός
1634 590 1692 625 τε
1717 565 1977 624 τέτυκται·

632 664 798 715 κεῖναι
826 657 871 712 δ’
900 644 1016 713 ευτε
1043 654 1311 715 θάλασσαν
1341 654 1602 726 ἀολληδην
1632 653 1908 736 ἐφέπωσιν,

632 743 695 816 ἠέ
726 741 785 800 νύ
817 763 919 800 που
948 739 1143 823 πέτρην
1171 741 1452 822 ἀμφίσκιον
1480 743 1541 811 ἠὲ
1570 739 1836 811 θαλάσσης

535 855 615 894 7⁰0
638 829 902 908 διζόμεναι
930 833 1228 906 κευθμῶνας
1254 827 1576 910 ὗποόρυχίην
1602 831 1651 886 τ’
1682 828 1938 909 ἀλεωρὴν,

630 929 779 978 πᾶσα
805 917 923 977 τότε
950 915 1155 996 γλαυκὴ
1184 915 1509 976 λευκαίνεται
1544 915 1854 997 ἄμφιτφίτη.

634 1009 731 1074 Ὡς
757 1007 801 1065 δ’
826 1004 969 1064 ὁπότ’
999 1004 1277 1085 εὖρύπεδον
1306 1003 1497 1084 σκιάσῃ
1526 1004 1824 1085 νιφάδεσσιν
1860 1001 2037 1074 ἀλωὴν

630 1093 869 1176 ἑσπερίου
894 1091 1130 1173 ζεφύροιο
1160 1091 1273 1151 θοὸν
1304 1090 1479 1170 μένος,
1506 1091 1623 1150 οὐδέ
1649 1115 1701 1150 τι
1725 1090 1877 1170 γαίης

631 1181 849 1254 κυανέης
874 1180 1025 1240 ἰδέειν
1054 1179 1426 1262 ὑποφαίνεται,
1459 1181 1577 1237 ἀλλ’
1608 1177 1712 1260 ἄρα
1740 1188 1890 1237 πᾶσα

530 1293 609 1336 7⁹5
630 1269 845 1354 ἀργεννὴ
882 1267 1140 1350 χιόνεσσιν
1170 1267 1547 1348 ἐπασσυτέραις
1572 1267 1923 1326 κεκάλυπται·

630 1359 700 1428 ὣς
729 1359 839 1419 τότ’
866 1356 1195 1439 ἀπειρεσίῃσι
1216 1356 1541 1436 περιπληθὴς
1568 1355 1786 1436 ἀγέλῃσι

632 1447 872 1531 φαίνεται
905 1445 1217 1527 ἀργινόεσσα
1250 1444 1612 1511 Ποσειδάωνος
1638 1443 1805 1514 αλωή.

1048 1746 1526 1807 ΑΛῙΕΥΤῙΚΩΝ

908 1905 1206 1966 BIBAION
1245 1901 1669 1964 ΔΕΥΤΕΡΟΝ.

710 2057 841 2127 ’Ὧδε
863 2063 957 2142 μὲν
978 2062 1245 2146 ἰχθύὸοτοί
1261 2087 1319 2122 τε
1338 2061 1521 2141 νομαὶ,
1535 2060 1623 2120 καὶ
1646 2062 1785 2142 φῦλα
1800 2056 2068 2130 θαλάσσης

628 2153 932 2224 πλάζονται·
962 2155 1145 2235 τοιῷδε
1171 2149 1329 2233 γάμῳ
1342 2196 1361 2228 ,
1389 2151 1565 2230 τοιῇδε
1592 2147 1807 2228 γενέθλῃ

627 2243 922 2326 τέρπονται·
948 2240 1016 2300 τὰ
1044 2240 1101 2300 δέ
1130 2237 1231 2299 πού
1264 2265 1342 2307 τις
1369 2237 1734 2319 ἐπιχθονίοισιν
1764 2237 1972 2294 ἅπαντα

629 2329 900 2390 ἀθανάτων
925 2329 1145 2408 σήμηνε·
1174 2327 1227 2386 τί
1253 2327 1354 2408 γὰρ
1386 2325 1701 2407 μερόπεσσιν
1728 2325 1946 2383 ἀνυστὸν

541 2441 567 2479 5
631 2417 780 2501 νόσφι
804 2421 967 2477 θεῶν·
950 2463 969 2495 ,
999 2418 1105 2476 οὐδ’
1134 2415 1286 2474 ὅσσον
1316 2413 1449 2473 υπὲκ
1475 2413 1629 2480 ποδὸς
1649 2412 1790 2493 ἴχνος
1818 2418 2018 2491 ἀεῖραι,

630 2509 735 2567 οὐδ’
762 2507 879 2567 ὅσον
908 2505 1213 2584 ἀμπετάσαι
1251 2502 1523 2586 βλεφάρων
1551 2501 1809 2584 περιφαέα
1838 2501 2024 2561 κύκλα·

632 2597 748 2654 ἀλλ’
778 2594 927 2653 αὐτοὶ
944 2592 1221 2673 κρατέουσι
1248 2592 1338 2651 καὶ
1363 2591 1615 2651 ῖθύνουσιν
1644 2589 1843 2650 ἕκαστα
1860 2635 1880 2669 ,

627 2681 844 2756 τηλόθεν
880 2681 1031 2759 ἐγγὺς
1060 2679 1241 2747 ἐόντες.
1272 2678 1532 2758 ἀναγκαίη
1556 2680 1603 2738 δ’
1634 2677 1908 2745 ἀτίνακτος

619 2772 903 2832 πείθεσθαι·
932 2769 1029 2842 τὴν
1053 2770 1099 2828 δ’
1135 2767 1246 2828 οὔτι
1267 2767 1415 2826 πέλει
1445 2766 1619 2834 σθένος
1650 2765 1768 2825 οὖδέ
1793 2790 1871 2834 τις
1899 2763 2037 2839 ἀλκὴ

540 2881 588 2921 ιο
626 2858 895 2943 τρηχείαις
920 2857 1187 2939 γενύεσσιν
1222 2855 1553 2938 ὑπερφιάλως
1582 2853 1843 2937 ἐρύσαντα

626 2948 915 3031 ἐκφυγέειν,
946 2947 1039 3006 ἅτε
1067 2948 1243 3005 πῶλον
1274 2948 1652 3025 ἄποπτυστῆρα
1681 2946 1926 3024 χαλινῶν·

626 3040 745 3095 ἀλλ’
775 3036 877 3095 αἰεὶ
907 3034 1138 3114 μάκαρες
1164 3032 1553 3114 πανυπέρτατοι
1576 3032 1699 3103 ἡνία
1724 3032 1898 3103 πάντη

625 3124 870 3195 κλίνουσ’,
897 3116 998 3201 ἧκ’
1021 3121 1282 3193 ἐθέλωσιν,
1303 3126 1330 3179 ὁ
1350 3122 1395 3178 δ’
1417 3120 1632 3179 ἕσπεται
1659 3119 1769 3187 ὅςτε
1799 3116 2062 3200 σαόφρων,

626 3212 744 3291 πρὶν
768 3213 979 3291 χαλεπῇ
1006 3209 1223 3287 μάστιγι
1247 3208 1339 3267 καὶ
1365 3210 1459 3266 οὗκ
1490 3207 1677 3266 ἐθέλων
1706 3206 1944 3278 ἐλάηται.

540 3321 585 3356 ιτ»
632 3302 805 3357 Κεῐνοι
838 3298 928 3355 καὶ
955 3295 1141 3375 τέχνας
1166 3294 1513 3374 πολυκερδέας
1543 3294 1887 3375 ἀνθρώποισιν

626 3388 795 3444 δῶκαν
820 3385 981 3493 ἔχειν,
1008 3384 1098 3443 καὶ
1124 3394 1301 3442 πᾶσαν
1326 3381 1672 3491 ἐπιφροσύνην
1697 3382 1933 3457 ἐνέηκαν.

615 3474 765 3533 'Am
746 3498 797 3540 ος
826 3478 870 3531 ὃ
902 3478 1001 3532 ἀλ)
1004 3476 1121 3531 οίων
1152 3472 1425 3551 ἐπιηρανος
1455 3470 1641 3526 ἔπλετο
1664 3466 1864 3542 δαίμων

618 3564 781 3642 ἔργων
813 3554 940 3667 ρῖσιν
962 3560 1175 3627 ἕκαστος
1204 3557 1483 3617 ἐπίσκοπον
1511 3554 1678 3634 ᾔρατο
1695 3552 1875 3628 τιμήν.

615 3643 740 3715 Δηὼ
769 3644 861 3722 μὲν
892 3642 1105 3721 ζεύγλης
1131 3667 1188 3701 τε
1220 3648 1353 3723 βοῶν
1384 3641 1589 3723 ἀρότοιό
1617 3666 1674 3700 τε
1699 3640 1889 3720 γαίης,

524 3754 575 3793 21)
617 3736 791 3812 πυρῶν
817 3732 861 3790 τ’
891 3733 1170 3813 εὐκάρποιο
1198 3729 1341 3813 φέρει
1368 3731 1521 3810 γέρας
1550 3736 1787 3807 ἀμητοῖο.

615 3826 789 3903 Δουρα
817 3818 871 3880 δὲ
898 3820 1242 3890 τεκτήνασθαι
1266 3818 1561 3890 ἀναστῆσαί
1585 3842 1643 3876 τε
1672 3818 1936 3897 μέλαθρα,

617 3907 785 3991 φάρεά
812 3914 861 3968 τ’
892 3914 1124 3980 ἀσκῆσαι
1152 3908 1333 3985 μήλων
1362 3907 1565 3965 εὖανθέῖ
1592 3910 1778 3987 καρπῷ

615 3995 835 4063 Παλλὰς
862 3994 1175 4075 ἐπιχθονίους
1204 3992 1490 4063 ἐδιδάξατο·
1524 3996 1663 4074 δῶρα
1697 3992 1740 4051 δ’
1776 3992 1965 4075 Ἄρηος

618 4084 861 4165 φάσγανα
889 4084 1127 4163 χάλκειοί
1152 4106 1212 4141 τε
1239 4081 1360 4163 περι
1394 4081 1637 4161 μελέεσσι
1662 4104 1877 4161 χιτυνες
1894 4126 1912 4159 ,

529 4192 579 4231 25
622 4172 711 4231 καὶ
738 4171 945 4253 κόρυθες
972 4190 1061 4230 και
1090 4172 1249 4251 δοῦρα
1276 4170 1367 4229 καὶ
1396 4162 1467 4237 οἷς
1496 4169 1787 4251 ἐπιτέρπετ’
1818 4168 1968 4230 ἐνυώ.

618 4264 775 4338 Δῶρα
803 4258 859 4318 δὲ
882 4258 1145 4319 Μουσάων
1172 4282 1231 4317 τε
1256 4256 1347 4317 καὶ
1378 4257 1696 4325 ’Λπόλλωνος
1724 4258 1912 4315 ἀοιδαί.

616 4346 927 4427 Ἑρμείης
900 4352 945 4405 ο’
975 4346 1167 4428 ἀγορήν
1195 4370 1252 4404 τε
1280 4344 1371 4405 καὶ
1401 4345 1687 4417 ἀλκήεντας
1716 4346 1927 4412 ἀέθλους

615 4434 849 4498 ὤπασεν.
884 4435 1159 4517 Ἡφαίστῳ
1186 4434 1241 4493 δὲ
1270 4433 1416 4513 μέλει
1446 4436 1741 4517 ῥαιστήριος
1768 4433 1940 4514 ἱδρώς.

621 4524 726 4583 Καὶ
750 4525 873 4583 τάδε
902 4548 978 4592 τις
1005 4523 1215 4583 πόντοιο
1244 4523 1485 4602 νοήματα
1514 4522 1603 4581 καὶ
1631 4523 1776 4590 τέλος
1804 4522 1998 4603 ἄγρης,

524 4632 576 4672 30
616 4611 814 4682 πληθὺν
834 4613 878 4670 θ’
907 4611 1204 4693 ὑγροπόρων
1232 4610 1343 4677 θεὸς
1370 4609 1553 4669 ὤπασε
1575 4609 1934 4690 τεκμήρασθαι

617 4700 884 4779 ἀνδράσιν,
910 4698 962 4766 ὃς
983 4698 1073 4758 καὶ
1100 4702 1283 4779 πρῶτα
1310 4697 1662 4779 μεσοῤῥαγέας
1683 4700 1935 4765 κενεῶνας

617 4788 767 4864 γαίης
796 4786 1154 4869 ἀγρομένοισιν
1184 4786 1467 4857 ἐνιπλῆσας
1492 4788 1775 4864 ποταμοῖσι

617 4876 935 4947 πευκεδανὴν
965 4874 1177 4955 ἀνέχευε
1205 4874 1296 4933 καὶ
1326 4874 1563 4955 ἐξέστεψε
1592 4873 1879 4945 θάλασσαν,

616 4964 798 5044 ὀφρύσι
827 4964 917 5023 καὶ
952 4968 1170 5043 ῥηγμῑσι
1195 4963 1506 5044 περίδρομον
1539 4962 1931 5045 ἅμφιπεδήσας,

528 5069 579 5111 85
621 5050 723 5109 εἴτε
752 5076 840 5129 μιν
869 5050 1213 5133 εὐρυμέδοντα
1238 5050 1579 5109 Ποσειδάωνα
1609 5048 1892 5119 καλέσσαι,

626 5138 718 5197 εἴτ’
746 5140 848 5220 ἄρα
875 5139 966 5199 καὶ
994 5142 1185 5217 Νηρῆα
1211 5138 1559 5219 παλαίφατον,
1579 5137 1673 5197 εἴτ’
1702 5138 1807 5219 ἄρα
1837 5136 2050 5218 Φόρκυν

2159 489 2294 538 cibus
2320 489 2499 551 bonus3
2520 491 2637 554 ipsae
2657 503 2772 542 vero
2791 505 2968 556 corpus
2988 493 3350 560 circumlingunt

2161 577 2505 640 sibi-invicem3
2525 579 2617 637 boc
2631 584 2794 630 autem
2813 581 2883 630 eis
2899 581 3128 644 pabulum
3153 583 3396 649 victusque
3411 596 3506 650 αις

2159 664 2254 714 illae
2274 671 2434 716 autem
2455 667 2536 716 ubi
2557 680 2690 718 mare
2709 669 2984 730 agminatim
3005 677 3271 734 occupant,

2157 759 2242 802 aut
2259 753 2431 804 alicubi
2455 755 2576 806 forie.
2594 758 2848 820 scopulum
2872 758 3152 809 umbrosum
3177 765 3264 810 aut
3281 763 3418 812 maris

2157 847 2424 903 quaerentes
2441 842 2640 894 latibula
2661 845 3014 910 humidamque
3035 848 3304 911 perfugium
3319 886 3333 911 ,

2157 933 2311 979 totum
2329 933 2448 980 tunc
2467 933 2724 984 caeruleum
2747 934 2946 984 albescit
2967 949 3116 985 mare.

2157 1020 2224 1066 Ut
2243 1022 2404 1068 autem
2422 1021 2616 1083 quando
2635 1023 2900 1085 spatiosum
2918 1023 3100 1086 obtegit
3119 1025 3314 1076 nivibus
3335 1039 3539 1090 campum

2157 1105 2342 1156 occidui
2364 1109 2564 1172 zephyri
2587 1111 2727 1160 velox
2749 1111 2915 1172 robur,
2936 1126 3092 1176 neque
3113 1115 3296 1179 aliquid
3317 1119 3450 1165 terrae

2155 1193 2306 1256 nigrae
2327 1198 2603 1260 conspectui
2625 1201 2846 1262 apparet,
2873 1213 3042 1252 verum
3059 1203 3161 1252 tota

2157 1283 2356 1332 candida
2371 1285 2562 1336 nivibus
2585 1284 2748 1336 densis
2769 1294 3118 1352 cooperta-esu

2155 1370 2222 1420 ita
2243 1375 2356 1422 tunc
2373 1373 2567 1423 infinitis
2589 1375 2758 1438 plenus
2775 1376 2998 1438 gregibus

2156 1463 2350 1523 apparet
2366 1462 2572 1512 albicans
2591 1465 2798 1527 Neptuni
2819 1478 3020 1528 campus
3041 1467 3243 1532 (mare).

2637 1757 2738 1816 DE
2778 1758 3232 1821 PISCATIONE

2590 1915 2816 1976 LIBER
2857 1917 3279 1980 SECUNDUS.

2215 2069 2286 2116 lta
2312 2068 2506 2130 quidem
2528 2069 2838 2136 piscariaeque
2865 2073 3219 2137 pabulationes,
3240 2078 3293 2125 et
3309 2087 3472 2138 genera
3487 2077 3606 2124 maris
3694 2069 3695 2086 *

2154 2159 2414 2217 vagantum
2441 2157 2522 2206 tali
2543 2159 2766 2221 coniugio
2781 2197 2796 2222 ,
2819 2161 2906 2211 tali
2925 2167 3062 2225 partu

2155 2243 2476 2308 delectantur;
2495 2247 2602 2297 haec
2619 2260 2732 2299 vero
2749 2249 2872 2300 sorte
2889 2251 3059 2314 aliquis
3081 2250 3357 2301 hominibus
3375 2253 3522 2302 omnia

2155 2332 2492 2384 immortalium
2515 2335 2739 2386 ostendit.
2761 2337 2890 2396 Quid
2913 2339 3042 2389 enim
3066 2339 3342 2389 hominibus
3369 2339 3516 2404 perlici
3543 2343 3660 2402 pote-t
3694 2345 3695 2348 ’

2153 2421 2334 2485 absque
2357 2423 2478 2474 diis?
2501 2427 2572 2474 Ne
2589 2424 2783 2488 quidem
2803 2427 2938 2488 pedis
2960 2426 3171 2491 plantam
3187 2427 3379 2489 tollere,

2153 2523 2214 2561 ne
2235 2509 2430 2573 quidem
2453 2513 2636 2574 aperire
2653 2513 2990 2577 palpebrarum
3007 2515 3438 2579 circumspicientes
3457 2516 3638 2566 circinos

2157 2597 2250 2649 Sed
2271 2598 2362 2662 ipsi
2382 2599 2646 2662 gubernant
2667 2605 2718 2650 et
2739 2599 2953 2664 dirigunt
2973 2601 3160 2664 singula
3173 2638 3188 2665 ‚

2154 2685 2344 2750 procul,
2367 2700 2514 2750 prope
2535 2693 2793 2750 praesentes
2805 2706 2822 2751 ς
2849 2689 3108 2740 necessitas
3130 2701 3241 2740 vero
3263 2694 3341 2741 est
3361 2691 3547 2741 immota

2153 2775 2478 2838 obtemperare
2509 2776 2651 2833 illi-53
2681 2777 2804 2826 hanc
2829 2782 2991 2828 autem
3023 2779 3210 2828 nullum
3241 2785 3316 2829 est
3355 2781 3510 2841 robur,
3541 2791 3662 2841 neque
3694 2803 3695 2810 κ

2156 2864 2250 2914 ulla
2269 2865 2343 2915 vis
2354 2865 2390 2931 ,J
2407 2867 2585 2929 asperis
2605 2865 2812 2917 maxillis
2835 2868 3040 2930 superbe
3064 2867 3374 2918 reluctantem

2153 2952 2388 3016 effugere,
2413 2956 2546 3005 velut
2567 2956 2752 3019 pullum
2769 2960 3074 3019 respuentem
3093 2958 3284 3017 henou

2154 3040 2240 3091 sed
2260 3055 2445 3105 semper
2463 3042 2530 3092 dii
2552 3044 3000 3107 omnium-supremi
3025 3043 3233 3094 habenas
3255 3044 3432 3107 ubique

2154 3129 2429 3191 inflectunt,
2447 3144 2644 3194 quoquo
2664 3132 2931 3193 voluerint3
2951 3131 3032 3182 ille
3049 3144 3166 3183 vero
3181 3133 3417 3195 sequitur,
3436 3131 3660 3195 quicunque

2155 3232 2299 3267 sanus
2313 3222 2390 3267 est
2403 3218 2445 3281 ,]
2465 3218 2742 3282 priusquam
2759 3232 2928 3283 aspero
2946 3220 3130 3283 flagello
3147 3220 3295 3271 etiam
3313 3221 3484 3271 invitus
3498 3217 3660 3282 compel-

2154 3306 2318 3370 latur]
2339 3306 2412 3356 Illi
2433 3307 2578 3357 etiam
2595 3310 2724 3358 artes
2740 3308 2955 3359 lucrosae
2977 3296 3256 3359 bominibus

2150 3390 2387 3445 dederunt
2407 3395 2608 3457 habere,
2637 3400 2686 3445 et
2707 3409 2899 3447 omnem
2921 3396 3160 3448 solertiam
3177 3398 3486 3449 immiserunt.

2143 3479 2277 3527 Alius
2298 3492 2415 3529 vero
2433 3481 2538 3531 aliis
2560 3486 2842 3546 praepositus
2858 3488 2934 3536 est
2945 3486 3138 3537 daemou

2142 3567 2366 3627 operibus
2381 3605 2396 3630 ,
2424 3571 2602 3632 quibus
2627 3573 2836 3635 quisque
2853 3575 3104 3637 praesidem
3127 3578 3426 3629 sortitus-est
3443 3580 3648 3627 honori-m.

2065 3688 2071 3695 -
2145 3657 2290 3703 Ceres
2307 3653 2499 3717 quidem
2520 3654 2719 3718 jugique
2741 3654 2890 3706 boum
2912 3655 3233 3717 arationisque
3254 3656 3422 3715 terrm,

2145 3742 2380 3805 trilicique
2400 3743 2566 3793 fertilis
2590 3743 2680 3793 sert
2701 3743 2934 3795 honorem
2953 3742 3142 3793 messis.

2143 3830 2290 3893 Ligna
2309 3844 2425 3881 vero
2447 3830 2666 3881 fabricari
2689 3833 2992 3895 excitamque
3013 3830 3214 3881 &dificia
3227 3865 3243 3892 ‚

2145 3916 2356 3978 telasque
2377 3916 2620 3966 elaborare
2636 3930 2696 3966 ex
2720 3917 2886 3972 ovium
2911 3915 3082 3967 florido
3104 3917 3262 3966 fructu

2143 4004 2297 4053 Pallas
2321 4004 2535 4053 homines
2553 4004 2742 4065 docuit;
2767 4018 2966 4055 munera
2988 4018 3104 4055 vero
3129 4004 3298 4055 Martis

2140 4092 2282 4153 gladii
2305 4097 2417 4141 sunt
2437 4105 2681 4154 aeneaeque
2697 4093 2823 4142 circa
2843 4092 3060 4142 membra
3081 4094 3288 4153 tunicoe,

2140 4183 2189 4229 et
2211 4180 2356 4242 galeae
2379 4183 2430 4230 et
2445 4180 2597 4231 bastae
2614 4186 2663 4230 et
2685 4180 2860 4244 quibus
2875 4184 3137 4245 proecerea
3157 4180 3338 4243 gaudet
3359 4179 3551 4231 Bellona.

2141 4272 2276 4318 Dona
2303 4282 2418 4317 vero
2435 4271 2782 4331 Musarumque
2801 4272 2853 4317 et
2876 4268 3109 4331 Apollinis
3129 4271 3258 4317 sunt
3277 4267 3499 4317 carmina.

2139 4355 2398 4405 Mercurius
2415 4358 2576 4405 autem
2593 4356 2872 4406 concionem
2895 4358 2948 4406 et
2966 4356 3108 4405 fortia
3127 4356 3386 4405 certamlna

2141 4444 2322 4493 tribuit.
2345 4444 2560 4493 Vulcano
2581 4446 2743 4494 autem
2765 4446 2996 4494 curae-est
3015 4444 3199 4494 fabrilis
3215 4444 3378 4493 sudor.

2139 4531 2292 4581 Etiam
2321 4532 2424 4581 haec
2445 4533 2686 4595 quispiam
2709 4532 2854 4582 maris
2869 4532 3066 4583 inventa
3087 4534 3138 4581 et
3159 4532 3302 4581 tinem
3325 4536 3550 4594 capturae,

2139 4620 2420 4683 turbamque
2441 4619 3006 4671 in·humido·natantium
3030 4620 3152 4671 deus
3174 4619 3378 4669 indulsit
3398 4619 3622 4667 observare

2138 4707 2438 4771 bominibus,
2462 4708 2545 4771 qui
2565 4708 2708 4758 ctiam
2732 4709 2884 4771 primo
2907 4708 3406 4771 in·medio·disruptas
3425 4706 3622 4754 cavitates

2137 4800 2279 4845 terrae
2299 4796 2592 4858 congregatis
2612 4795 3106 4859 postquam-implevit
3125 4794 3408 4845 fluminibus
3423 4830 3438 4855 ,

2138 4895 2354 4932 amarum
2375 4882 2544 4932 effudit
2564 4886 2707 4946 atque
2729 4884 2975 4933 coronavit
2997 4896 3130 4933 mare

2139 4971 2404 5031 superciliis
2425 4976 2475 5020 et
2497 4970 2737 5020 littoribus
2766 4972 2976 5021 cinctum
2999 4970 3360 5033 circumligans,

2139 5058 2240 5107 sive
2261 5071 2372 5107 eum
2395 5058 2781 5121 late-regnantem
2804 5061 3082 5122 Neptunum
3105 5058 3352 5107 nominare
3365 5093 3382 5119 ,

2137 5145 2243 5197 sive
2264 5146 2405 5197 etiam
2428 5150 2633 5197 Neu-eum
2658 5151 2933 5211 vetustum,
2950 5148 3055 5199 sive
3076 5158 3192 5197 sane
3211 5145 3437 5209 Pbomyn
