3767 5825
1157 435 1960 529 anNETfloNlANORUM
2007 435 2149 495 LIB.
2195 434 2299 494 lv.
3258 440 3334 490 7⁶
3360 478 3371 489 .

23 600 60 639 ιο
89 572 128 645 ἢ
171 571 264 631 διὰ
286 566 614 648 λαιμοτόμου
638 568 866 651 φάρυγος
895 566 1002 647 βίον
1032 565 1218 643 αἵματι
1235 566 1404 647 λείψει

97 658 491 741 σφονδυλόεντα
508 658 774 739 τράχηλον
795 660 846 725 ἐς
868 658 993 715 ἰνίον
1023 656 1394 739 ἀκροτομηθείς
1409 701 1425 729 ‚

95 748 138 821 ἢ
172 748 265 808 διὰ
287 754 624 831 φαρμακτοῑο
653 746 804 805 δόλου
832 744 1040 825 νοσερὸν
1059 744 1204 811 τέλος
1231 742 1348 811 ἕξει.

189 834 546 917 λαμπροφαὴς
567 836 612 892 δ’
637 832 806 913 ἀστὴρ
829 832 976 891 ὁπότ’
1007 832 1070 890 ἂν
1095 832 1170 890 δύ
1186 856 1212 889 ν
1228 856 1255 890 ο
1269 856 1300 890 υ
1317 856 1378 890 σι
1401 834 1604 913 φαανθῇ

101 926 336 993 ζωιδίοις
352 970 370 998 ,
401 923 459 983 δν
480 922 672 989 πάντες
695 922 1078 1001 ἐπεφράσσαντ’
1100 920 1163 978 Ἀ
1177 922 1330 1001 φροδ
1346 919 1450 993 ίτη
1466 942 1489 985 ς

23 1038 72 1077 5⁶
102 1012 410 1093 φωσφόρον,
435 1012 490 1069 ἓν
517 1010 684 1090 τούτῳ
713 1008 768 1067 δὲ
795 1007 948 1087 γονὰς
968 1008 1211 1090 μερόπων
1232 1031 1306 1076 τις
1335 1008 1518 1087 ἐνέγκῃ
1536 1052 1552 1079 ,

103 1101 329 1161 ἔσσεται
353 1098 643 1179 ἀλλοτρίων
664 1096 860 1176 λεχέων
888 1096 1222 1175 πανάθεσμος
1250 1098 1447 1177 ἀατήρ,

103 1187 384 1270 ὃρφνήεις,
409 1186 703 1267 δολοεργός,
733 1183 966 1252 ἀνέστιος
984 1230 1002 1261 ,
1035 1184 1406 1265 αἰσχεόμυθος,

103 1274 482 1357 παμψέκτωρ,
502 1275 804 1351 ἀδίδακτος,
835 1272 916 1331 ἀεὶ
941 1274 1301 1351 δεδιδαγμένος
1329 1278 1582 1354 αἰσχροῖς·

105 1364 176 1435 ἢν
201 1363 260 1422 δὲ
289 1361 490 1442 Κύπρις
513 1360 756 1443 μερόπων
787 1360 1042 1441 ὥροσκό
1051 1384 1140 1418 πα
1167 1359 1360 1441 φέγγεσι
1383 1361 1577 1441 λεύσσῃ
1591 1406 1608 1433 ,

23 1473 72 1513 ω
102 1450 388 1527 αἱμυλίως
413 1446 590 1528 τεύχει
615 1470 674 1507 τε
701 1448 791 1506 καὶ
811 1448 1091 1525 εὐμούσως
1112 1447 1204 1507 καὶ
1228 1447 1522 1528 ἀμόχθους,

103 1538 172 1597 ἔκ
198 1561 260 1597 τε
289 1537 596 1615 γυναικείων
614 1536 848 1615 χαρίτων
869 1536 1177 1612 λάμποντας
1197 1538 1250 1594 ἓν
1270 1535 1441 1603 ὅλὸοις
1461 1542 1482 1573 ·’

103 1625 319 1692 τούτοις
348 1626 567 1697 θηλειῶν
591 1623 892 1683 πιστεύεται
917 1622 1068 1704 ὅρκια
1095 1623 1330 1704 κρυπτά,

105 1706 260 1772 οὗτοι
296 1711 680 1795 προστήσονται
700 1713 753 1770 ἐν
776 1710 1102 1790 ὄργιάδεσσιν
1126 1712 1356 1791 ἑορταῖς,

107 1802 238 1860 ἔνθα
271 1800 614 1881 φυγαρσενίης
639 1800 904 1879 μυστήρια
938 1798 1138 1879 ηὔχετ’
1161 1800 1398 1858 ἄπυστα·

24 1912 77 1951 fin
108 1888 178 1961 ἢν
207 1891 256 1948 δ’
284 1888 446 1969 ἐρατὴ
467 1912 506 1966 μ
523 1888 810 1947 εσόωντα
835 1890 953 1946 κατ’
977 1885 1191 1967 οὐρανὸν
1217 1886 1462 1967 ἀνδράσιν
1485 1890 1651 1968 ὀφθῇ,

111 1978 310 2057 φράζει
329 1999 410 2035 τοι
441 1974 620 2055 βιοτὴν
653 1974 1031 2055 βαθυχρήμονα
1043 2019 1062 2052 ,
1083 1975 1326 2054 χιλιάδας
1345 1998 1404 2035 τε

110 2064 290 2146 ἀρχάς
302 2110 318 2137 ,
351 2063 442 2123 καὶ
460 2062 609 2135 δόξης
627 2062 855 2122 ἀπλέτου
887 2062 1191 2142 κοσμήτορα
1211 2062 1435 2139 κόμπον,

108 2156 173 2211 ἐκ
199 2152 347 2223 τοίης
374 2157 532 2229 τιμῆς
555 2151 611 2209 δὲ
772 2153 804 2184 ⁴*
965 2150 996 2181 ⁸²
1157 2154 1190 2185 '⁵

197 2239 434 2299 στίλὸων
461 2238 506 2297 δ’
535 2236 852 2317 Ἵζρμείαο
889 2238 1066 2319 φανεὶς
1091 2238 1177 2297 ἐπὶ
1201 2236 1295 2309 τὴν
1318 2238 1500 2297 δύσιν
1528 2236 1695 2318 ἀστὴρ

113 2358 144 2379 -t
341 2354 370 2379 ὑ
556 2352 582 2379 ἡ
766 2352 794 2378 *
977 2353 1004 2379 t
1189 2353 1217 2379 ἡ

27 2435 82 2477 7⁰
109 2413 433 2495 γεινομένων
467 2413 696 2494 βρεφέων
725 2413 1105 2494 ὧροσκόπον
1135 2412 1169 2485 ἢ
1198 2414 1338 2472 κατὰ
1366 2414 1604 2491 μέσσον

113 2507 186 2565 οὐ
205 2528 284 2586 ρα
299 2505 404 2563 νόν
420 2547 437 2576 ,
461 2502 520 2561 ἔκ
542 2526 598 2561 τε
621 2502 787 2581 λόγων
814 2503 988 2582 τεύχει
1014 2503 1283 2585 προκοπήν
1311 2527 1426 2561 τινα
1447 2504 1672 2577 θνητοῖς,

111 2594 209 2652 καὶ
239 2590 712 2673 καλαμογραφίης,
746 2591 837 2649 καὶ
865 2590 943 2649 ὅσ’
972 2594 1043 2657 εἰς
1072 2597 1271 2669 μοῦσαν
1294 2592 1612 2663 πεπόνηται·

113 2681 292 2761 τούτῳ
310 2680 358 2739 δ’
384 2680 569 2739 ὁππότ’
593 2678 818 2760 Ἄρηος
847 2678 908 2759 ἔῃ
935 2678 1289 2759 ἰσόμοιρος
1320 2678 1582 2761 ἀταρπός,

113 2769 152 2841 ἢ
184 2772 217 2828 δ
237 2792 256 2826 ι
273 2792 307 2827 α
324 2768 528 2848 μετρή
543 2790 621 2846 σῃ
651 2766 834 2847 φάεσιν
863 2766 990 2847 φάος
1019 2768 1396 2839 ἀντικέλευθον,

26 2880 74 2917 ·,-;
108 2850 582 2938 πλαστογράφους,
609 2858 800 2936 χειρῶν
822 2855 1120 2935 μιμήτορας
1138 2853 1518 2915 ἀλλοτυπώτων

117 2942 486 3022 παμὸλαὸέας
513 2941 689 3022 τεύχει
710 2965 767 3000 τε
792 2945 880 3000 καὶ
899 2945 1195 3022 ἀγριόεντας
1226 2943 1443 3002 ἰδέσθαι.

203 3030 508 3112 ἀμφίκερως
536 3031 730 3104 Μήνη
766 3031 810 3088 δ’
837 3030 980 3090 ὁπότ’
1006 3030 1069 3088 ἂν
1102 3031 1428 3110 βιοτέρμονος
1456 3029 1619 3112 ὥρης

114 3119 554 3202 φωτὶΣεληναίῳ
577 3115 771 3200 κρατέῃ
793 3119 1064 3178 σκολιωπόι
1086 3123 1300 3200 περῶσα
1320 3166 1336 3198 ,

114 3214 186 3286 τῇ
217 3209 268 3266 δ’
295 3205 448 3287 Ἄρη
467 3231 491 3273 ς
518 3208 618 3265 ἰσό
635 3227 791 3285 μοιρ
808 3231 841 3265 α
867 3206 930 3264 δι’
961 3204 1158 3286 αἰθέρος
1189 3207 1542 3288 ἀκροπολεύῃ,

37 3316 92 3356 α)
118 3293 320 3367 τηνίκα
343 3315 422 3350 τοι
450 3293 734 3364 θεόληπτος
751 3297 779 3353 ὁ
795 3293 889 3374 φὺς
915 3297 967 3352 ἐν
994 3295 1233 3374 σχήματι
1257 3296 1382 3376 τοίῳ

117 3383 360 3461 γίνεται,
388 3379 680 3452 ἔκπληκτός
696 3404 786 3456 τε,
809 3382 1106 3455 σεληνάζων
1135 3406 1192 3441 τε
1219 3383 1385 3457 νόοιο,

115 3468 216 3529 καὶ
237 3467 428 3544 μανίης
447 3468 764 3544 ἀνάμεστος·
795 3470 924 3541 ἐπὴν
948 3493 1072 3528 κατ
1087 3469 1122 3528 ὰ
1151 3475 1226 3548 γῆ
1243 3495 1268 3537 ς
1292 3469 1347 3529 δὲ
1369 3470 1620 3552 φέρηται,

125 3553 392 3635 δυστυχίῃ
411 3557 462 3613 τ’
490 3555 750 3635 ἐπίφοιτος
775 3559 843 3616 ἰδ’
871 3559 923 3616 ἐν
944 3556 1168 3616 σινέεσσι
1194 3559 1471 3629 πεπληθώς
1489 3583 1503 3596 ·

123 3643 195 3714 ἢν
221 3642 280 3702 δὲ
311 3645 425 3718 μετ’
454 3642 693 3715 ἀντολίην
715 3643 878 3720 μέσο
891 3669 918 3702 ν
947 3667 975 3703 o
991 3647 1018 3702 ὗ
1034 3669 1061 3725 ρ
1074 3669 1107 3703 α
1123 3669 1148 3701 ν
1166 3645 1193 3704 ὸ
1208 3671 1234 3702 ν
1272 3646 1565 3726 ἀμφιθοάζῃ
1583 3692 1598 3719 ,

41 3749 94 3790 8⁶
124 3727 512 3808 παμπλούτους
537 3753 596 3789 τε
612 3731 786 3804 τίθησι
811 3733 904 3791 καὶ
926 3731 1203 3813 ἐντρυφέας
1230 3733 1321 3792 καὶ
1343 3735 1610 3808 ἐπόλὸους,

123 3817 408 3892 θηλυνόους
429 3817 483 3877 δὲ
503 3818 742 3898 τρόποισι
760 3821 851 3880 καὶ
873 3821 1178 3902 εὖτρέπτους
1202 3822 1293 3882 καὶ
1312 3822 1626 3903 ἀπρήκτους·

125 3911 154 3968 δ
167 3906 204 3967 ύ
219 3929 326 3964 νον
337 3929 404 3964 το
417 3929 441 3973 ς
463 3907 510 3964 δ’
541 3906 752 3987 ἀστροιο
782 3909 1074 3982 Σεληναίης
1100 3913 1128 3968 ὅ
1145 3910 1404 3990 λοχευθεὶς

126 3997 350 4056 ἔσσεται
369 3994 620 4074 ἕμπορίης
648 3996 997 4072 ἐμπείραμος,
1019 3996 1145 4076 ἔργα
1166 3998 1222 4056 τε
1252 3997 1498 4077 πλαγκτὰ

123 4080 432 4161 ναυκλήρου
455 4082 634 4161 βιοτήν
653 4083 697 4140 θ’
725 4083 1027 4164 αἱρήσεται,
1053 4087 1104 4142 ἐν
1135 4084 1357 4165 ξενίῃσιν

37 4187 90 4228 ω
121 4170 188 4229 τὸ
207 4170 458 4228 πλεῖστον
483 4171 616 4240 ζωῆς
630 4192 686 4228 τε
706 4169 980 4228 διευθύνων
1011 4171 1260 4250 βιοτεύσει
1282 4209 1361 4219 —-

123 4254 509 4326 πουλυπλανὴς
528 4256 631 4337 γὰρ
655 4255 766 4325 ἕλιξ
784 4255 968 4328 Μήνης
993 4259 1345 4338 κερατώπιδος
1368 4261 1470 4320 αἰεὶ

121 4341 260 4412 λοξὰ
287 4342 676 4401 ταλαντεύουσα
695 4379 773 4388 -
793 4341 935 4421 μένει
962 4345 1006 4402 δ’
1031 4344 1368 4422 ἀντλούμενος
1396 4348 1552 4430 ὄλὸῳ.

215 4430 488 4492 ,Πελίου
517 4433 563 4490 δ’
595 4432 896 4510 ἀκάμαντος
930 4433 1059 4504 ἐπὴν
1091 4435 1492 4517 πυριμάρμαρος
1518 4437 1701 4520 ἀστήρ.

110 4522 192 4586 εἰς
215 4516 382 4595 μέσο
400 4540 429 4575 ν
458 4517 779 4598 οὐρανίης
805 4525 1044 4600 προφανῇ
1069 4523 1429 4601 πυριλαμπέος
1457 4524 1642 4605 αἴθρη
1659 4551 1707 4599 ς,

49 4625 100 4664 ω
123 4607 166 4679 ἢ
199 4604 396 4686 γονίμῃ
424 4603 470 4664 ὦ
487 4628 560 4686 ρῃ
594 4605 964 4666 πανεπίσκοπα
985 4607 1180 4690 φέγγεα
1213 4609 1408 4690 βάλλῃ,

126 4693 380 4762 Τοξότεω
410 4692 549 4752 κατὰ
575 4697 746 4773 χῶρον
769 4697 834 4753 ἰδ’
858 4696 1146 4776 εὖστέρνοιο
1169 4697 1390 4766 Λέοντος
1408 4744 1425 4771 ,

129 4785 311 4862 Κριοῦ
341 4782 388 4839 τ’
412 4781 677 4861 εὗκεράοιο
692 4830 708 4855 ,
732 4783 822 4840 καὶ
847 4785 900 4842 ἐν
923 4783 1200 4861 Διδύμοισι
1234 4787 1474 4866 φαανθείς
1491 4833 1506 4863 ,

128 4867 428 4938 ζωιδίοις
457 4868 767 4943 ἰδίοισιν,
801 4872 851 4938 ἐς
873 4873 1216 4949 ἡγεμονηίδας
1245 4873 1409 4952 ἀρχὰς

129 4957 344 5026 ἵξεσθαι
389 4955 480 5014 καὶ
508 4961 754 5036 σκῆπτρα
792 4961 991 5037 βροτοῖς
1027 4958 1276 5037 βασιλήια
1297 4961 1504 5040 φράζει,

33 5057 104 5100 1⁰⁰
131 5042 369 5104 πλοῦτόν
396 5046 442 5100 τ’
463 5043 723 5115 ὁλὸήεντα
754 5045 943 5120 δόμους
973 5050 1021 5104 τ’
1043 5048 1349 5122 εὖδαίμονας
1379 5045 1529 5126 ἔρδει·

137 5131 332 5197 ἐκτὸς
355 5132 402 5188 δ’
427 5133 686 5190 οἰκείων
716 5157 824 5210 μοι
843 5136 960 5214 ρῶν
1001 5134 1302 5214 γενέθλῃσιν
1328 5135 1553 5215 ἐφεστὼς

137 5215 467 5294 τικτομένοις
492 5223 675 5291 κτῆσιν
695 5218 790 5296 μὲν
815 5219 948 5298 ἄγαν
967 5221 1342 5302 πολυχρήμονα
1376 5223 1548 5302 τεύχει
1635 5227 1642 5232 ’

1775 578 1860 623 aut
1881 586 1967 637 per
1984 573 2240 623 dissectum
2260 573 2429 634 guttur
2446 570 2597 621 vitam
2618 568 2847 633 sanguine
2866 569 3053 632 linquet

1774 662 2099 711 vertebrosam
2112 662 2348 709 cervicem
2360 660 2412 709 in
2428 672 2633 708 nervum
2646 662 2865 709 extremu
2873 660 3013 707 m-ict
3018 671 3091 721 us,

1774 751 1860 800 aut
1873 764 1958 812 per
1975 750 2235 799 veneticam
2256 747 2477 797 fraudem
2492 746 2768 797 morbidum
2789 746 2933 795 linem
2958 746 3167 795 babebit.

1840 837 2080 887 Clariluca
2103 837 2246 886 stella
2268 838 2433 885 autem
2459 848 2612 898 quum
2628 834 2855 884 occiduis
2872 836 3099 896 appareat

1778 926 2013 988 in-signis‚
2034 938 2181 988 quam
2198 938 2369 975 omnes
2386 923 2847 987 cognominaverunt
2878 925 3085 973 Veneris

1776 1014 2028 1063 luciferam
2045 1049 2062 1075 ‚
2086 1014 2137 1061 in
2158 1013 2253 1062 hoc
2274 1015 2438 1061 autem
2457 1014 2621 1061 ortum
2646 1010 2895 1061 bominum
2914 1010 3091 1072 aliquis
3108 1008 3299 1071 tulerit,

1778 1102 1868 1151 erit
1887 1102 2152 1151 alienorum
2171 1102 2391 1151 tororum
2407 1098 2801 1150 sceleratissimus
2818 1102 3097 1160 corruptor,

1778 1190 2077 1247 tenebrosus,
2108 1188 2439 1239 fraudulentus
2451 1226 2466 1250 ,
2484 1189 2809 1249 ioco-carens,
2828 1188 3160 1249 turpiloquus»,

1791 1276 2345 1339 omnium-vituperator,
2364 1276 2603 1337 indoctus,
2622 1288 2809 1339 semper
2822 1274 3082 1324 innutritus
3095 1258 3345 1337 turpibus3

1781 1367 1856 1416 sin
1869 1370 2034 1414 Venus
2048 1366 2300 1416 hominum
2323 1364 2882 1427 horam-speculantem
2902 1363 3063 1413 lucem
3077 1362 3267 1424 viderit,

1781 1454 1982 1503 blandos
2004 1454 2117 1503 facit
2136 1455 2186 1503 et
2202 1452 2560 1502 Musis-amicos
2576 1454 2627 1502 et
2642 1450 3079 1500 molestiis-liberos
3094 1486 3109 1511 ,

1782 1544 1832 1593 et
1844 1555 1907 1592 ex
1932 1540 2247 1591 muliebribus
2263 1540 2426 1602 gratiis
2446 1540 2751 1602 splendentes
2770 1540 2821 1587 in
2837 1538 3019 1588 divitiis
3040 1556 3053 1587 z

1783 1630 1857 1679 his
1882 1630 2167 1679 feminarum
2186 1628 2451 1678 creduntur
2467 1627 2648 1677 foedera
2665 1639 2868 1687 arcana,

1783 1717 1833 1766 hi
1853 1716 2243 1779 praesides-erunt
2262 1716 2312 1765 in
2328 1716 2471 1777 orgiis
2488 1714 2620 1765 sestis
2636 1752 2652 1777 ,

1785 1805 1869 1854 ubi
1887 1804 2094 1867 viriiugii
2114 1805 2342 1867 mysteria
2364 1805 2657 1867 peraguntur
2678 1801 2913 1861 nefanda3

1784 1894 1856 1943 sin
1878 1893 2101 1943 amabilis
2114 1895 2131 1955 (
2146 1896 2310 1942 Venus
2322 1894 2341 1955 )
2352 1892 2518 1942 medio
2526 1892 2578 1940 in
2590 1892 2713 1941 caelo
2726 1890 3001 1941 bominibus
3016 1888 3352 1950 conspiciatur,

1785 1983 1968 2032 indicat
1983 1981 2073 2031 tibi
2100 1982 2250 2031 vitam
2273 1980 2705 2043 opulentissimam,
2731 1980 2781 2028 et
2797 1976 3167 2028 mille-militum

1785 2070 1986 2133 imperia
2000 2106 2015 2130 ‚
2041 2072 2090 2119 et
2102 2070 2263 2131 gloria
2282 2068 2487 2131 ingentis
2508 2070 2786 2117 ornatorem
2805 2068 2985 2116 fastum
2999 2102 3015 2128 ,

1789 2172 1844 2209 ex
1867 2159 1953 2208 tali
1972 2159 2153 2207 honore
2168 2160 2331 2206 autem
2486 2158 2513 2183 '¹
2698 2156 2725 2181 '¹
2910 2153 2938 2180 *
3014 2210 3025 2218 ,

1849 2245 2049 2308 Fulglda
2065 2248 2226 2294 autem
2244 2246 2495 2295 Mercurii
2513 2256 2746 2305 apparens
2762 2242 2825 2293 ad
2844 2230 3083 2293 occasum
3103 2242 3242 2292 stella

1789 2421 2089 2471 nascentium
2109 2420 2359 2469 hominum
2383 2419 2717 2481 horoscopum
2737 2418 2827 2467 aut
2856 2418 2905 2467 in
2922 2414 3092 2467 medio

1787 2510 1929 2571 σεῖο,
1945 2512 2065 2559 etex
2079 2508 2383 2559 sermonibus
2394 2509 2533 2571 parat
2546 2518 2823 2557 successum
2833 2506 3044 2569 aliquem
3053 2504 3309 2555 mortalibu
3314 2517 3357 2567 s,

1791 2600 1841 2648 et
1857 2599 2415 2659 calamorum-scriptura
2428 2632 2443 2659 ,
2487 2601 2535 2646 et
2559 2608 2879 2659 quaecumque
2898 2594 2967 2643 ‘ad
2990 2598 3174 2644 Musam
3194 2593 3357 2642 elabo-

1790 2688 1904 2736 huic
1920 2689 2081 2737 autem
2102 2686 2185 2735 ubi
2200 2688 2389 2737 Martis
2406 2686 2471 2734 sit
2483 2687 2831 2747 pari-remoue
2847 2684 3035 2743 semita,
3069 2682 3355 2746 [ratu-sunt;

1791 2779 1878 2826 aut
1929 2773 2465 2825 &contrario-habens
2513 2771 2779 2822 luminibus
2820 2772 2987 2821 lumen
3039 2769 3353 2819 adversa-via·

1792 2865 2005 2915 falsarios
2017 2900 2032 2925 ,
2054 2875 2286 2912 manuum
2304 2862 2568 2911 imitatores
2583 2860 2849 2911 alienarum
3152 2857 3356 2923 [meanS‚

1793 2954 2049 3018 pernoxios
2068 2953 2181 3002 iacit
2202 2955 2253 3001 et
2274 2952 2401 3001 seros
2426 2949 2674 3012 adspectu.

1854 3041 2111 3091 Bicornuta
2136 3044 2285 3090 Luna
2305 3037 2499 3101 quando
2518 3036 2985 3089 vitam-terminante
3002 3035 3135 3088 hora

1791 3129 1975 3178 lumine
1993 3128 2148 3177 lunari
2166 3128 2378 3189 potiatur
2391 3125 2711 3176 curvum-iter
2726 3125 2993 3188 transigens
3008 3161 3025 3188 ,

1792 3217 1836 3266 ei
1850 3219 2013 3265 autem
2034 3220 2177 3265 Mars
2194 3217 2557 3277 pari-reqione
2574 3225 2661 3278 per
2676 3213 2909 3264 atberun
2936 3212 3263 3264 sublimis-ent
3278 3248 3295 3274 ,

1694 3353 1698 3356 ,
1791 3307 1911 3354 tunc
1928 3317 2041 3353 sane
2056 3303 2480 3365 divinitus-captus
2500 3299 2827 3376 qui-nascitur
2842 3299 2897 3350 in
2912 3301 3003 3350 hcc
3019 3302 3175 3353 sonna

1793 3389 1980 3450 evadit,
2000 3391 2325 3452 attonitusque
2342 3427 2356 3449 ,
2378 3391 2429 3439 et
2453 3389 2649 3438 lunatis
2666 3389 2853 3452 mente,

1793 3481 1842 3528 et
1861 3479 2021 3528 furore
2038 3479 2209 3540 plenus
2219 3493 2236 3538 3
2256 3479 2329 3527 siu
2353 3489 2469 3526 vero
2484 3477 2582 3527 sub
2602 3480 2746 3526 terra
2764 3475 2963 3537 teratur,

1793 3566 2054 3616 calamitati
2072 3566 2243 3616 obvius
2257 3569 2404 3628 atque
2420 3567 2563 3616 noxis
2582 3565 2817 3626 obrutus3

1794 3654 1866 3702 sin
1889 3657 1997 3715 post
2013 3657 2175 3703 ortum
2194 3653 2423 3704 medium
2445 3653 2631 3704 σεεὶιιπι
2651 3653 3019 3714 cimumcurrat,

1795 3741 2067 3806 proedivitae
2088 3741 2244 3792 reddit
2261 3744 2312 3791 et
2332 3742 2607 3792 luxuriosos
2622 3743 2674 3791 et
2689 3741 2961 3792 fortunatos
2972 3775 2989 3802 ,

1794 3827 1878 3876 sed
1901 3828 2461 3879 muliebriter-anmatos
2474 3828 2692 3879 moribus
2706 3829 2759 3878 et
2772 3825 3007 3878 flexibiles
3031 3827 3083 3878 et
3096 3825 3337 3898 τίμησις

1795 3913 2053 3964 occidente
2097 3919 2260 3965 autem
2278 3916 2416 3965 stella
2436 3919 2585 3976 Luna
2602 3916 2746 3965 natus

1795 4002 1889 4052 erit
1909 4005 2193 4052 mercatum
2210 4002 2391 4066 peritus
2401 4038 2417 4063 ,
2434 4015 2675 4065 operaque
2687 4014 2809 4064 vaga

1797 4092 2009 4142 naucleri
2035 4091 2282 4153 vitamque
2303 4091 2445 4151 eliget
2456 4125 2471 4150 ,
2490 4093 2539 4140 et
2561 4090 2613 4140 in
2630 4089 2889 4152 peregrinis
2904 4087 3117 4160 (terris)

1799 4173 2269 4240 munimem-partein
2288 4177 2401 4226 vitae
2424 4190 2591 4240 regens
2602 4177 2742 4240 deget
2760 4207 2825 4219 -

1801 4269 2065 4330 multivaga
2081 4269 2209 4316 enim
2236 4265 2483 4316 circinatio
2500 4269 2652 4316 Lumo
2678 4268 2897 4316 cornutas
2919 4269 3107 4328 semper

1797 4357 1989 4419 oblique
2006 4355 2253 4417 suspendit
2273 4379 2335 4391 -
2360 4355 2523 4404 manet
2545 4357 2711 4404 autem
2729 4355 3007 4415 supermsus
3028 4353 3223 4404 divitiis.

1858 4446 1987 4494 solis
2010 4445 2173 4493 autem
2190 4442 2410 4492 indefessi
2427 4442 2621 4505 quando
2642 4442 2937 4504 ignivomum
2958 4441 3090 4491 sidus

1801 4533 1849 4583 in
1866 4533 2095 4584 medium
2117 4533 2327 4582 calestia
2350 4530 2681 4593 progrediatur
2696 4529 2916 4592 ignilucae
2932 4529 3129 4585 oelhrae,

1797 4623 1884 4670 aut
1902 4621 2127 4684 genetrici
2143 4621 2283 4670 hora
2300 4619 2865 4681 omnium—speculatores
2887 4618 3045 4668 radios
3064 4618 3309 4679 immittat,

1798 4708 2039 4771 Sagittarii
2062 4709 2114 4757 in
2132 4708 2322 4770 regione
2339 4711 2487 4769 atque
2510 4707 2745 4769 pectorosi
2766 4705 2938 4756 Leonis
2953 4741 2969 4766 ,

1799 4795 2067 4856 Arietisque
2091 4793 2280 4844 cornuti
2293 4831 2309 4856 ,
2328 4796 2478 4856 atque
2502 4794 2552 4842 in
2572 4793 2787 4842 Geminis
2804 4783 3041 4855 apparens
3054 4830 3069 4855 ,

1796 4886 1961 4945 siquis
1982 4885 2229 4945 propriis,
2249 4882 2299 4931 in
2317 4880 2611 4943 principatus

1798 4969 2045 5034 pervenire
2073 4973 2121 5018 et
2151 4973 2338 5031 sceptra
2356 4968 2483 5030 regia
2505 4967 2790 5018 mortalibus
2806 4967 3019 5030 indicat,

1799 5057 2083 5120 divitiasque
2108 5057 2267 5107 felices
2291 5057 2557 5120 domosque
2580 5057 2845 5106 fortunatas
2864 5055 3046 5118 reddit3

1799 5145 1880 5194 sed
1900 5149 2056 5194 extra
2074 5143 2575 5224 domesticas-partes
2595 5143 2831 5194 nativitati
2855 5145 3047 5196 adstans
3272 5143 3357 5208 [cit

1800 5233 2104 5283 nascentibus
2121 5233 2462 5296 possessionem
2480 5232 2676 5296 quidem
2689 5233 2883 5284 abunde
2900 5234 3269 5298 copiosissimam
3286 5234 3356 5282 fa-
