3767 5825
420 349 499 400 66

1136 331 1288 390 ΤΟΥ
1323 332 1516 390 ΦΙΛΗ
1560 331 1682 388 ΕΙΣ
1714 329 1863 388 TON
1905 327 2459 386 ΜΕΤΑΞΟΠΟΙΟΝ
2505 323 2896 382 ΣΚΩΛΗΚΑ.

466 511 521 550 ω
547 487 640 548 καὶ
665 486 759 559 τὴν
780 484 1024 558 τελευτὴν
1052 493 1163 550 ταῖς
1194 485 1378 563 φυλαῖς
1402 483 1667 563 ἐπιτρέπει
1684 505 1696 519 ·

545 576 741 635 τούτων
766 575 821 634 δὲ
855 573 948 645 σὴς
978 571 1193 639 ἕκαστος
1218 571 1364 639 εὐθὺς
1384 571 1621 632 ἐκπτύων

544 663 640 736 τὴν
668 659 982 742 καταγωγὴν
1010 660 1223 738 ὀργανοῖ
1247 657 1343 730 τὴν
1364 659 1611 738 ἐσχάτην.

547 750 621 813 ‘H
650 752 881 816 σύνθεσις
907 748 1009 830 γὰρ
1039 751 1141 807 τῶν
1173 747 1547 826 πολυστρόφων
1572 746 1737 822 μίτων

548 840 743 920 σφαῖρα
768 836 1045 917 προμήκης
1064 838 1141 916 τῷ
1172 833 1419 893 πλέκοντι
1442 835 1693 912 γίγνεται.

548 928 735 1007 Χαίρει
759 927 814 985 δὲ
836 935 943 991 τοῖς
966 924 1240 1005 τέρπουσιν
1264 927 1293 981 ὁ
1316 921 1527 992 σκώληξ
1560 922 1739 1000 μύροις
1756 967 1771 994 ,

546 1017 637 1075 καὶ
659 1015 775 1082 τοὺς
806 1019 981 1093 βαρεῖς
1004 1013 1197 1072 ἄνωθεν
1226 1014 1285 1070 οὗ
1318 1011 1491 1085 στέγει
1514 1009 1733 1090 ψόφους·

546 1107 686 1185 αἱρεῖ
706 1102 809 1181 γὰρ
837 1102 991 1161 αὐτὸν
1019 1101 1109 1159 καὶ
1131 1099 1261 1182 ψιλὴ
1287 1101 1541 1176 δυσοδμία
1562 1145 1577 1170 ,

545 1191 635 1250 καὶ
665 1197 764 1268 μῦς
792 1189 965 1250 λαθὼν
994 1188 1086 1247 καὶ
1107 1194 1315 1266 πνεῦμα
1348 1187 1440 1246 καὶ
1467 1191 1683 1267 βροντῆς
1707 1184 1920 1253 κτύπος.

548 1279 784 1348 Θνήσκει
810 1277 865 1336 δὲ
892 1283 986 1336 τοῦ
1010 1275 1258 1343 κλάοντας
1284 1277 1379 1334 οὐκ
1407 1275 1549 1341 ὄντος
1578 1275 1777 1350 γένους,

464 1389 519 1426 ω
545 1365 798 1432 κλεισθεὶς
827 1368 879 1422 ἐν
907 1367 1041 1444 αὐτῇ
1066 1369 1159 1434 τῆς
1180 1366 1385 1435 πλοκῆς
1408 1368 1475 1442 τῇ
1500 1363 1756 1421 συνθέσει.

544 1453 701 1515 Μετὰ
729 1451 916 1534 χρόνον
945 1452 1000 1510 δέ
1024 1475 1140 1510 τινα
1177 1450 1388 1528 (παπαὶ
1416 1456 1506 1508 τοῦ
1532 1451 1704 1526 ξένου)

548 1545 676 1622 ζῷον
702 1539 965 1619 πτερωτὸν
992 1543 1052 1610 ἐκ
1078 1545 1244 1620 ταφῆς
1270 1537 1563 1616 ἀνηγμένοις

545 1631 642 1702 τὴν
670 1634 761 1687 τοῦ
782 1627 961 1706 γένους
983 1627 1185 1707 ἔγερσιν
1214 1630 1341 1704 ἡμῖν
1370 1623 1620 1684 δεικνύει·

546 1715 637 1773 καὶ
659 1714 762 1796 γὰρ
784 1719 813 1774 δ
839 1715 1017 1797 νεκρὸς
1040 1714 1131 1773 καὶ
1151 1713 1585 1794 τεταριχευμένος

468 1824 520 1862 ⁶5
550 1805 621 1870 εἰς
645 1803 881 1885 δεύτερον
906 1807 1011 1885 φῶς
1040 1804 1313 1885 εὐπρεπῶς
1343 1799 1640 1880 ἀνατρέχει.

550 1891 757 1952 Τούτου
784 1915 844 1966 γε
869 1891 997 1968 μὴν,
1018 1889 1286 1974 Ἥρακλες
1303 1936 1320 1968 ,
1347 1889 1545 1970 Ἑρμῆ,
1568 1889 1655 1948 τὸν
1682 1891 1845 1971 τάφον

546 1980 735 2060 χαυνοῖ
757 1979 827 2038 τὰ
850 1978 1018 2059 θερμὰ
1038 1985 1131 2037 τοῦ
1160 1976 1381 2050 λέόητος
1405 1976 1570 2036 ὕδατα
1586 2024 1601 2054 ,

549 2067 641 2126 καὶ
665 2071 865 2148 σφαῖρα
892 2067 982 2126 καὶ
1010 2067 1129 2148 χεὶρ
1154 2065 1246 2126 καὶ
1270 2064 1444 2146 βραχὺ
1467 2070 1657 2142 τμῆμα
1686 2065 1883 2124 κλάδου
1903 2111 1919 2143 ,

549 2159 768 2222 πυκναῖς
798 2158 1035 2214 ἀκανθῶν
1066 2153 1272 2234 ἐξοχαῖς
1298 2153 1651 2232 πεφυρμένον,

469 2265 523 2304 70
546 2241 665 2310 τοὺς
687 2241 1008 2308 δυσπλόκους
1032 2241 1241 2300 λύουσιν
1275 2241 1529 2320 εὐτέχνως
1560 2241 1739 2318 μίτους
1754 2259 1768 2274 ·

554 2331 645 2388 καὶ
667 2333 870 2410 γίγεται
894 2331 953 2389 τὸ
981 2330 1195 2409 πλέγμα
1218 2335 1309 2388 τοῦ
1333 2329 1619 2401 θνησειδίου

551 2418 714 2499 χιτὼν
744 2423 973 2499 α’τεχνῶς
995 2417 1088 2476 καὶ
1118 2420 1393 2496 βασιλεῦσι
1414 2418 1653 2498 πρέπων.

555 2507 724 2570 Οὐδὲν
746 2507 849 2589 γὰρ
873 2509 987 2578 εἰκῆ
1014 2505 1375 2587 συμπαρήχθη
1406 2511 1470 2584 τῆ
1499 2507 1693 2579 κτίσει,

558 2595 619 2656 ἂν
643 2595 735 2655 καὶ
756 2594 824 2654 τὰ
848 2593 1153 2671 φαυλότατα
1179 2595 1454 2676 σωφρόνως
1484 2591 1701 2674 βλέπῃς.

474 2706 528 2746 75
560 2681 787 2754 Σκώληξ
810 2682 907 2754 μὲν
934 2675 1024 2742 οὗν
1051 2679 1242 2748 ὄνειδος
1267 2681 1551 2760 ἀνθρώπων
1582 2681 1727 2760 γίνου
1746 2727 1764 2759 ,

555 2775 630 2852 τῷ
654 2771 852 2852 μετρίῳ
882 2768 1119 2850 σχήματι
1148 2768 1339 2829 σαυτὸν
1366 2767 1649 2846 σεμνύνων·

557 2863 674 2919 ἑλοῦ
699 2859 754 2919 δὲ
776 2857 867 2918 τὸν
894 2857 1095 2941 τραχύν
1133 2881 1192 2917 τε
1214 2857 1307 2917 καὶ
1333 2859 1558 2939 σκληρὸν
1586 2859 1719 2939 βίον,

554 2948 660 3015 τοῖς
682 2952 776 3005 τοῦ
799 2947 954 3026 λόγου
980 2946 1228 3028 βρώμασι
1250 2945 1311 3005 τὸ
1332 2952 1541 3024 πνεῦμα
1570 2948 1790 3027 τρέφων.

557 3034 683 3095 Ἐπὶ
708 3034 764 3093 δὲ
795 3042 901 3100 τοῖς
922 3039 1133 3093 τεκοῦσι
1156 3033 1233 3109 μὴ
1258 3033 1432 3115 φρόνει
1462 3034 1626 3112 μέγα·

477 3146 532 3185 no
558 3121 769 3195 σκώληξ
792 3122 895 3203 γὰρ
918 3122 1211 3201 αὐτόματος
1232 3125 1291 3181 οὗ
1315 3128 1614 3183 κυΐσκεται·

558 3209 682 3270 ὅταν
709 3210 767 3269 δὲ
793 3212 968 3278 καλῶς
991 3212 1021 3270 ὃ
1054 3215 1291 3293 γανωθῇς
1312 3215 1389 3291 τῷ
1412 3211 1586 3291 χρόνῳ
1600 3258 1615 3285 ,

464 3353 477 3365 ,
562 3304 655 3371 τῆς
677 3302 865 3379 ἀρετῆς
888 3298 973 3357 τὸν
998 3321 1026 3357 ο
1082 3321 1138 3358 ον
1160 3297 1425 3380 εὖτρέπιζέ
1455 3324 1569 3376 μοι,

557 3387 649 3446 καὶ
671 3390 862 3458 Θνῆσκε
894 3389 1092 3467 νεκρῶν
1119 3390 1225 3445 τῶν
1256 3389 1430 3463 μελῶν
1460 3411 1553 3447 σου
1581 3389 1669 3446 τὸν
1696 3386 1859 3462 τόνον,

559 3478 629 3541 ὣς
652 3471 716 3532 ἂν
750 3472 918 3553 λάὸῃς
944 3472 1205 3556 πτέρωσιν
1231 3476 1633 3555 οὗρανοδρόμον,

480 3582 534 3622 aa
562 3564 588 3619 δ
612 3560 667 3618 δὲ
688 3559 874 3642 χρόνος
894 3560 957 3619 τὸ
978 3566 1123 3638 νῆμα
1147 3564 1241 3632 τῆς
1264 3560 1475 3639 μνήμης
1503 3562 1671 3643 φέρων

560 3649 621 3708 τὸ
641 3653 748 3709 τῶν
770 3649 970 3729 κρότων
995 3648 1216 3731 ὕφασμα
1244 3651 1503 3730 λαμπρῶς
1526 3676 1607 3711 σοι
1632 3650 1827 3732 πλέκῃ.

565 3736 729 3813 Ἐμοὶ
755 3735 809 3795 δὲ
838 3736 950 3796 νυνὶ
972 3736 1062 3795 τὸν
1091 3734 1252 3795 καλὸν
1276 3736 1476 3795 πέπλον
1505 3738 1644 3797 δίδου
1665 3784 1683 3815 ,

562 3824 743 3884 λαὸὼν
776 3827 869 3883 ἀπ’
895 3826 1065 3884 αὐτῶν
1090 3824 1325 3893 εὖλαὸῶς
1350 3828 1451 3883 τῶν
1477 3827 1759 3907 διπτύχων,

562 3912 654 3971 καὶ
684 3912 893 3995 ῥᾳδίως
918 3913 1135 3995 πέραινε
1155 3912 1247 3981 τὰς
1269 3912 1596 3993 ὑποσχέσεις.

484 4023 538 4062 90
568 4004 649 4061 Οὔ
669 3999 772 4081 γὰρ
794 4002 991 4060 ἐπαινῶ
1012 4000 1109 4069 τὰς
1132 3998 1348 4081 ῥεούσας
1372 4002 1586 4071 ἐλπίδας
1600 4050 1615 4077 ,

567 4088 629 4157 ἃς
646 4088 903 4157 πολλάκις
924 4088 1164 4169 ἥρπασεν
1192 4093 1262 4157 ὡς
1282 4089 1436 4172 κλὼψ
1459 4096 1487 4150 ὁ
1514 4093 1714 4171 χρόνος.

563 4174 749 4236 Ἔστω
768 4174 824 4234 δὲ
850 4176 1120 4253 μαλθακός
1148 4201 1254 4251 τις,
1276 4167 1321 4236 ὦ
1348 4177 1463 4251 ξένη
1490 4178 1641 4261 φύσις
1658 4226 1674 4255 ,

569 4266 659 4344 ἀφ’
684 4263 861 4332 ἕστίας
887 4262 921 4323 ὅ
939 4287 1097 4345 φασιν
1124 4264 1515 4345 ἐξειργασμένος
1531 4292 1544 4305 ·

570 4356 619 4411 οἱ
646 4351 749 4434 γὰρ
770 4354 1198 4434 παραπλέκοντες
1221 4356 1446 4422 ὀθνείους
1472 4357 1653 4433 μίτους

481 4462 535 4501 ⁹⁶
562 4442 632 4506 εἷς
652 4438 747 4507 τὰς
772 4440 979 4520 ἀγωγὰς
1000 4446 1093 4513 τῆς
1120 4442 1417 4522 ὖφιστώοης
1447 4446 1637 4524 κρόκης
1740 4514 1750 4523 ,

569 4528 769 4599 ὠνητὸν
790 4528 1103 4600 ἠσπάσαντο
1126 4529 1216 4588 καὶ
1250 4533 1449 4611 φαῦλον
1472 4531 1603 4609 βίον,

572 4619 791 4696 ὁρῶντες
814 4616 885 4683 εἰς
906 4616 967 4675 τὸ
990 4616 1161 4697 κέρμα
1183 4622 1289 4676 τῶν
1307 4620 1687 4696 πλανωμένων.

574 4703 652 4764 Σὺ
676 4703 732 4762 δὲ
758 4702 1013 4783 στιὸαρὰν
1038 4706 1271 4785 εὐτυχῶν
1296 4705 1395 4777 τὴν,
1415 4708 1633 4787 καρδίαν

576 4790 667 4849 καὶ
698 4792 888 4858 παντὸς
912 4788 984 4849 ὧν
1011 4792 1289 4870 ἄγευστος,
1320 4798 1364 4853 εἷ
1388 4796 1481 4853 καί
1508 4820 1584 4861 τις
1600 4842 1615 4869 ,
1640 4798 1789 4856 δόλου
1806 4842 1822 4871 ,

442 4898 445 4903 ·
476 4900 553 4939 100
577 4877 760 4946 δώσεις
783 4880 1017 4962 καθαρὰν
1044 4880 1215 4964 Ιἥνπερ
1243 4882 1471 4957 ὑπέστης
1492 4884 1669 4964 χάριν.

581 4966 785 5048 Σπόρος
810 4968 889 5035 τίς
916 4970 1058 5029 ἐστιν
1082 4968 1135 5038 ἐξ
1159 4972 1292 5029 ἰπῶν
1318 4972 1623 5053 ὑποπτέρων
1639 5017 1656 5049 ,

582 5056 815 5139 βραχὺς,
839 5058 1042 5127 ἁπαλὸς
1050 5103 1069 5133 ,
1092 5058 1369 5141 ἐμὸριθὴς,
1395 5061 1672 5141 γλισχρὸς,
1701 5062 1890 5137 μέλας,

576 5146 631 5213 ὃς
653 5144 718 5218 δὴ
740 5148 913 5227 ψυχῆς
935 5146 1155 5226 δύναμιν
1180 5152 1441 5209 ὕπνοῦσαν
1464 5149 1629 5232 φέρει.

2061 493 2120 528 ac
2139 482 2344 528 mortem
2361 478 2640 528 cohortibus
2657 476 2920 539 permittit:

2063 581 2270 630 quarum
2287 581 2475 616 vermes
2495 566 2668 628 singuli
2688 565 2848 614 statim
2857 563 2964 626 fila
2985 563 3232 612 vomentes

2065 657 2363 706 mansionem
2391 655 2577 717 fingunt
2600 654 2845 703 ultimam.

2065 747 2186 793 Nam
2205 745 2486 805 compositio
2507 743 2696 792 filorum
2721 741 2932 790 multum
2955 741 3192 789 tortorum

2065 832 2234 894 globus
2257 833 2311 882 tit
2331 833 2566 894 oblongus
2591 832 2796 881 texenti.

2065 919 2257 970 Gaudet
2273 923 2435 969 autem
2455 919 2820 969 delectabilibus
2839 918 3017 966 vermis
3037 917 3260 978 ungentis
3273 952 3286 973 ‚

2066 1011 2114 1058 et
2131 1021 2301 1070 graves
2317 1023 2378 1058 ex
2395 1008 2588 1058 sublimi
2608 1008 2834 1070 strepitus
2851 1020 2949 1055 uon
2971 1005 3176 1054 sustinet
3203 1019 3218 1052 :

2067 1111 2176 1146 nam
2197 1097 2356 1159 perdit
2370 1111 2483 1146 eum
2501 1097 2578 1146 vel
2595 1097 2754 1146 tenuis
2777 1097 2937 1157 foetor,

2067 1188 2117 1235 et
2139 1201 2246 1234 mus
2263 1187 2413 1236 latens
2426 1222 2440 1245 ,
2461 1188 2510 1235 et
2529 1189 2702 1236 ventus
2719 1222 2733 1245 ,
2759 1188 2809 1235 et
2832 1185 3034 1236 tonitrui
3053 1187 3230 1248 fragor.

2069 1277 2270 1326 Moritur
2295 1278 2458 1324 autem
2481 1275 2586 1324 sine
2603 1275 2814 1325 lacrimis
2833 1275 3066 1338 prosapiae
3086 1311 3102 1336 ‚

2069 1363 2280 1412 inclusus
2304 1364 2355 1412 iu
2373 1363 2474 1425 ipsa
2501 1363 2622 1412 texti
2646 1363 3011 1425 compositione.

2071 1453 2185 1499 Post
2201 1455 2393 1513 tempus
2415 1465 2532 1499 vero
2549 1450 2746 1513 aliquod
2767 1453 2784 1510 (
2803 1451 2924 1512 proli
2943 1451 3160 1498 mirabile
3181 1453 3456 1500 monstrum
3487 1457 3496 1497 ἰ
3527 1457 3537 1506 2

2069 1542 2129 1587 nt
2151 1539 2330 1588 alatum
2354 1539 2532 1586 animal
2553 1553 2613 1588 ex
2631 1539 3140 1612 sepulcro-productus

2069 1625 2268 1674 humani
2288 1627 2474 1687 generis
2493 1627 2914 1677 ressurrectionem
2941 1625 3080 1675 uobis
3095 1626 3305 1676 ostendit
3321 1645 3336 1676 ε

2069 1715 2247 1764 etenim
2267 1717 2486 1763 mortuus
2503 1718 2552 1788 et
2573 1715 2834 1777 pollinctus

2073 1803 2120 1852 in
2139 1802 2340 1852 alteram
2365 1803 2522 1852 lucem
2543 1803 2717 1853 decore
2739 1805 2970 1867 exsurgit.

2073 1897 2132 1944 At
2149 1895 2296 1956 hujus
2313 1896 2506 1958 quidem
2529 1897 2689 1946 hercle
2703 1933 2718 1957 ,
2737 1911 2770 1946 o
2790 1897 2997 1946 Mercuri
3011 1931 3026 1956 ,
3049 1895 3324 1959 sepulcrum

2073 1985 2241 2032 laxant
2261 1983 2428 2033 calidae
2451 1985 2592 2033 aheni
2613 1997 2754 2046 aquae
2771 2020 2786 2044 ‚

2071 2073 2122 2120 et
2143 2071 2310 2133 globus
2328 2075 2378 2120 et
2401 2085 2572 2120 manus
2589 2076 2638 2121 et
2659 2085 2864 2134 parvum
2881 2075 3181 2136 segmentum
3202 2073 3322 2122 rami

2072 2158 2232 2231 densis
2247 2159 2489 2222 spinarum
2513 2161 2691 2209 aculeis
2707 2162 3031 2224 interceptum

2076 2246 2213 2296 valde
2235 2249 2520 2310 complicata
2542 2248 2811 2311 expediunt
2838 2248 3009 2299 dextre
3029 2249 3140 2299 fila:

2073 2337 2220 2398 atque
2245 2335 2301 2384 fit
2322 2339 2606 2386 contextum
2635 2339 2874 2388 morticini

2074 2425 2222 2473 vestis
2241 2437 2439 2487 prorsus
2457 2425 2534 2474 vel
2555 2439 2689 2488 reges
2711 2440 2908 2478 ornans.
3227 2489 3238 2501 ·

2073 2511 2200 2561 Nihil
2225 2513 2352 2561 enim
2378 2515 2560 2563 temere
2585 2513 2875 2577 productum
2897 2517 2970 2565 est
2987 2516 3038 2564 in
3055 2515 3325 2576 creatione,

2075 2599 2114 2649 si
2133 2601 2209 2650 vel
2231 2600 2460 2650 vilissima
2480 2603 2701 2665 inspicias
2720 2607 2883 2654 mente
2903 2603 3149 2666 prudenti.

2075 2689 2187 2738 Jam
2208 2689 2356 2751 igitur
2381 2692 2560 2740 vermis
2577 2692 2760 2741 sericus
2780 2692 2867 2741 iias
2885 2729 2900 2754 ,
2919 2693 3231 2755 opprobrium
3248 2692 3512 2742 hominum
3529 2729 3542 2753 ,

2078 2777 2294 2827 modesto
2313 2778 2479 2828 habitu
2497 2781 2547 2830 tc
2564 2779 2894 2850 venerandum
2914 2780 3146 2841 reddens3

1965 2918 1974 2925 ,
2079 2866 2226 2927 atque
2241 2873 2354 2929 opta
2373 2867 2460 2917 tibi
2479 2881 2704 2930 asperum
2725 2870 2776 2917 et
2796 2867 2974 2918 durum
2997 2869 3180 2919 victum
3193 2904 3210 2929 ‚

2080 2955 2276 3007 rationis
2293 2958 2343 3005 et
2361 2956 2506 3005 Verbi
2525 2956 2646 3005 cibis
2663 2956 2875 3005 animam
2893 2957 3041 3006 alens,

2080 3050 2152 3097 De
2169 3044 2448 3107 parentibus
2469 3046 2632 3093 autem
2653 3046 2852 3103 minime
2868 3046 3115 3108 superbias
3135 3064 3148 3094 ε

2080 3134 2258 3184 vermis
2279 3134 2406 3183 enim
2434 3146 2518 3195 per
2541 3146 2594 3183 se
2611 3146 2710 3182 non
2731 3132 2894 3183 editur
2913 3135 3050 3195 partu
3073 3146 3090 3180 ε

2083 3224 2134 3271 at
2150 3221 2344 3285 quando
2363 3221 2562 3285 pulchre
2589 3222 2734 3271 fueris
2751 3222 3034 3271 efformatus
3053 3223 3300 3283 tempore,

2082 3313 2190 3360 tum
2213 3323 2331 3373 para
2347 3309 2466 3359 mibi
2485 3310 2683 3359 virtutis
2701 3308 3001 3359 domicilium
3015 3345 3030 3366 ‚

2086 3401 2136 3449 et
2154 3412 2342 3447 morere
2361 3398 2662 3447 mortificans
2684 3398 3017 3447 membrorum
3036 3400 3232 3447 tuorum
3253 3411 3442 3447 nervos
3455 3435 3474 3461 ‚

2084 3499 2184 3549 quo
2201 3486 2407 3549 accipias
2425 3486 2614 3535 alarum
2633 3485 2888 3549 remigium
2913 3486 3102 3535 coelitus
3119 3486 3331 3549 eveliens
3343 3522 3358 3544 ‚

2084 3576 2276 3635 tempus
2293 3576 2456 3622 autem
2476 3573 2724 3621 memoriae
2742 3572 2880 3621 iilum
2907 3586 3106 3623 servans
3143 3590 3150 3598 ·

2089 3661 2342 3723 plausuum
2365 3664 2501 3709 texta
2517 3655 2767 3723 splendide
2785 3662 2872 3709 tibi
2896 3664 3073 3709 nectat.

2089 3749 2202 3797 Mihi
2221 3761 2337 3797 vero
2357 3760 2487 3797 nunc
2503 3747 2764 3811 pulchrum
2785 3748 2980 3809 peplum
3000 3747 3128 3796 dona
3145 3784 3160 3807 ,

2088 3850 2151 3885 ex
2169 3836 2284 3898 ipsis
2301 3834 2574 3898 duplicibus
2589 3834 2821 3884 audacter
2839 3839 3086 3897 sumptum
3104 3872 3119 3896 ,

2088 3926 2138 3973 et
2159 3923 2380 3972 alacriter
2401 3922 2576 3985 pertice
2599 3924 2858 3985 promissa.

2089 4014 2196 4061 Non
2219 4011 2361 4060 laudo
2385 4010 2514 4059 enim
2537 4024 2644 4073 spes
2662 4010 2942 4060 diffluentes
2958 4048 2973 4071 ,

2089 4111 2212 4161 quas
2228 4112 2356 4161 sape
2373 4099 2534 4160 rapuit
2557 4101 2750 4161 tempus
2772 4099 2923 4149 instar
2941 4099 3076 4148 furis.

2089 4190 2206 4237 Esto
2223 4190 2385 4238 autem
2403 4187 2563 4237 mollis
2582 4186 2800 4250 quidam,
2820 4202 2851 4237 o
2871 4202 3032 4238 rarum
3051 4190 3302 4250 ingenium
3317 4226 3332 4248 ,

2089 4274 2220 4325 domi
2245 4276 2263 4337 (
2275 4274 2408 4338 quod
2433 4276 2636 4336 dicunt)
2662 4277 2940 4326 confectus:

2091 4376 2204 4413 nam
2221 4364 2306 4426 qui
2326 4364 2490 4413 furtim
2509 4364 2730 4413 inserunt
2747 4364 2908 4414 aliena
2927 4364 3010 4413 fila

2091 4451 2144 4501 in
2161 4454 2380 4501 tenorem
2397 4452 2628 4514 suppositi
2647 4452 2936 4502 subteminis
2949 4488 2964 4515 ,

2092 4545 2308 4604 emptum
2335 4542 2655 4603 praetulerunt
2677 4544 2728 4591 et
2745 4541 2930 4591 malum
2949 4541 3130 4590 victum
3145 4574 3160 4601 ‚

2095 4630 2336 4679 intuentes
2353 4632 2400 4678 in
2425 4630 2652 4679 numulos
2667 4629 3082 4679 defraudatorum.

2093 4722 2168 4767 Tu
2189 4732 2306 4767 vero
2327 4718 2522 4767 firmum
2545 4718 2793 4781 possidens
2809 4721 2979 4781 pectus

2096 4810 2162 4866 et,
2183 4808 2221 4855 si
2239 4808 2346 4868 quis
2369 4810 2458 4866 aet,
2483 4808 2640 4857 omnis
2657 4807 2754 4855 doli
2775 4821 2972 4869 expers,

2097 4894 2266 4944 reddes
2286 4908 2454 4957 puram
2477 4908 2625 4957 quam
2645 4894 2908 4957 promisisti
2925 4894 3147 4957 gratiam.

2097 4988 2183 5035 Est
2203 4982 2447 5045 quoddam
2474 4996 2638 5033 semen
2661 4982 2724 5032 ab
2749 4983 2890 5032 alatis
2915 4981 3160 5033 vermibus
3183 4984 3477 5044 profectum
3497 5020 3512 5045 ,

2099 5072 2371 5132 minutum,
2388 5074 2644 5133 tenerum,
2667 5071 2904 5135 solidum,
2931 5072 3204 5132 viscosum,
3231 5071 3470 5135 nigram,

2101 5160 2230 5223 quod
2250 5160 2349 5210 vim
2365 5160 2542 5211 animm
2557 5161 2692 5210 intus
2708 5162 2925 5211 continet
2944 5160 3170 5223 sopitam.
