3767 5825
391 434 424 477 4
1471 406 1917 468 ΘΕΟΚΡῙΤΟΥ
1962 403 2369 465 ΕΙΔΥΛΔῙΟΝ
2414 406 2479 462 B.

691 570 830 643 ΦΑ
845 560 1470 643 ΡΜΑΚΕΥΤΡΙ
1479 561 1612 639 ΑΙ.

949 756 1120 801 ΕῙΔΥΛ
1131 756 1282 801 ΔῘΟΝ
1317 754 1382 799 Β’.

389 890 479 970 ss&
505 908 594 965 μοι
612 885 699 945 ταὶ
731 883 948 964 δάφναι;
979 882 1100 962 φέρε
1126 879 1382 941 Θέστυλι·
1413 887 1490 959 πᾷ
1511 876 1566 935 δὲ
1586 875 1652 935 τὰ
1671 876 1897 957 φίλτρα;

385 976 572 1057 στέψον
595 972 690 1033 τὰν
719 972 938 1032 κελέὸαν
957 970 1191 1051 φοινικίῳ
1211 969 1314 1035 οἷος
1334 966 1516 1047 ἀώτῳ,

383 1069 452 1133 ὡς
469 1066 556 1123 τὸν
587 1062 708 1141 ἐμὸν
735 1066 1050 1141 βαρυνεῦντα
1074 1060 1218 1138 φίλον
1248 1055 1608 1130 καταθύσομαι
1633 1054 1793 1133 ἄνδρα
1809 1096 1826 1127 ,

384 1152 435 1221 ὅς
465 1176 554 1229 μοι
573 1152 964 1215 δωδεκαταῖος’
937 1171 1008 1227 αφ
1013 1138 1090 1205 ’ὃ
1111 1144 1274 1211 τάλας
1297 1142 1528 1204 οὐδέποθ’
1555 1140 1657 1199 ἵκει
1675 1188 1690 1217 ,

333 1254 356 1289 b
385 1242 491 1301 οὐδ’
518 1240 652 1318 ἔγνω
671 1236 886 1317 πότερον
909 1234 1227 1311 τεθνάκαμες
1245 1232 1281 1304 ἢ
1309 1233 1414 1301 ζοοὶ
1435 1230 1600 1308 εἰμές,

384 1324 500 1386 οὐδὲ
523 1325 679 1407 θύρας
704 1324 890 1405 ἄραξεν
923 1322 1182 1403 ἀνάρσιος.
1207 1313 1241 1393 ἦ
1272 1320 1336 1401 ῥά
1355 1323 1402 1379 οἱ
1427 1321 1564 1399 ἀλλᾷ

384 1415 542 1495 ᾤχετ’
568 1412 703 1493 ἔχων
727 1412 759 1471 ὅ
777 1412 824 1471 τ’
847 1408 1026 1491 Ἔρως
1049 1434 1128 1469 τα
1115 1409 1264 1490 χινὰς
1287 1408 1473 1490 φρένας
1501 1406 1536 1465 ὅ
1559 1407 1608 1464 τ’
1631 1402 1937 1484 Ἀφροδίτα;

311 1508 650 1589 βασεῦμαι
677 1500 797 1559 ποτὶ
821 1500 918 1557 τὰν
945 1498 1270 1577 Τιμαγητοιο
1284 1496 1616 1575 παλαίστραν

385 1590 592 1672 αὔριον,
609 1588 679 1656 ὥς
700 1612 777 1647 νιν
799 1587 895 1646 ἴδω
917 1587 1006 1645 καὶ
1029 1586 1306 1667 μέμψομαι
1333 1577 1416 1643 οἶά
1443 1606 1508 1661 με
1532 1582 1683 1640 ποιεῖ.

309 1694 356 1733 lu
386 1702 475 1737 νυν
496 1677 551 1736 δέ
577 1702 652 1735 νιν
674 1678 733 1734 ἐκ
756 1658 914 1733 θυέων
944 1674 1326 1749 καταθύσομαι.
1363 1670 1498 1729 ἀλλὰ
1525 1668 1732 1729 Σελάνα
1754 1714 1770 1743 ,

385 1767 533 1843 φαῖνε
560 1759 740 1824 καλόν·
759 1763 837 1821 τὶν
857 1762 958 1843 γὰρ
978 1762 1314 1838 ποταείσομαι
1344 1760 1548 1839 ἅσυχα,
1573 1760 1786 1867 δαῖμον,

385 1863 453 1935 τᾷ
480 1851 662 1934 χθονία
683 1852 728 1910 θ’
755 1850 986 1931 Ἑκάτα,
1009 1849 1103 1907 τὰν
1127 1853 1220 1929 χαί
1244 1847 1498 1913 σκύλακες
1525 1844 1819 1937 τρομέοντι,

387 1941 674 2057 ἐρχομέναν
703 1938 896 1999 νεκύων
927 1938 1024 1997 ἀνά
1047 1963 1077 1996 τ
1078 1937 1236 2018 ’ἠρία
1262 1937 1352 1995 καὶ
1383 1936 1544 2012 μέλαν
1571 1938 1724 2011 αἱμα.

385 2030 528 2113 χαῖρ’
545 2076 562 2108 ,
585 2028 790 2091 Ἑκάτα
813 2029 1100 2099 δασπλῆτι,
1128 2025 1218 2084 καὶ
1237 2026 1288 2091 ἐς
1309 2023 1452 2091 τέλος
1481 2023 1647 2099 ἄμμιν
1679 2019 1861 2080 ὀπάδει

311 2138 358 2177 ιο
385 2118 642 2199 φάρμακα
665 2116 809 2174 ταῦτ’
835 2116 1043 2196 ἔρδοισα
1075 2112 1313 2195 χερείονα
1333 2112 1468 2189 μήτε
1495 2135 1546 2168 τι
1569 2110 1766 2187 Κίρκας

388 2204 521 2313 μήτε
536 2229 586 2264 τι
615 2202 853 2275 Μηδείας
884 2226 1018 2279 μητε
1047 2200 1229 2269 ξανθας
1253 2198 1580 2281 Περιμήδας.

458 2282 616 2371 ιυγξ,
647 2290 830 2350 ἕλκε
781 2314 841 2348 τυ
863 2294 1016 2361 τῆνον
1039 2289 1162 2367 ἐμὸν
1186 2288 1307 2347 ποτὶ
1337 2290 1490 2363 δῶμα
1511 2287 1600 2345 τὸν
1629 2286 1811 2363 ἄνδρα.

388 2380 583 2462 ἄλφιτά
610 2404 689 2439 τοι
717 2387 912 2459 πρᾶτον
937 2376 1062 2457 πυρὶ
1085 2376 1334 2435 τάκεται·
1360 2378 1476 2435 ἀλλ’
1507 2374 1802 2450 ἐπίπασσε,

386 2466 639 2529 Θέστυλι.
667 2466 870 2527 δειλαία
888 2512 904 2539 ,
928 2476 1004 2545 πᾷ
1037 2464 1128 2532 τὰς
1153 2464 1338 2545 φρένας
1363 2462 1751 2523 ἐκπεπότασαι·
1737 2508 1754 2540 ,

315 2576 363 2615 ιο
387 2548 421 2628 ἦ
441 2555 509 2637 ῥά
531 2555 590 2635 γέ
611 2578 690 2616 τοι
715 2552 926 2634 μυσαρὰ
948 2552 1039 2612 καὶ
1066 2553 1144 2611 τὶν
1171 2552 1446 2633 ἐπίχαρμα
1473 2550 1752 2627 τέτυγμαι;

387 2644 551 2702 πάσσ’
581 2642 696 2721 ἅμα
722 2643 813 2701 καὶ
836 2641 956 2720 λέγε
983 2646 1148 2699 ταῦτα
1171 2663 1184 2677 ·
1211 2640 1278 2698 τὰ
1297 2638 1545 2720 Δέλφιδος
1561 2638 1710 2697 ὀστία
1732 2637 1941 2696 πάσσω.

460 2722 581 2809 ’ἴυγξ
595 2777 612 2808 ,
643 2730 763 2790 ἕλκε
787 2730 848 2789 τὺ
880 2734 1031 2801 τῆνον
1055 2728 1179 2805 ἐμὸν
1202 2727 1323 2786 ποτὶ
1346 2730 1497 2803 δῶμα
1515 2728 1602 2785 τὸν
1623 2726 1802 2807 ἄνδρα.

389 2820 579 2901 Δέλφις
607 2818 692 2897 ἔμ’
722 2819 950 2877 ἂνίασεν·
979 2816 1083 2896 ἐγὼ
1103 2819 1148 2876 δ’
1169 2816 1253 2875 ἐπὶ
1273 2815 1488 2897 Δέλφιδι
1509 2814 1704 2894 δάφναν

388 2908 544 2970 αἴθω·
569 2912 678 2990 χώς
709 2906 844 2968 αὑτὰ
863 2908 1017 2967 λακεῖ
1046 2904 1182 2986 μέγα
1207 2903 1584 2984 καππυρίσασα

311 3021 360 3060 n
388 2996 674 3070 κήξαπίνας
694 2997 863 3078 ἅφθη,
892 2995 1042 3054 κούδὲ
1067 2992 1255 3052 σποδὸν
1277 2993 1475 3104 εἶδομες
1497 2995 1685 3063 αὐτᾶς,

388 3085 524 3146 οὕτω
545 3110 626 3145 τοι
647 3085 738 3144 καὶ
766 3083 954 3165 Δέλφις
973 3083 1047 3142 ἐνὶ
1079 3081 1232 3162 φλογὶ
1251 3080 1400 3160 σάρκ’
1431 3078 1702 3158 ἀμαθύνοι.

459 3164 614 3252 ιυγξ,
645 3172 765 3232 ἕλκε
792 3171 853 3229 τυ
877 3177 1028 3242 τῆνον
1063 3170 1184 3246 ἐμὸν
1216 3168 1335 3228 ποτὶ
1353 3170 1506 3243 δῶμα
1529 3167 1616 3226 τὸν
1643 3167 1820 3246 ἄνδρα.

389 3263 459 3327 ὣς
485 3266 662 3318 τοῦτον
690 3259 777 3317 τὸν
802 3281 960 3337 καρον
981 3255 1084 3334 ἐγὼ
1108 3280 1201 3315 συν
1231 3254 1436 3331 δαίμονι
1455 3254 1625 3326 τάκω,

391 3347 461 3414 ὣς
487 3347 684 3406 caineto·
705 3349 792 3404 ὑπ’
814 3346 1002 3424 ἔρωτος
1027 3349 1056 3402 δ
1079 3341 1299 3409 Μύνδιος
1327 3343 1516 3401 αὐτίκα
1539 3299 1744 3422 Δὲλφις.

313 3455 366 3495 ω
391 3441 499 3516 χῶς
529 3435 704 3494 δινεῖθ’
731 3435 815 3492 ὅδε
843 3432 1033 3515 ῥόμὸος
1059 3436 1088 3490 ὁ
1113 3431 1329 3510 χάλκιος
1355 3429 1408 3498 ἒξ
1429 3430 1755 3510 Ἀφροδίτας,

391 3523 462 3591 ὣς
487 3527 636 3593 τῆνος
665 3523 850 3581 δινοῑτο
877 3520 990 3580 ποθ’
1019 3518 1326 3597 ἃμετὲραισι
1353 3517 1609 3598 θύραισιν.

462 3602 609 3689 ίἴυγξ,
638 3611 758 3670 ἕλκε
779 3608 841 3668 τυ
861 3612 1012 3678 τῆνον
1041 3607 1165 3684 ἐμὸν
1188 3630 1310 3666 ποτι
1336 3607 1486 3682 δῶμα
1509 3605 1597 3664 τὸν
1629 3606 1810 3686 ανδρα.

393 3723 482 3758 νυν
508 3697 733 3758 θυσῶτὰ
749 3696 958 3777 πίτυρα·
979 3695 1041 3754 τυ
1079 3697 1144 3769 δ’,
1169 3691 1413 3776 Ἄρτεμι,
1439 3693 1529 3752 καὶ
1555 3694 1644 3752 τὸν
1665 3697 1716 3752 ἐν
1735 3692 1869 3777 ᾍδα

391 3786 628 3858 κινήσαις
649 3791 698 3846 κ’
731 3785 1040 3864 ἀδάμαντα,
1061 3783 1150 3842 καὶ
1179 3783 1228 3841 εἴ
1241 3783 1293 3841 τί
1313 3805 1409 3862 περ
1437 3781 1664 3863 ἀσφαλὲς
1689 3769 1834 3840 ἄλλο.

313 3890 367 3932 ⁸5
392 3873 650 3949 Θέστυλι,
673 3873 762 3932 ταὶ
787 3871 932 3940 κύνες
956 3895 1123 3949 αμμιν
1158 3868 1256 3928 ἀνὰ
1282 3869 1514 3928 πτόλιν’
1485 3868 1756 3947 ωρύονται.

392 3963 428 4020 ἃ
453 3961 560 4030 θεὸς
587 3965 639 4022 ἐν
662 3985 724 4044 τρ
729 3961 940 4022 ιόδοισι·
964 3961 1023 4018 τὸ
1049 3957 1324 4039 χαλκίον*
1296 3982 1366 4024 ως
1386 3957 1543 4036 τάχος
1571 3955 1710 4036 ἄχει.

464 4040 612 4127 ἴυγξ,
642 4047 828 4109 ἕλκε
778 4073 840 4106 τυ
862 4052 1016 4120 τῆνον
1046 4045 1170 4122 ἐμὸν
1187 4045 1307 4105 ποτὶ
1331 4047 1484 4122 δῶμα
1507 4044 1593 4103 τὸν
1623 4044 1804 4125 ἄνδρα.

394 4137 536 4210 ἠνίδε
565 4142 686 4217 σιγῇ
725 4135 856 4244 μὲν,
843 4136 1028 4203 πόντος
1045 4180 1062 4213 ,
1087 4137 1296 4213 σιγῶντι
1326 4136 1372 4194 δ’
1403 4137 1586 4206 ἀῆται·

395 4227 430 4285 ἃ
451 4225 496 4285 δ’
520 4224 623 4304 ἐμὰ
648 4227 707 4284 οὐ
736 4228 857 4304 σιγῆ
895 4223 1115 4304 στέρνων
1137 4221 1368 4281 ἔντοσθεν
1398 4222 1550 4294 ἀνία,

315 4335 370 4376 ω
397 4316 516 4373 ἀλλ’
544 4313 630 4372 ἐπὶ
655 4312 798 4394 τήνῳ
820 4322 972 4370 πᾶσι»
996 4309 1348 4386 καταίθομαι,
1377 4309 1430 4374 ὅς
1459 4333 1524 4384 με
1548 4309 1798 4366 τάλαιναν

396 4401 511 4460 ἀντὶ
531 4400 770 4480 γυναικὸς
795 4399 947 4472 ἔθηκε
978 4396 1147 4458 κακὰν
1165 4397 1257 4456 καὶ
1286 4389 1629 4473 ἀπάρθενον
1597 4419 1746 4470 ημεν.

465 4480 616 4567 Ϊυγξ,
634 4488 753 4548 ἕλκε
777 4487 839 4546 τὺ
871 4492 1022 4558 τῆνον
1050 4485 1176 4563 ἐμὸν
1199 4483 1318 4543 ποτὶ
1341 4485 1492 4590 δῶμα
1514 4505 1602 4542 τον
1623 4483 1804 4561 ἄνδρα.

397 4579 449 4644 l<
472 4575 582 4656 τρὶς
604 4575 914 4635 ἀποσπένδω
937 4575 1028 4634 καὶ
1045 4572 1154 4654 τρὶς
1175 4571 1300 4630 τάδε
1317 4615 1334 4644 ,
1360 4571 1544 4628 πότνια
1561 4615 1577 4642 ,
1605 4573 1788 4650 φωνῶ·

397 4664 500 4724 εἴτε
527 4663 658 4742 γυνὰ
683 4663 822 4742 τήνῳ
854 4660 1234 4742 παρακέκλιται
1259 4658 1361 4718 εἴτε
1381 4660 1470 4717 καὶ
1491 4657 1648 4736 ἀνήρ,

317 4773 370 4814 ιι
395 4753 581 4813 τόσσον
613 4750 728 4830 ἔχοι
744 4752 930 4822 λάθας,
955 4749 1106 4808 ὅσσον
1125 4745 1264 4807 ποκὰ
1291 4745 1477 4818 Θησέα
1501 4744 1653 4824 φαντί

397 4844 449 4900 ἐν
479 4839 582 4919 Δία
611 4841 874 4914 λασθῆμεν
903 4837 1219 4912 ἐυπλοκάμω
1243 4835 1522 4916 Ἀριάδνας.

467 4899 618 5005 ἴυγξ,
645 4925 761 4984 ἕλκε
777 4925 839 4984 τυ
861 4929 1011 4996 τῆνον
1037 4924 1162 5000 ἐμὸν
1189 4925 1308 4982 ποτὶ
1327 4924 1479 4998 δῶμα
1501 4921 1585 4980 τὸν
1605 4921 1784 5030 ἄνδρα.

395 5013 735 5093 ιππομανὲς
713 5014 865 5072 ωυτόν
901 5015 1008 5070 ἐστι
1035 5011 1160 5090 παρ’
1191 5010 1430 5090 Ἀρκάσι·
1459 5014 1533 5067 τῶ
1563 5009 1606 5066 δ’
1636 5011 1908 5067 ἐπιπασοι

396 5103 489 5163 καὶ
517 5105 684 5161 πῶλοι
713 5102 986 5178 μαίνονται
1010 5103 1089 5158 ἀν’
1119 5098 1258 5178 ὤρεα
1280 5122 1368 5156 και
1393 5099 1504 5157 Οοαὶ
1525 5098 1691 5155 ἵπποι.

318 5209 371 5250 ⁶0
397 5191 468 5258 ὣς
487 5190 578 5250 καὶ
603 5189 792 5271 Δέλφιν
815 5188 1003 5266 ἴδοιμι,
1030 5186 1120 5246 καὶ
1143 5189 1194 5252 ἐς
1215 5185 1330 5244 τόδε
1356 5187 1507 5261 δῶμα
1535 5186 1760 5265 περάσαι

2308 570 2443 653 ΡΗ
2456 564 3297 654 ARMACEUTRIAE.

2552 743 2907 800 IDYLLION
2946 743 3016 797 11.

2027 898 2135 953 Quo
2161 893 2279 943 mihi
2296 896 2423 943 sunt
2436 893 2589 943 lauri?
2608 892 2726 942 effer
2750 890 2994 954 Thestyli3
3016 902 3117 953 quo
3140 888 3351 953 philtra?

2027 980 2161 1042 cinge
2179 980 2408 1043 poculum
2422 993 2665 1044 purpurea
2676 980 2783 1029 ovis
2794 978 2905 1029 lam
2916 1015 2931 1041 ,

2025 1080 2179 1130 quum
2204 1081 2371 1119 meum
2382 1105 2397 1130 ‚
2425 1080 2507 1118 me
2534 1066 2810 1117 excruciare
2838 1066 3079 1115 volentem
3092 1100 3108 1128 ,
3135 1076 3305 1114 earum
3338 1062 3589 1113 incantu-

2027 1156 2284 1215 expertura
2300 1155 2391 1203 sim
2404 1152 2603 1218 ἰιι-ουκ]
2620 1154 2725 1217 qui,
2738 1154 2899 1215 misen
2908 1152 3247 1203 duodecimum
3258 1150 3436 1201 abhinc
3454 1150 3587 1201 die-n

2026 1253 2276 1303 nunquam
2294 1242 2354 1291 sd
2372 1254 2451 1291 me
2468 1240 2637 1306 venit,]
2666 1256 2825 1306 neque
2840 1242 2995 1305 novit,
3014 1244 3183 1291 utrum
3199 1238 3381 1291 mortni
3396 1252 3461 1289 ιιιι
3482 1238 3587 1288 vivi

2027 1328 2178 1378 simus
2193 1327 2231 1391 ,]
2250 1342 2407 1392 neque
2422 1330 2546 1380 sores
2566 1330 2777 1394 pulsavit
2802 1330 3026 1380 crudelis.
3050 1342 3171 1379 num
3194 1328 3264 1379 illi
3286 1328 3381 1377 alio

2026 1416 2271 1466 transtulit
2288 1422 2435 1467 Amor
2450 1417 2732 1469 mutabilem
2748 1426 2963 1468 nmmum
2982 1420 3033 1468 et
3056 1418 3251 1468 Venus?

2028 1502 2107 1552 ibo
2132 1504 2197 1553 ad
2213 1505 2447 1567 Timsgeti
2460 1506 2734 1568 palaestram

2028 1604 2161 1653 cras,
2182 1594 2237 1641 ut
2263 1606 2375 1643 eum
2392 1592 2580 1643 videam
2596 1596 2647 1643 et
2662 1593 2879 1643 incusem
2892 1629 2907 1657 ,
2920 1592 3055 1657 quod
3079 1593 3148 1643 sie
3168 1602 3361 1642 mecum
3376 1588 3490 1654 agit.

2028 1691 2159 1729 nunc
2173 1682 2337 1731 autem
2349 1694 2463 1731 eum
2480 1680 2675 1745 magicis
2690 1682 2837 1731 sacris
2850 1680 3123 1731 incantubo.
3138 1682 3189 1730 ιιι
3205 1682 3280 1743 ιιι,
3298 1692 3331 1729 o
3345 1680 3498 1739 Luna,

2028 1765 2276 1828 splendeas
2284 1768 2449 1831 pulcre
2460 1783 2475 1829 ;
2486 1767 2549 1818 ad
2561 1771 2611 1818 te
2622 1768 2751 1818 enim
2762 1770 3041 1819 convertam
3050 1766 3262 1819 carmina
3274 1764 3587 1824 clandestina.

2028 1867 2059 1901 ο
2069 1853 2195 1919 des,]
2206 1855 2328 1905 etad
2339 1857 2545 1905 Hecaten
2556 1855 2809 1918 infernam,
2820 1868 2969 1919 quam
2978 1855 3123 1906 etiam
3134 1867 3275 1905 canes
3282 1852 3589 1911 παιιιεοιιιιι.

2030 1940 2328 1992 incedentem
2345 1946 2649 1994 mortuorum
2666 1956 2753 2007 per
2768 1942 2911 1994 busta
2926 1945 2977 1995 et
2993 1946 3155 1993 atrum
3172 1942 3463 2006 sanguinan-

2028 2028 2161 2079 selve
2173 2068 2187 2092 ,
2216 2034 2396 2081 Hecale
2413 2032 2517 2082 dira
2529 2069 2544 2094 ,
2565 2035 2615 2082 et
2638 2031 2699 2081 ad
2718 2034 2989 2083 exn-enum
3008 2032 3147 2082 nohis
3162 2031 3301 2095 ades,

2029 2134 2211 2171 venena
2228 2122 2333 2171 haec
2360 2121 2535 2171 faciens
2548 2132 2613 2170 ne
2634 2123 2745 2171 sint
2762 2120 2985 2172 inferiora
3010 2132 3169 2184 neque
3186 2120 3349 2171 circes

2029 2223 2187 2273 neque
2205 2208 2383 2261 Medeoe
2400 2223 2559 2274 neque
2572 2210 2710 2261 flam
2732 2208 3002 2271 Perimedes
3018 2210 3245 2260 venenis.

2088 2298 2233 2360 iynx,
2260 2298 2398 2348 trahe
2412 2300 2469 2347 ιιι
2482 2298 2621 2349 illum
2636 2310 2795 2349 meam
2819 2296 2883 2347 nd
2905 2297 3107 2347 domum
3126 2296 3305 2347 virum.

2030 2383 2161 2433 mole
2178 2384 2377 2447 qiudem
2396 2384 2607 2449 primum
2618 2384 2717 2449 igni
2734 2384 3062 2447 consumitur3
3076 2398 3163 2448 nge
3172 2422 3189 2449 ,
3203 2385 3381 2435 iterum
3398 2396 3591 2448 sparge,

2030 2472 2260 2534 Thestyli.
2281 2472 2447 2523 infelix
2458 2509 2473 2537 ,
2504 2486 2603 2536 quo
2618 2473 2709 2523 tihi
2725 2486 2863 2525 mens
2878 2472 3121 2523 avolavit?

2029 2558 2239 2622 adeone,
2264 2558 2652 2623 scelesta,etiam
2674 2560 2763 2611 tihi
2788 2560 2996 2611 ludibrio
3022 2563 3167 2613 sum?

2030 2658 2198 2709 sparge
2220 2648 2363 2697 simul
2390 2650 2441 2697 et
2462 2648 2567 2698 haec
2582 2647 2663 2697 dic
2697 2668 2709 2697 ε
2740 2647 2984 2713 Delphidis
3000 2658 3308 2713 maspnrgo.

2094 2734 2237 2797 iynx,
2256 2736 2395 2785 trahe
2418 2737 2476 2785 tu
2498 2736 2641 2787 illum
2656 2748 2815 2787 meam
2830 2734 3105 2787 eddanum
3121 2736 3299 2785 virum.

2030 2822 2227 2887 Delphis
2244 2836 2326 2875 me
2342 2824 2603 2887 erucievi13
2622 2838 2709 2889 ego
2726 2826 2891 2875 aulem
2912 2836 3057 2889 super
3072 2823 3309 2889 Delphide
3324 2824 3524 2874 laurum

2032 2927 2153 2974 ιιι-ος
2172 2917 2223 2964 et
2242 2914 2369 2964 sicut
2384 2912 2491 2964 haec
2512 2912 2822 2964 veho-enter
2847 2912 3051 2978 crepitat
3066 2910 3261 2964 flamma
3286 2914 3511 2976 correpta

2033 3005 2083 3054 et
2099 3003 2260 3054 subito
2296 3001 2633 3066 conflagravit,
2671 3013 2731 3052 ac
2755 3013 2819 3052 ue
2844 2999 3028 3052 cineres
3046 3001 3245 3064 quidem
3264 2998 3593 3064 conspicimus

2031 3089 2181 3154 eius,]
2211 3090 2281 3140 ἱιιι
2296 3091 2443 3140 etiam
2466 3088 2712 3152 Delphidis
2727 3101 2839 3139 caro
2856 3089 2907 3139 in
2930 3089 3123 3139 flamma
3141 3089 3474 3140 consumatum

2094 3180 2211 3242 iynx
2221 3215 2238 3243 ,
2254 3178 2393 3229 trahe
2410 3180 2466 3228 ιιι
2484 3177 2625 3227 illum
2640 3189 2801 3228 meum
2824 3175 2889 3228 ad
2906 3175 3106 3228 domum
3122 3177 3301 3226 virum.

2034 3269 2090 3317 ιιι
2112 3267 2237 3317 hanc
2260 3279 2421 3318 ceram
2438 3279 2525 3330 ego
2538 3265 2739 3328 iuvante
2753 3265 2953 3316 numine
2970 3265 3221 3330 liquefacio
3232 3303 3249 3328 ,

2030 3356 2102 3405 sic
2118 3353 2335 3418 liquefiat
2356 3353 2419 3404 ab
2436 3367 2602 3405 amore
2614 3331 2839 3417 h‘lyndius
2856 3353 2987 3404 illico
3004 3353 3215 3418 Delphis.

2031 3443 2179 3506 atque
2198 3444 2255 3492 ut
2271 3442 2610 3506 circumagitur
2626 3441 2763 3492 hicce
2777 3441 3009 3492 rhombus
3023 3454 3190 3493 aenws
3204 3455 3268 3494 ex
3279 3445 3470 3497 Vm
3480 3480 3501 3508 ,

2032 3530 2102 3581 sic
2118 3530 2199 3581 ille
2222 3531 2575 3594 circumagatur
2587 3529 2650 3580 ad
2670 3531 2861 3580 nostras
2875 3529 3017 3581 fores.

2095 3620 2236 3683 iynx,
2250 3619 2388 3669 trahe
2404 3620 2460 3668 ιιι
2478 3617 2616 3670 illum
2632 3629 2793 3668 meum
2822 3615 2887 3666 ad
2901 3615 3101 3668 domum
3122 3617 3301 3668 virum.

2032 3718 2165 3756 nunc
2188 3705 2465 3756 merificabo
2484 3705 2710 3756 furfures.
2728 3707 2786 3755 ιιι
2799 3717 2919 3756 vero
2930 3742 2945 3768 ,
2971 3706 3149 3767 Dim,
3170 3707 3219 3756 et
3235 3705 3379 3758 illum
3394 3706 3447 3758 in
3460 3709 3592 3760 Orco

2032 3805 2229 3844 movere
2240 3793 2391 3857 possis
2401 3793 2687 3844 indomitum
2698 3829 2715 3856 ,
2725 3795 2775 3844 et
2790 3793 2831 3845 si
2848 3793 2965 3856 quid
2982 3793 3115 3844 aliud
3128 3795 3206 3845 est
3222 3791 3437 3847 limum.

2032 3880 2247 3944 Thestyli
2260 3917 2277 3944 ,
2298 3893 2439 3931 canes
2462 3881 2599 3932 nobis
2614 3893 2700 3946 per
2726 3881 2895 3932 urbem
2917 3881 3124 3932 ululant.

2033 3969 2124 4020 des
2140 3969 2192 4020 in
2204 3967 2359 4020 triviis
2376 3968 2553 4031 ade-585
2578 3968 2801 4033 cymbala
2813 3983 2961 4033 quem
2972 3971 3183 4034 primum
3197 3971 3354 4036 pulsa.

2094 4056 2212 4120 iynx
2222 4093 2237 4119 ,
2256 4056 2395 4107 trahe
2406 4058 2463 4106 ιιι
2476 4055 2615 4107 illum
2630 4069 2791 4106 meam
2803 4055 2867 4106 nd
2882 4055 3081 4108 domum
3098 4059 3276 4109 virum.

2034 4157 2096 4196 en
2120 4144 2229 4195 silet
2244 4155 2378 4194 mre
2393 4180 2407 4206 ,
2427 4145 2477 4194 et
2489 4144 2629 4194 silent
2646 4144 2865 4208 ilnmim3

2034 4245 2174 4282 meus
2184 4232 2346 4282 eutem
2362 4243 2461 4281 non
2473 4232 2581 4282 silet
2596 4231 2645 4282 in
2672 4233 2868 4296 pectore
2878 4231 3035 4296 dolor,

2034 4319 2119 4370 sed
2136 4319 2287 4370 inillo
2302 4321 2407 4369 ιοιιι
2431 4318 2702 4383 ardeo,qui
2720 4319 3036 4371 immiseram
3244 4359 3253 4368 .

2034 4421 2121 4470 pro
2138 4405 2342 4470 coniuge
2358 4407 2470 4457 fecit
2484 4407 2710 4458 infamem
2732 4410 2781 4458 et
2798 4421 2897 4458 non
2908 4409 3141 4472 virginem
3154 4421 3270 4460 esse.

2094 4495 2211 4557 iynx
2226 4529 2242 4557 ,
2260 4493 2398 4544 trahe
2412 4495 2469 4544 ιιι
2486 4493 2622 4544 illum
2644 4507 2804 4545 meam
2820 4495 2883 4546 sd
2894 4494 3095 4546 domum
3116 4497 3295 4546 virum.

2032 4581 2221 4633 tet-libo
2245 4583 2391 4632 etter
2418 4581 2973 4646 hoecce,ovenernnds,
3000 4583 3143 4634 dico:

2032 4670 2136 4722 sive
2152 4669 2325 4720 mulier
2348 4669 2420 4719 illi
2442 4669 2648 4720 accubat
2668 4671 2770 4721 sive
2786 4671 2933 4722 etiam
2950 4671 3045 4736 vir,

2033 4761 2227 4809 tantum
2250 4757 2409 4820 capiat
2438 4769 2553 4807 euru
2580 4758 2835 4810 oblivionis
2858 4761 3097 4822 quantum
3120 4759 3240 4812 olim
3254 4761 3497 4813 Theseum
3520 4763 3596 4814 fe-

2034 4847 2167 4913 runt]
2192 4849 2243 4898 in
2262 4850 2348 4900 Dia
2372 4849 2579 4900 oblitum
2604 4859 2707 4898 esse
2722 4847 3031 4911 pulcricomoe
3054 4847 3296 4902 Ariadnes.

2096 4936 2213 4999 iynx
2225 4973 2240 4998 ‚
2260 4938 2397 4988 trahe
2413 4939 2469 4986 ιιι
2488 4937 2627 4986 illum
2645 4948 2803 4985 meam
2822 4934 2884 4985 ad
2900 4934 3103 4986 domum
3118 4936 3295 4986 virum.

2034 5025 2344 5087 hippomanes
2360 5025 2508 5074 herba
2520 5027 2591 5074 est
2608 5023 2738 5087 apud
2753 5022 2957 5074 Arcades
2966 5040 2983 5086 ς
3009 5027 3149 5085 cujus
3164 5023 3411 5086 potiundae
3430 5025 3601 5078 nitore

2034 5112 2217 5176 omnes]
2236 5115 2285 5162 et
2302 5113 2493 5176 equulei
2519 5113 2740 5162 feruntur
2753 5125 2839 5175 per
2855 5114 3043 5162 montes
3070 5114 3121 5162 et
3146 5111 3325 5163 celeres
3348 5125 3506 5176 equae.

2034 5201 2103 5250 sic
2118 5200 2264 5251 etiam
2278 5199 2484 5263 Delphin
2505 5199 2695 5250 videam
2716 5237 2731 5261 ,
2746 5201 2795 5250 et
2820 5199 2871 5250 in
2888 5199 3015 5250 hanc
3026 5199 3230 5250 domum
3252 5201 3365 5251 ruat
