3767 5825
965 417 1189 479 SERVI
1198 421 1303 481 LII
1345 421 1843 488 DAMOCRATIS
1884 429 2068 503 QUAE
2110 430 2582 502 SUPERSUNT.

275 551 352 608 Δι’
378 549 589 627 ἡμερῶν
607 545 667 606 τὸ
687 551 898 626 τραῦμα
926 547 1245 628 πλατύτερον
1273 553 1435 610 ποιῶν

284 633 503 694 Ἑλκοῢν
532 631 800 715 δυναμένῳ
829 633 1093 716 φαρμάκῳ
1116 639 1487 721 ἐσχαρωτικῷ,

282 725 545 784 Ποιοῧσαν
572 722 755 799 ἀμέλει
780 722 871 782 καὶ
897 724 1026 804 πρὸς
1054 725 1227 784 ἄλλων
1261 728 1451 806 θηρίων

186 832 251 872 1²0
279 815 397 872 Τῶν
431 809 653 870 ῖοὸόλων
681 813 891 891 πληγάς
912 837 971 872 τε
988 813 1080 872 καὶ
1102 814 1169 874 τὰ
1196 815 1461 894 δήγματα,

276 899 489 960 Ἀκέδων
510 923 566 958 τε
590 897 807 980 φαύλοις
828 901 1124 982 φαρμάκοις
1151 903 1517 983 βεὸαμμένων,

284 987 392 1048 Καὶ
415 986 545 1068 πρὸς
575 987 811 1062 κακοήθη
842 990 1014 1048 πάντα
1040 990 1391 1068 ἐξηλκωμένα.

280 1079 390 1148 Τῆς
418 1081 515 1155 γῆς
537 1076 785 1154 μελαίνης
814 1079 1151 1155 ἄμπελίτιδος
1170 1081 1413 1164 δραχμᾲς

275 1164 365 1232 Δὶς
388 1163 550 1224 εἴκοσι
564 1164 749 1238 πέντε,
778 1166 869 1225 καὶ
891 1169 1203 1250 λιθαργύρου
1232 1175 1396 1241 καλῆς

177 1273 247 1311 125
276 1253 521 1330 Σταθμὸν
548 1253 637 1312 τὸν
666 1252 840 1328 αὐτὸν,
865 1256 1024 1315 ταύτό
1051 1256 1098 1313 τ’
1126 1258 1397 1336 ἀσφάλτου
1433 1257 1588 1338 βάρος

276 1335 427 1409 Ἴσας
452 1341 499 1401 τ’
528 1340 705 1400 ἐλαίου
728 1350 834 1408 τοῖς
859 1346 1025 1424 τρισὶν
1048 1345 1245 1413 τούτοις
1276 1347 1538 1427 δραχμάς·

274 1432 385 1503 Τῆς
410 1432 644 1501 Ἀττικῆς
668 1453 726 1489 τε
756 1431 1059 1510 προπόλεως
1088 1433 1162 1501 δὶς
1189 1433 1407 1494 εἴκοσιν·

274 1518 689 1600 Ἀριστολοχίας,
718 1520 987 1600 συμφύτου
1014 1523 1061 1580 τ’
1087 1523 1188 1581 ἀνὰ
1210 1522 1495 1606 τέσσαρας·

269 1605 362 1674 Δὶς
387 1606 479 1665 δύο
500 1607 743 1688 πρασίου,
768 1608 859 1667 καὶ
890 1609 1031 1690 [τοῦ]
1063 1611 1259 1670 ἑλενίου
1290 1611 1383 1679 τὰς
1410 1612 1554 1680 ἴσας·

174 1713 244 1753 1³⁰
272 1694 668 1773 Χαμαιλέοντος
696 1695 979 1776 τέσσαρας·
1004 1703 1139 1777 τρεῖς
1164 1701 1441 1777 σμυρνίου·

266 1781 347 1843 Τὸ
376 1785 425 1841 δ’
454 1785 581 1842 αὐτὸ
600 1786 788 1858 λευκῆς
805 1784 955 1866 ἴρεως
978 1785 1136 1868 ξηρᾶς
1166 1793 1358 1862 καλῆς·

267 1872 425 1952 Τρεῖς
448 1872 495 1930 δ’
520 1871 807 1953 ὀμφακίνης
830 1875 1038 1947 κηκῖδος
1054 1901 1065 1911 ·
1090 1875 1143 1945 ἓξ
1163 1877 1482 1957 στυπτηρίας
1498 1899 1509 1912 ·

272 1959 476 2020 Πολίου
504 1983 560 2018 τε
587 1961 749 2020 ταύτὸ
764 2008 782 2040 ,
806 1962 1078 2040 χαλὸάνης
1106 1967 1153 2022 τ’
1178 1965 1349 2047 ὀὸολῷ
1372 1969 1431 2044 (Ρ)
1454 1967 1613 2026 πλέον
1628 1989 1642 2004 ·

271 2047 505 2108 Λιὸάνου
521 2049 567 2106 τ’
588 2049 825 2126 ἀτμήτου
856 2050 1044 2131 δώδεχ’
1073 2053 1229 2121 ὁλκὰς
1256 2052 1449 2131 ἥμισυ·

168 2155 240 2194 εει
272 2135 583 2205 Χαλκίτεως
606 2139 772 2210 ὀπτῆς
794 2161 850 2197 τε
875 2139 1134 2221 τέσσαρας
1163 2141 1431 2223 δραχμάς·

268 2225 591 2306 Κενταυρίου
620 2227 816 2285 λεπτοῦ
840 2251 897 2285 τε
923 2229 1164 2308 δραχμὰς
1190 2230 1297 2310 τρὶς
1318 2229 1435 2290 δύο·

264 2313 357 2380 Δὶς
384 2313 758 2374 πεντεκαίδεκα
784 2313 989 2392 μέλιτος
1012 2317 1246 2378 Ἀττικοῦ
1269 2318 1406 2379 νέου.

270 2401 511 2472 Σκεύαζε
534 2402 578 2460 δ’
612 2401 775 2474 αὖτὴν
801 2406 1061 2481 ἐπιμελῶς
1090 2405 1239 2474 αὐτὸς
1263 2405 1446 2488 παρών
1461 2429 1473 2442 ·

264 2489 381 2549 Καὶ
400 2489 501 2570 γὰρ
525 2489 703 2571 σφόδρ’
727 2489 841 2549 αύει
872 2491 963 2549 καὶ
985 2493 1331 2552 κατακαίεται
1360 2493 1496 2575 ταχύ
1512 2517 1525 2530 ·

159 2597 233 2636 nu
261 2578 383 2649 Τὴν
414 2581 692 2656 ἀμπελῖτιν
718 2579 809 2637 καὶ
836 2580 1145 2662 λιθάργυρον
1171 2581 1347 2663 βαλὼν

264 2669 366 2733 Εἲς
385 2667 595 2726 λοπάδα
619 2667 805 2740 καινὴν
831 2668 1110 2747 εὐμεγέθη,
1136 2669 1473 2752 προσέμὸαλε

258 2754 424 2816 Λεῖόν
446 2753 539 2836 [τ’]
562 2753 733 2816 ἔλαιον
747 2781 760 2795 ·
784 2755 876 2838 ἕψε
908 2760 1165 2841 μαλθακῷ
1189 2760 1334 2842 πυρί.

256 2841 440 2904 ’Ὅταν
470 2845 515 2902 δ’
543 2845 659 2925 ἴδῃς
682 2847 935 2929 ῥυπῶδες,
965 2845 1203 2925 ἔμπασον
1237 2848 1354 2908 τότε

264 2933 631 3015 Στυπτηρίαν,
655 2939 923 3015 χαλκῒτιν·
943 2938 1124 3017 ἑτέραν
1157 2940 1271 3011 δῆτ’
1300 2938 1433 3021 ἔχων

150 3042 225 3081 ιιι
256 3021 483 3104 Χύτραν
505 3046 563 3081 τε
588 3026 715 3096 τῆκε
739 3023 800 3083 τὸ
837 3023 979 3102 μέλι,
995 3025 1087 3084 καὶ
1114 3023 1209 3098 τὴν
1240 3026 1534 3107 χαλὸάνην,

260 3108 542 3191 Πρόπολίν
566 3135 623 3170 τε
652 3111 832 3171 καὶτὰ
857 3112 1021 3173 λοιπὰ
1047 3114 1218 3186 τηκτὰ
1244 3114 1484 3192 μίγματα

256 3198 510 3279 Κατάχει
533 3198 754 3280 μετρίως
782 3198 963 3269 ζέοντα
991 3204 1084 3273 τῆς
1108 3202 1447 3284 λιθαργύρου,

254 3286 377 3346 Καὶ
408 3284 627 3354 συζέσας
642 3286 726 3345 ἐπ’
746 3286 942 3366 ὀλίγον,
970 3286 1094 3347 ὅταν
1117 3288 1228 3369 ἴδῃς
1247 3288 1325 3347 ὅτι

249 3372 646 3455 Ἔμπλαστρος
674 3373 785 3434 ἔστ’
808 3377 1127 3456 ᾱμόλυντος,
1154 3377 1441 3454 ἕμπάσσεις
1460 3376 1579 3439 τότε

141 3482 219 3521 150
248 3461 377 3529 Τάς
398 3484 453 3519 τε
480 3461 609 3529 πόας
628 3463 775 3543 [ἠδὲ]
804 3463 895 3523 καὶ
918 3463 985 3523 τὰ
1005 3466 1167 3525 λοιπὰ
1194 3466 1355 3547 ριζία·

244 3546 311 3609 Ἀ
322 3572 421 3629 ρας
441 3572 497 3609 τε
522 3550 727 3632 ταχέως
742 3551 839 3625 τὴν
858 3553 1060 3634 χύτραν
1087 3554 1192 3613 ἀπὸ
1226 3560 1317 3615 τοῦ
1346 3554 1509 3633 πυρὸς

249 3637 475 3713 Ψύξον,
496 3640 759 3719 ,διακινῶν
787 3644 869 3699 ἐπ’
894 3643 1066 3720 ὀλίγον
1095 3642 1154 3700 τὸ
1173 3642 1475 3724 φάρμακον.

244 3725 719 3805 Συνεκμαλάσσων
745 3728 926 3811 χερσὶν
946 3730 1310 3811 εὖτονωτέραις

244 3814 511 3889 Ἀπόθου,
540 3814 817 3898 φυλάττων
842 3814 1057 3897 δέρματ’
1083 3816 1505 3896 ἐσκεπασμένην.

122 4010 205 4049 1⁶5
240 3989 371 4049 Καὶ
394 3992 499 4048 τῶν
524 3988 716 4048 ἀκίδων
745 3990 851 4069 [τε]
876 3994 980 4051 τῶν
1007 3992 1526 4073 πεφαρμακευμένων

236 4076 335 4139 Τὰ
356 4077 621 4157 τραύματ’
646 4077 779 4157 ἔγνω
800 4079 967 4138 ταύτὰ
1004 4089 1169 4138 ποιεῖν
1195 4081 1427 4161 ἑρπετοῖς
1445 4126 1463 4157 ‚

234 4168 381 4226 Τῶν
402 4164 621 4225 ἷοὸόλων
640 4190 697 4225 τε
722 4168 915 4248 θηρίων
940 4173 1044 4235 τοῖς
1068 4168 1329 4246 δήγμασιν
1344 4191 1357 4205 ·

232 4254 353 4315 Διὸ
382 4252 475 4312 καὶ
498 4254 774 4335 θεραπείας
797 4255 935 4315 ἐστὶν
971 4256 1223 4334 ὁμογενὴς
1250 4256 1461 4338 τρόπος·

234 4341 372 4403 Καὶ
392 4341 497 4424 γὰρ
523 4343 613 4403 ἐπὶ
629 4342 829 4412 τούτοις
856 4344 1029 4425 σάρκα
1050 4345 1145 4417 τὴν
1168 4346 1500 4426 τετρωμένην

112 4453 197 4493 ιω
232 4430 482 4510 Ταχέως
502 4432 833 4513 περικόπτειν
862 4434 1057 4517 σμιλίῳ
1086 4436 1162 4493 δεῖ
1189 4436 1279 4494 καὶ
1300 4436 1458 4515 πυρὶ,

230 4518 457 4586 Σικύας
484 4518 531 4577 τ’
556 4519 875 4596 ἐπιὸάλλειν,
902 4524 949 4581 εἰ
972 4523 1206 4596 δυνατὸν,
1235 4525 1340 4589 τοῖς
1359 4522 1644 4602 τραύμασι,

226 4611 379 4673 Τοῖς
403 4606 637 4688 δρίμεσίν
662 4632 719 4669 τε
738 4610 1035 4691 φαρμάκοις
1060 4612 1151 4669 καὶ
1177 4620 1473 4679 καυστικοῖς

224 4700 453 4777 Τηρεῖν
478 4695 539 4756 τὸ
562 4702 773 4777 τραῦμα
798 4700 1041 4767 πλείονας
1063 4700 1278 4781 χρόνους
1306 4697 1509 4774 πλατὺ,

220 4783 473 4866 Ὠσπερ
494 4782 735 4855 ὗπίδειξα
764 4792 945 4847 θᾶττον
978 4791 1029 4847 ἐν
1054 4788 1379 4869 συντάγματι

98 4897 185 4936 ιω
223 4869 463 4953 Ἑτέρῳ
477 4917 495 4945 ,
512 4872 761 4954 γραφέντι
786 4876 891 4943 τοῖς
913 4876 1119 4935 θέλουσι
1140 4877 1394 4956 φάρμακα

214 4965 431 5022 Ποιεῑν
445 4956 545 5019 ὅσα
571 4959 753 5021 καύσει
784 4964 976 5047 σμιλίῳ
998 4988 1057 5022 τε
1079 4964 1278 5042 γίνεται
1296 4988 1309 5001 ·

214 5051 499 5131 Χρῆσθαι
529 5048 585 5107 δὲ
606 5050 697 5109 καὶ
725 5059 833 5119 τοῖς
852 5052 1131 5120 ἀντιδότοις
1159 5052 1432 5130 ποτήμασι
1540 5074 1545 5079 ·

216 5141 385 5203 Τοῖς
407 5137 743 5219 ἐχιοδήκτοις,
764 5139 825 5207 ἃς
852 5140 1099 5200 ἐκέλευσα
1126 5140 1455 5222 προσφέρειν.

212 5223 363 5290 Καὶ
390 5224 577 5295 πυτίας
597 5227 653 5286 δὲ
666 5231 770 5287 τῶν
794 5229 989 5309 νεὸρῶν
1018 5232 1192 5297 αὐτοῖς
1216 5229 1385 5309 δίδου,

1816 565 2030 618 Subinde
2041 569 2320 623 intermissis
2331 572 2502 625 diebus
2513 577 2733 638 pauculis

1818 645 2010 696 Vulnus
2027 647 2330 700 dilatandum
2348 653 2422 702 est
2435 665 2527 716 ope
2553 654 2882 708 medicaminis

1782 729 1790 736 ·
1822 723 1966 780 Quod
1983 725 2124 774 ulcus
2141 726 2298 778 facere
2316 731 2367 778 et
2388 733 2599 782 cmstam
2619 735 2988 797 superinducere

1817 802 1959 862 Quit;
1983 801 2186 854 aliarum
2204 805 2416 857 ferarum
2434 811 2674 862 morsibus
2693 829 2886 880 quoque

1816 890 2183 942 venenatarum
2199 895 2247 944 et
2269 898 2524 960 puncturis
2544 901 2655 950 facit
2677 903 2787 967 fere,

1816 976 1878 1024 Et
1897 977 2006 1025 telis
2031 977 2270 1032 immersis
2285 996 2434 1047 pravo
2458 986 2790 1051 medicamine,

1816 1065 2164 1130 Ulceribssque
2182 1069 2409 1122 omnihus
2423 1087 2536 1136 quae
2561 1079 2678 1127 sunt
2698 1071 2846 1128 nioris
2861 1081 2990 1131 mali.

1816 1155 1980 1202 Terroe
1998 1156 2288 1218 ampelitidis
2303 1159 2454 1222 nigrae
2471 1161 2694 1216 denarios

1817 1239 1998 1302 Viginti
2021 1243 2236 1308 quinque
2253 1246 2343 1308 bis,
2361 1262 2547 1311 spumae
2561 1255 2744 1314 argenti
2771 1256 2913 1307 bonae

1816 1331 1949 1382 Idem
1978 1333 2184 1398 pondus,
2206 1337 2456 1390 bituminis
2477 1353 2616 1403 pares
2639 1359 2851 1410 quoque,

1818 1411 1925 1462 Olei
1943 1413 2161 1466 denarios
2180 1422 2298 1481 quot
2315 1421 2477 1483 pondo
2499 1423 2673 1474 horum
2691 1426 2868 1490 trium,

1815 1495 1998 1544 Verum
2013 1496 2264 1559 propoleos
2281 1499 2355 1550 his
2372 1502 2566 1554 vicenos
2585 1507 2756 1556 Atticae
2773 1546 2790 1570 ,

1815 1580 1880 1630 nt
1891 1583 2122 1644 quattuor
2139 1583 2458 1639 aristolochiae
2487 1591 2633 1654 atque
2651 1597 2913 1660 symphyti,

1816 1672 1879 1721 Bt
1897 1671 2128 1733 quattuor
2145 1672 2376 1722 marrubii
2394 1686 2453 1724 ac
2469 1676 2545 1726 tot
2563 1677 2754 1740 helenii,
2869 1741 2876 1750 ι

1816 1757 2194 1811 chamaeleontis
2211 1763 2463 1828 quattuor,
2482 1765 2582 1816 tres
2604 1770 2823 1832 smyrnii‚

1817 1851 1912 1900 Tot
1933 1849 2154 1902 candida
2179 1852 2264 1904 iris
2288 1853 2438 1906 aridae
2465 1857 2720 1910 drachmas
2739 1863 2878 1914 honac
2891 1902 2906 1927 ,

1818 1936 1941 1984 Tres
1965 1935 2116 1998 gallae'
2139 1950 2236 1987 non
2259 1939 2482 2002 maturae,
2505 1956 2588 1992 sex
2607 1945 2854 2010 aluminis,

1816 2023 2032 2088 Poiiique
2047 2025 2270 2090 totidem,
2291 2028 2484 2092 galbani
2501 2031 2642 2082 obolo
2661 2035 2835 2098 largius
2853 2075 2866 2100 ,

1820 2114 1882 2162 m
1901 2111 2062 2164 thuris
2088 2127 2186 2164 non
2204 2115 2322 2165 secti
2345 2115 2598 2170 drachmas
2615 2121 2870 2176 duodecim

1742 2237 1749 2244 .
1817 2199 1881 2250 Et
1901 2197 2170 2260 dimidium,
2189 2199 2408 2252 chalcitis
2428 2203 2570 2255 tosta
2588 2210 2837 2272 quattuor,

1817 2285 2064 2335 centaurii
2085 2287 2286 2338 minoris
2307 2288 2561 2341 drachmas
2573 2294 2650 2343 ter
2664 2294 2764 2344 duo
2778 2332 2794 2356 ,

1818 2372 1878 2422 Et
1895 2372 2049 2422 mellis
2066 2374 2211 2424 Attici
2229 2376 2344 2425 novi
2364 2376 2438 2427 his
2460 2378 2758 2440 quindecim.

1816 2457 1910 2508 Sed
1933 2457 2182 2523 diligenter
2205 2461 2281 2511 fac
2305 2475 2592 2527 semperque
2615 2465 2730 2516 ades
2747 2470 2907 2531 operi;

1816 2546 1938 2595 Nam
1965 2543 2102 2594 ocius
2117 2544 2325 2596 siccatur
2341 2547 2491 2611 atque
2512 2550 2747 2602 exuritur.

1814 2637 1962 2684 Terra
1983 2633 2258 2696 ampelltide
2281 2634 2456 2697 injecta
2477 2641 2524 2686 el
2543 2635 2805 2702 lithargyro

1814 2717 2034 2768 Patinam
2053 2717 2102 2766 in
2120 2729 2296 2768 novam
2317 2731 2428 2781 quae
2448 2732 2673 2782 magnam
2695 2723 2883 2785 copiam
2897 2727 3044 2788 capit,

1814 2802 2033 2866 Adiunge
2050 2802 2174 2852 laeve
2195 2802 2356 2853 oleum
2382 2804 2614 2868 mollique
2635 2804 2744 2867 igne
2767 2807 3016 2872 incoquas.

1814 2894 1978 2949 Quum
2003 2885 2249 2940 sordidum
2277 2889 2480 2951 videhiS,
2499 2893 2620 2942 tunc
2637 2893 2894 2957 inspergito

1813 2974 2078 3025 chalcitem
2091 3010 2105 3033 ‚
2124 2975 2318 3025 alumen
2329 2992 2345 3037 ;
2367 2975 2460 3025 alia
2483 2988 2650 3027 rursus
2667 2976 2822 3026 ollula

1812 3062 1927 3122 Mei,
1952 3060 2210 3123 galbanum
2230 3060 2468 3122 propolim
2496 3061 2679 3124 reliqua
2697 3061 2747 3111 et
2764 3060 3082 3114 medicamina

1812 3144 2062 3209 Liquanda
2087 3145 2208 3194 tunc
2225 3144 2360 3207 liqna
2383 3144 2668 3207 modiceque
2685 3144 2870 3195 fervida

1812 3235 2008 3295 spuma
2029 3229 2212 3292 argenti
2229 3229 2338 3279 hoec
2355 3228 2552 3297 infunde
2568 3229 2775 3292 desuper
2796 3231 2975 3281 omnia.

1811 3317 1900 3366 His
1920 3315 2080 3365 denuo
2098 3314 2250 3365 coctis
2263 3312 2528 3375 moderate,
2548 3327 2702 3377 quum
2716 3314 2851 3365 vides

1810 3400 2138 3462 Emplastrum
2156 3396 2288 3447 haud
2304 3396 2560 3461 inquinare
2575 3397 2828 3449 dexteram
2845 3400 3052 3463 amplius
3065 3436 3079 3459 ,

1810 3488 2042 3547 Insperge
2065 3481 2239 3533 herbas
2257 3483 2471 3545 reliquas
2496 3486 2616 3533 tunc
2635 3482 2684 3532 et
2705 3481 2970 3546 radiculas,

1812 3570 1968 3631 Atque
1988 3566 2186 3617 ollulam
2209 3566 2343 3617 ocius
2365 3566 2573 3629 deponas
2595 3580 2623 3617 e
2637 3566 2764 3617 foco.

1808 3653 1946 3709 Sicca
1966 3655 2087 3704 tunc
2103 3651 2276 3703 leniter
2291 3651 2588 3701 medicamen
2611 3664 2938 3704 commovens.

1810 3737 1986 3789 Palmis
2002 3736 2349 3788 valentioribus
2367 3736 2674 3799 permoiiiens

1810 3829 2006 3889 Reponc
2026 3825 2075 3874 et
2097 3834 2328 3871 conserva
2351 3823 2496 3884 atque
2514 3820 2640 3883 pelle
2653 3820 2868 3883 contege.

1804 4006 2002 4054 Veneno
2019 4000 2272 4050 immersas
2289 3998 2596 4059 telorumque
2613 3994 2832 4059 cuspides

1803 4090 1976 4142 lisdem
2001 4086 2284 4137 vulneribus
2299 4084 2488 4135 allicere
2515 4084 2704 4147 repperi
2724 4094 2783 4132 ac

1805 4181 1970 4230 Morsu
1992 4178 2242 4227 venenata
2264 4172 2376 4221 l'erae
2395 4174 2445 4221 et
2462 4170 2672 4235 reptilia,

1802 4270 2038 4328 Unusque
2057 4265 2130 4313 est
2151 4261 2330 4312 idcirco
2343 4261 2596 4311 amborum
2615 4271 2746 4309 curm
2761 4258 2937 4310 modus
2954 4276 2970 4321 3

1801 4360 1860 4407 In
1887 4355 1961 4403 his
1979 4353 2108 4403 enim
2125 4364 2317 4401 carnem
2337 4349 2502 4400 iaesam
2520 4346 2684 4399 statim
2701 4361 2898 4411 quoque

1803 4440 2158 4495 circumcidere
2179 4438 2410 4501 scalpello
2430 4440 2481 4487 et
2500 4437 2706 4486 vulcano
2724 4436 2862 4487 decet
2877 4472 2893 4499 ,

1804 4531 1956 4596 Plagis
1973 4528 2247 4581 cucurbitae
2265 4528 2527 4589 imponere.
2547 4527 2586 4575 si
2615 4525 2745 4587 licet,

1800 4620 2005 4673 Acribus
2021 4620 2072 4669 et
2093 4616 2456 4669 medicamentis
2467 4617 2614 4678 atque
2635 4614 2886 4664 urentibus

1800 4708 2035 4773 Longiore
2055 4720 2137 4759 eas
2156 4718 2353 4758 servans
2369 4704 2557 4769 apertas
2569 4704 2805 4767 tempore,

1799 4798 1946 4858 Quod
1957 4797 2164 4847 indicavi
2184 4795 2319 4859 prius
2345 4794 2398 4845 in
2417 4792 2765 4845 commentario
2799 4838 2806 4845 .

1799 4888 1924 4947 Alio,
1943 4886 2001 4936 iis
2015 4886 2194 4951 scripto
2213 4884 2296 4949 qui
2315 4884 2489 4934 volunt
2507 4881 2824 4935 medicamina

1798 4980 1976 5028 Parare
1992 4974 2222 5027 adversus
2241 4986 2352 5037 quse
2369 4973 2556 5036 scalpro
2577 4972 2728 5035 atque
2743 4972 2854 5022 ustu
2877 4968 3024 5027 liunt;

1798 5064 2038 5118 antidotis
2052 5064 2320 5129 potulentls
2337 5065 2475 5114 utere
2491 5064 2544 5112 tu
2558 5073 2756 5125 quoqne

1797 5162 1930 5217 Quas
1953 5154 2200 5221 porrigere
2217 5153 2338 5218 iuni
2358 5152 2577 5203 morsisa
2599 5151 2782 5214 vipera.

1794 5248 1923 5296 Item
1937 5243 2192 5308 coagulum
2213 5242 2331 5307 ipsis
2347 5242 2470 5293 offer
2489 5239 2697 5301 binnuii,

2924 5380 2990 5417 28.

3267 459 3372 512 181
