3767 5825
2365 221 2408 258 ὀ,

984 411 1319 472 NUMENn
1366 414 1461 472 ET
1508 415 1936 478 PANCRATIS
1982 420 2388 494 RELIQUIAE.
3211 437 3286 487 89

465 570 567 627 ΕΚ
610 569 767 628 ΤΩΝ
809 569 1235 630 ΘΗΡΙΑΚΩΝ.

768 703 929 762 XXI.

674 797 1017 880 (Υπόχλωρον
1043 798 1138 876 μὲν
1157 799 1305 866 ἕλκος

178 885 491 958 Κυκλαίνει,
520 888 578 944 τὸ
607 885 661 944 δὲ
688 885 881 946 πολλὸν
911 887 1197 967 ἀνέδραμεν
1228 888 1439 948 αὐτόθεν
1461 887 1630 957 ἕλκος.

72 991 267 1053 (sehon.
290 991 398 1041 Nic.
424 992 570 1041 Ther.
598 996 742 1054 237.)

570 1188 807 1250 Ἄνθεσσί
834 1215 893 1269 γε
922 1191 1017 1269 μὲν
1042 1190 1193 1251 εἴδετ’
1214 1190 1299 1250 ἔπ’
1322 1191 1455 1274 ἰχὼρ

174 1276 447 1356 Ἦερόεις,
470 1277 587 1334 τοτὲ
606 1278 651 1335 δ’
676 1269 743 1338 αὗ
767 1279 969 1360 μολίὸῳ
992 1280 1279 1359 ἐναλίγκιον
1307 1271 1439 1347 εἶδος

172 1363 337 1444 'Ap-qn(
362 1368 387 1423 ἑ
417 1365 647 1424 κυδαίνει
674 1365 845 1446 κάλχῃ
870 1367 1002 1429 ἴσον.

72 1469 175 1527 (ib.
202 1473 319 1518 2⁵7.
344 1469 363 1530 )
763 1457 770 1465 '
966 1461 973 1467 '

739 1561 959 1621 XXIII.

125 1657 235 1704 ''O-n
257 1656 309 1703 δὲ
340 1655 425 1704 δύο
453 1657 550 1714 εῐδη
575 1657 594 1719 (
608 1656 770 1720 ἐχίου)
786 1693 801 1716 ,
838 1663 1055 1723 μαρτυρεῖ
1075 1661 1155 1708 καὶ
1176 1661 1433 1722 Νουμήνιος
1462 1661 1509 1709 ἐν
1534 1663 1630 1718 Θη-

68 1731 241 1788 ριακοῖς
254 1761 273 1786 ,
298 1725 385 1774 καί
404 1743 517 1788 φησι
535 1728 591 1776 τὸ
608 1727 759 1792 ἕτερον
780 1730 986 1792 ὠφελεῖν.

69 1813 171 1870 (ιιι.
196 1817 309 1861 637.
340 1815 357 1873 )

326 2107 919 2174 ΠΑΓΚΡΑΤΟΥΣ
977 2110 1394 2177 ΑΡΚΑΔΟΣ

610 2299 662 2356 T
665 2301 711 2355 A
758 2297 1111 2357 ΛΕΙΨΑΝΑ

238 2471 355 2528 ΕΚ
387 2469 562 2529 ΤΩΝ
604 2471 1118 2531 ΘΑΛΑΣΣΙΩΝ
1161 2475 1465 2542 ΕΡΓΩΝ.

178 2868 279 2943 Οἷς
309 2875 413 2949 ἤδη
435 2876 621 2957 κίχλην
648 2877 889 2952 οἰνώδεα,
914 2877 1008 2949 τὴν
1040 2882 1309 2957 καλαμῆες

170 2969 386 3045 Σαῦρον
408 2966 746 3037 κικλήσκουσι
767 2968 855 3025 καὶ
875 2968 1077 3038 αἰολίην
1093 3012 1108 3040 ,
1135 2968 1378 3049 ὀρφίσκον

180 3053 449 3113 Πιότατον
472 3056 693 3135 κεφαλῇ.

74 3156 375 3216 (Athenaeus
395 3160 491 3207 vll
505 3194 519 3220 ,
540 3170 588 3221 p.
610 3164 700 3209 305
725 3160 793 3221 c.)

811 3265 868 3323 11

633 3356 833 3416 σάλπαι
860 3360 907 3416 τ’
937 3357 1212 3436 ἰσομήκεες
1235 3360 1408 3437 ἰχθῦς,

174 3442 268 3510 ‘Ac
292 3465 356 3501 τι
386 3443 511 3523 βόας
532 3449 757 3523 πορκῆες
784 3445 993 3515 ἁλίζωοι
1016 3444 1312 3522 καλέουσιν,

169 3530 387 3591 Οὕνεκα
412 3530 627 3611 γαστέρι
646 3538 804 3611 φῦκος
829 3533 909 3590 ἀεὶ
940 3532 1175 3591 ἀλέουσιν
1203 3534 1429 3591 ὀδοῦσιν.

71 3636 269 3698 (τωρ.
299 3637 485 3698 ³211.)

794 3728 905 3788 ili.

169 3820 455 3898 Πομπίλος
480 3820 538 3879 ὃν
564 3822 841 3881 καλέουσιν
871 3822 1111 3881 ἁλίπλοοι
1138 3822 1275 3903 ἱερὸν
1298 3822 1468 3917 ἰχθύν.

68 3926 196 3987 (1b.,
222 3940 275 3989 p.
300 3930 393 3976 283
411 3925 493 3987 a.)

800 4007 901 4065 iv.

124 4106 366 4163 Διηγεῖται
390 4100 447 4161 (ὁ
468 4099 775 4164 Παγκράτης)
796 4105 858 4157 ὡς
878 4102 933 4150 οὐ
952 4101 1091 4163 μόνον
1111 4107 1177 4164 τῷ
1196 4102 1451 4151 Ποσειδῶνι
1472 4104 1497 4151 ὁ
1511 4119 1627 4166 πομ·

69 4172 319 4228 πίλοςέστί
344 4172 420 4220 διὰ
446 4178 579 4232 τιμῆς
593 4208 608 4230 ,
633 4172 733 4220 ἀλλ’
754 4172 824 4220 ὃτι
850 4175 928 4221 καὶ
949 4178 1044 4228 τοῖς
1061 4174 1143 4231 τὴν
1168 4172 1472 4235 Σαμοθρᾴκην
1493 4174 1624 4222 κατέ·

68 4260 199 4305 zeum
220 4245 360 4296 θεοῖς·
382 4242 515 4290 ἁλιέα
538 4246 649 4303 γοῦν
669 4260 771 4291 τινα
792 4244 1053 4305 πρεσᾶύτην
1071 4248 1139 4305 τῷ
1170 4243 1293 4305 ἰχθῦῐ
1316 4244 1469 4304 τούτῳ
1490 4243 1628 4291 κόλα-

64 4330 137 4359 σιν
158 4316 411 4375 ὑποσχεῖν,
451 4313 515 4361 ἔτι
546 4318 630 4360 τοῦ
662 4320 837 4375 χρυσοῦ
860 4315 1020 4375 γένους
1038 4314 1143 4362 κατ’
1178 4312 1445 4375 ἀνθρώπους
1466 4314 1594 4369 ὄντος
1611 4326 1623 4338 ·

64 4382 211 4442 ὄνομα
228 4382 272 4430 δ’
294 4382 353 4439 ἦν
382 4382 512 4440 αὐτῷ
530 4382 769 4438 Ἐπωπεὺς
784 4418 799 4441 ,
812 4385 892 4431 καὶ
913 4386 958 4439 ἐξ
983 4382 1163 4445 Ἰκάρου
1182 4382 1239 4442 ἦν
1260 4388 1340 4441 τῆς
1362 4384 1523 4441 νήσου’
1545 4386 1625 4431 καὶ

64 4458 225 4501 τοῦτον
244 4451 333 4500 οὗν
352 4453 452 4515 ἅμα
470 4458 540 4515 τῷ
556 4456 645 4515 υἱῷ
662 4454 903 4503 ἁλιεύοντα
920 4456 1000 4503 καὶ
1020 4454 1108 4503 οὐκ
1130 4454 1452 4515 εὐτυχήσαντα
1474 4455 1623 4503 ἄλλων

62 4524 233 4583 ἰχθύων
270 4524 322 4571 ἐν
348 4529 407 4585 τῇ
430 4524 551 4587 ἄγρα
569 4524 599 4581 ἢ
631 4524 877 4586 πομπίλων
917 4525 1004 4573 οὐκ
1025 4525 1317 4587 ἀποσχέσθαι
1340 4530 1420 4581 τῆς
1447 4524 1623 4572 τούτων

61 4590 229 4650 ἐδωδῆς
243 4628 259 4653 ,
282 4594 402 4640 ἀλλὰ
429 4593 602 4650 πάντας
627 4594 743 4655 μετὰ
759 4598 841 4643 τοῦ
864 4597 970 4642 υἱοῦ
998 4595 1397 4654 καταθοινηθῆναι,
1420 4595 1499 4642 καὶ
1524 4594 1624 4656 μετ’

62 4662 113 4709 οὐ
136 4664 259 4710 πολὺ
290 4662 423 4717 δίκας
442 4664 623 4711 ἐκτῖσαι
644 4668 725 4721 τῆς
744 4663 1015 4719 δυσσεὸείας
1032 4675 1045 4688 ·
1078 4668 1217 4721 κῆτος
1244 4664 1332 4725 γὰρ
1351 4664 1539 4713 ἐπελθὸν
1564 4669 1622 4726 τῇ

60 4736 131 4787 νηὶ
164 4736 247 4781 τὸν
282 4733 511 4781 Ἐπωπέα
544 4734 592 4781 ἐν
612 4734 714 4795 ὄψει
732 4738 815 4782 τοῦ
838 4734 999 4789 παιδὸς
1023 4739 1282 4783 καταπιεῖν.
1308 4734 1503 4795 Ἱστορεῖ
1528 4734 1567 4781 δ’
1597 4736 1623 4782 ὁ

64 4802 343 4863 Παγκράτης
358 4838 374 4862 ,
396 4804 459 4858 ὡς
472 4804 551 4849 καὶ
571 4804 787 4864 πολέμιός
810 4805 935 4852 ἐστιν
954 4805 981 4852 ὁ
998 4803 1229 4867 πομπίλος
1243 4807 1312 4866 τῷ
1332 4804 1499 4864 δελφῖνι
1512 4838 1527 4862 ,
1542 4804 1621 4852 καὶ

60 4870 127 4917 ὁτι
148 4872 254 4919 οὐδ’
274 4871 415 4925 οὗτος
432 4870 718 4934 ἀτιμώρητος
733 4870 940 4933 ἐκφεύγει
954 4909 969 4933 ,
984 4873 1223 4934 πομπίλου
1243 4874 1419 4935 φαγών·
1442 4872 1622 4935 ἀχρεῖος

62 4946 166 4999 γοῦν
185 4942 368 5001 γίνεται
386 4942 465 4988 καὶ
489 4940 749 5003 σφαδάζων,
770 4943 952 4991 ἐπειδὰν
972 4942 1095 5004 φάγῃ
1107 4977 1120 5000 ,
1141 4942 1221 4990 καὶ
1241 4942 1315 4990 ἐπὶ
1336 4942 1441 4997 τοὺς
1466 4943 1619 5002 αἰγια-

66 5012 159 5065 λοὺς
178 5012 483 5073 ἐκκυμανθεὶς
504 5013 619 5071 βορὰ
634 5012 805 5068 γίνεται
830 5013 1028 5068 αἰθυίαις
1046 5028 1097 5060 τε
1114 5014 1194 5059 καὶ
1214 5011 1387 5073 λάροις,
1405 5011 1549 5060 ἐνίοτε
1571 5012 1619 5060 δὲ

62 5082 135 5126 καὶ
172 5083 271 5129 ὑπὸ
308 5088 405 5129 τῶν
438 5086 538 5135 ταῖς
572 5082 775 5138 κητείαις
810 5081 1183 5143 παρεδρευόντων
1212 5082 1389 5144 ἀνδρῶν
1416 5096 1619 5143 παρανο·

62 5164 228 5207 μειται.

66 5236 211 5290 (ibid.
230 5238 249 5297 )

2243 582 2290 641 E
2331 583 2774 644 THERIACIS.

2417 716 2574 774 XXI.

2028 887 2036 892 ι
2340 811 2672 875 Subpaliidum
2696 813 2891 876 quidem
2915 813 3052 862 uicus

1724 894 2002 946 circumdat
2015 901 2064 947 et
2082 899 2310 962 pleraque
2329 913 2438 966 pars
2455 900 2630 951 ulceris
2643 915 2704 951 ex
2723 914 2781 952 eo
2798 901 2902 964 ipso
2921 902 3028 952 ioco
3047 904 3280 966 exsurgit.

2411 1118 2598 1179 XXII.

2221 1212 2275 1259 in
2297 1208 2496 1261 floribus
2511 1210 2708 1275 quidem
2731 1213 3025 1277 conspicitur
3045 1217 3200 1265 sanies

1723 1295 2037 1344 'tenebricosa
2051 1334 2064 1357 ‚
2085 1297 2204 1345 alias
2223 1310 2390 1348 rursus
2407 1298 2607 1362 piumbo
2627 1300 2797 1350 similis
2813 1303 2994 1365 species

1727 1383 1949 1446 Undique
1965 1397 2076 1434 eum
2095 1385 2302 1436 illustrat
2318 1399 2582 1451 purpuram
2599 1389 2848 1442 simulans.

2397 1577 2612 1638 xxm.

1790 1679 1918 1726 Duas
1957 1680 2124 1728 extare
2159 1679 2284 1728 echii
2317 1680 2499 1742 species
2519 1673 2735 1731 ⁴testatur
2765 1682 2910 1732 etiam
2937 1685 3202 1735 Numenius
3232 1687 3284 1736 in

1724 1765 1966 1814 Theriaeis
1978 1767 2274 1830 alteramque
2287 1766 2458 1829 juvare
2469 1769 2554 1818 ait.

2032 2117 2448 2184 PANCRAT
2451 2118 2530 2183 IS
2587 2119 2980 2187 ARCADIS

2140 2305 2352 2405 ‘Quas
2386 2305 2834 2367 suffusum·

1935 2481 2044 2539 EX
2088 2478 2525 2543 OPERIBUS
2567 2485 3072 2548 MARITIMIS.

2477 2806 2524 2865 l.

1724 2896 1913 2956 Quibus
1927 2897 2026 2961 jam
2044 2897 2240 2947 turdum
2267 2898 2508 2953 vinosum,
2529 2911 2676 2961 quem
2700 2898 2958 2961 piscatores

1724 2990 1978 3036 Lacertum
1997 2989 2171 3035 vocant
2197 2989 2247 3035 et
2265 2986 2560 3049 variegatam
2574 3022 2590 3048 ,
2611 2987 2891 3050 orphisoum

1723 3074 1892 3137 Capite
1919 3074 2295 3136 pinguissimum.

2339 3381 2398 3429 Et
2415 3288 2562 3442 salilliae
2585 3380 2735 3443 pisces
2751 3380 2852 3443 pari
2873 3379 3216 3442 magnitudine,

1722 3470 1855 3525 Quas
1874 3466 2020 3516 boves
2043 3470 2219 3517 vocant
2234 3468 2492 3530 piscatores
2509 3482 2536 3518 e
2559 3468 2679 3517 mari
2699 3461 2912 3518 viventes

1723 3555 1863 3615 Quod
1890 3556 2044 3618 algam
2067 3550 2220 3606 v'entri
2243 3569 2430 3619 semper
2454 3558 2644 3606 molunt
2669 3556 2905 3606 dentibus.

2445 3740 2551 3798 111.

1722 3834 1966 3897 Pompilus
1983 3846 2128 3895 quem
2149 3846 2340 3882 sacrum
2361 3833 2540 3895 piscem
2568 3834 2742 3882 vocant
2760 3845 2894 3881 mare
2913 3833 3217 3895 navigantes.

2447 4030 2549 4088 lv.

1778 4125 1952 4175 Narrat
1973 4122 2294 4183 (Pauci-ates)
2313 4134 2408 4170 non
2427 4120 2574 4171 modo
2591 4121 2721 4185 apud
2739 4124 3018 4185 Neptunum
3033 4122 3082 4171 in
3101 4122 3282 4171 honore

1716 4214 1817 4250 esse
1835 4200 2102 4263 pompiium
2122 4236 2136 4256 ,
2164 4199 2246 4247 sed
2281 4200 2427 4248 etiam
2448 4198 2576 4262 apud
2603 4199 2718 4249 deos
2748 4200 3130 4251 Samothraciam
3151 4200 3282 4271 ineo·

1716 4282 1896 4343 lentoe3
1916 4280 2082 4342 itaque
2103 4272 2386 4341 piscatorem
2405 4279 2664 4341 quemdam
2687 4279 2798 4327 huic
2829 4279 2946 4342 pisci
2967 4292 3168 4343 poenam
3188 4278 3276 4327 de-

1718 4354 1872 4418 disse,
1901 4370 2015 4405 cum
2039 4370 2241 4405 aureum
2278 4356 2441 4405 adhuc
2465 4357 2680 4405 seculum
2718 4356 2844 4406 inter
2877 4356 3093 4405 homines
3128 4359 3278 4417 esset;

1714 4450 1891 4487 nomen
1913 4436 1959 4485 ei
1991 4442 2094 4485 erat
2114 4440 2333 4498 Epopeo,
2353 4448 2414 4483 ex
2435 4438 2570 4484 Icaro
2593 4435 2748 4485 insuia
2779 4434 3012 4495 oriundo;
3033 4435 3166 4484 hunc
3193 4436 3280 4497 igi·

1714 4519 1795 4565 tur
1828 4527 1924 4563 una
1956 4526 2066 4562 cum
2099 4513 2199 4561 fliio
2225 4512 2522 4574 piscantem,
2561 4512 2865 4573 infaustaque
2895 4515 3096 4575 captura
3131 4512 3279 4561 nuliis

1712 4595 1817 4645 aliis
1834 4593 2044 4657 piscibus
2064 4592 2156 4642 nisi
2174 4592 2395 4655 pompiiis
2413 4593 2618 4655 potitum
2639 4592 2702 4641 ab
2720 4591 2894 4641 horum
2917 4604 2999 4641 esu
3020 4604 3118 4640 non
3135 4591 3276 4641 absti-

1714 4673 1902 4734 nuisse,
1936 4670 2021 4721 sed
2052 4683 2220 4719 omnes
2239 4682 2352 4719 cum
2383 4668 2483 4718 iiiio
2501 4668 2792 4727 comedisse,
2826 4670 2972 4730 atque
2995 4681 3092 4717 non
3125 4668 3278 4717 multo

1713 4753 1821 4813 post
1838 4761 2001 4812 poenas
2018 4747 2203 4798 dedisse
2214 4746 2500 4809 impietatis:
2517 4748 2678 4795 cetum
2696 4746 2824 4796 enim
2842 4746 3022 4808 impetu
3048 4746 3098 4795 in
3116 4746 3277 4795 navim

1712 4830 1866 4891 isicio,
1891 4832 2137 4891 Epopeum
2164 4827 2214 4875 in
2237 4828 2496 4889 conspectu
2530 4825 2614 4875 iiiii
2637 4824 2907 4874 devorasse.
2934 4825 3107 4874 Narrat
3128 4823 3274 4873 etiam

1714 4909 1983 4964 Pauci-ates,
2004 4905 2227 4967 delphino
2242 4916 2437 4967 quoque
2455 4904 2681 4953 iniestum
2700 4915 2802 4953 esse
2821 4902 3104 4965 pompiium‚
3121 4914 3278 4964 neque

1711 4986 1847 5034 ilium
1871 4984 2066 5047 impune
2096 4983 2257 5043 abire,
2293 4982 2332 5031 si
2367 4981 2636 5045 pompiium
2678 4980 2966 5042 comederit3
2991 4980 3120 5029 iners
3147 4980 3277 5030 enim

1711 5065 1765 5114 iit
1787 5065 1837 5113 et
1860 5066 2071 5113 tremens
2091 5064 2238 5124 atque
2265 5074 2296 5109 a
2327 5060 2552 5109 fluetibus
2573 5060 2622 5109 in
2645 5059 2783 5111 littus
2831 5058 3011 5121 ejectus
3033 5058 3206 5121 mergis
3225 5062 3277 5109 et

1708 5141 1855 5204 gaviis
1887 5141 1996 5190 cibo
2027 5140 2257 5202 inservit3
2287 5138 2532 5189 interdum
2564 5138 2710 5187 etiam
2728 5136 2891 5186 aviris
2921 5136 3006 5199 qui
3040 5136 3090 5185 in
3126 5136 3272 5185 salsa-

1711 5219 2058 5269 mentariorum
2076 5216 2282 5266 officinis
2308 5215 2536 5265 excubias
2569 5217 2719 5278 agunt
2737 5213 3026 5263 contumelia
3045 5213 3270 5262 afficitur.
