3767 5825
3083 440 3372 518 ,ἓξ
3463 392 3472 399 ·

1256 816 2235 932 ‘PRAEFATIQ

224 1408 603 1467 Manethonis
620 1408 689 1487 ζ’)
710 1406 851 1465 libri
863 1408 965 1483 qui
980 1407 1242 1463 feruntur
1261 1406 1355 1465 bis
1370 1408 1557 1465 adhuc
1577 1409 1719 1467 editi

136 1512 313 1571 sunt,
348 1498 607 1575 primum
635 1516 669 1552 a
702 1500 971 1553 Gronovio
994 1515 1044 1553 a.
1085 1498 1266 1570 1698,
1296 1508 1415 1552 tum
1447 1496 1521 1553 ab
1548 1502 1722 1553 Axte'o

134 1604 197 1647 et
227 1590 467 1663 Riglero
498 1605 551 1641 a.
608 1585 778 1641 1832.
822 1583 1212 1661 Doecripserat
1241 1584 1499 1642 codicem
1536 1586 1716 1642 Medi-

134 1696 321 1735 oeum
365 1672 488 1731 Jac.
528 1671 887 1736 Gronovius,
929 1692 1109 1748 quum
1157 1692 1209 1728 a.
1254 1674 1401 1745 1674
1443 1674 1505 1730 in
1552 1672 1721 1730 Italia

133 1764 647 1845 peregrinaretur.
699 1760 811 1817 Sed
846 1779 1039 1837 operae
1067 1761 1317 1837 pretium
1339 1774 1459 1833 est,
1494 1783 1621 1839 quae
1650 1762 1721 1819 de

132 1875 212 1911 eo
242 1852 456 1909 codice
476 1849 707 1923 retulit,
724 1848 871 1925 ipsis
900 1846 1030 1924 ejus
1059 1847 1260 1906 verbis
1288 1870 1360 1906 ex
1380 1852 1721 1925 praefatione

134 1939 445 2017 excerptis
481 1937 720 1994 referre.
756 1936 913 1994 Dicit
933 1948 1125 1993 autem
1155 1956 1170 1995 τ
1199 1970 1277 1981 --
1308 1964 1332 1989 «
1365 1938 1457 1995 Me
1482 1940 1716 2015 quidem

139 2059 165 2082 ιι
205 2030 295 2087 ad
314 2048 447 2086 eum
471 2024 885 2103 perlegendum
912 2026 975 2083 in
1002 2024 1395 2083 Laurentiano
1410 2028 1522 2085 isto
1543 2028 1720 2086 Musae

140 2146 163 2171 ιι
198 2118 489 2176 Mediceae
498 2134 723 2173 recessu
736 2114 1140 2173 stimulaverat
1148 2128 1285 2173 nota
1295 2116 1715 2187 memorabilis,

140 2238 165 2260 ιι
200 2226 392 2286 quam
416 2204 603 2262 Lucas
628 2202 963 2262 Holstenius
998 2203 1258 2279 catalogo
1289 2205 1674 2282 adscripscrat
1702 2230 1713 2263 :

140 2326 165 2351 ιι
194 2299 479 2355 Scammo
511 2294 583 2350 23
609 2294 763 2351 inter
788 2292 1224 2351 Mathematicus
1250 2293 1485 2352 Graecos
1512 2310 1720 2372 praeter

142 2416 167 2439 ιι
205 2387 337 2444 duo
366 2382 768 2459 antiquissima
794 2383 1152 2458 exemplaria
1190 2382 1449 2441 Euclidis
1479 2396 1535 2441 et
1576 2385 1715 2463 Hip-

142 2505 167 2528 «
196 2472 493 2555 parchum
508 2472 571 2529 in
590 2471 753 2527 Arati
772 2482 829 2527 et
848 2469 1078 2528 Eudoxi
1098 2471 1472 2548 phaenomena
1492 2492 1525 2529 a
1544 2472 1716 2531 Petro

142 2595 167 2619 ι
196 2564 474 2622 Victorio
497 2559 856 2639 publicatum
882 2561 1137 2617 notanda
1160 2574 1295 2618 sunt
1318 2560 1461 2617 Cod.
1494 2583 1563 2633 27
1597 2562 1715 2620 Ma-

142 2684 165 2707 ‹-
200 2652 486 2713 nethonis
523 2660 707 2726 poetae
728 2648 1211 2724 Apotelesmatica
1238 2648 1345 2707 lib.
1383 2650 1417 2704 6
1462 2652 1719 2710 carmine

142 2774 169 2797 ιι
194 2743 452 2802 heroico
482 2738 703 2815 scripta
740 2736 812 2794 ad
856 2738 1053 2795 nescio
1091 2756 1262 2813 quem
1304 2738 1714 2815 Ptolemaeum,

144 2864 169 2888 ιι
204 2832 447 2909 [Egypti
472 2832 710 2902 regem,
743 2826 859 2883 nisi
888 2838 1088 2883 auctor
1125 2828 1525 2903 antiquitatem
1566 2849 1719 2887 men·

142 2951 169 2976 a
200 2925 415 2995 fiatur,
452 2917 610 2994 quod
642 2935 715 2974 ex
743 2917 894 2992 stylo
915 2929 973 2972 et
996 2917 1254 2974 numeris
1281 2917 1571 2994 conjicere
1600 2939 1715 2976 non

143 3039 177 3069 ιι
202 3013 329 3072 levi
342 3006 679 3085 suspicione
694 3003 835 3062 mihi
846 3004 1069 3062 videor.
1085 3004 1465 3063 Praemittitur
1478 3007 1714 3064 Maximi

142 3127 178 3160 α
199 3099 437 3163 ibidem
465 3107 649 3173 poetae
680 3093 854 3170 graeci
882 3092 1033 3151 liber
1062 3095 1233 3150 initio
1262 3096 1520 3154 mutilus,
1554 3095 1717 3154 Hunc

145 3221 173 3249 ι
208 3189 479 3250 codicem
526 3183 763 3241 unicum
794 3201 1095 3260 superesse
1122 3183 1393 3240 existimo
1416 3228 1431 3254 ,
1482 3185 1640 3260 quod
1686 3207 1719 3242 a

144 3311 171 3336 ιι
206 3277 455 3339 nemine
476 3291 677 3330 eorum
720 3283 1239 3340 commemoretur,
1270 3271 1372 3344 qui
1416 3284 1713 3328 auctorum

144 3399 169 3423 ιι
207 3367 446 3428 indices
477 3361 851 3437 inscripsere.
888 3359 1198 3436 Exemplar
1228 3359 1454 3415 minuto
1484 3372 1539 3415 et
1564 3359 1715 3416 diffi-

142 3487 169 3510 ιι
204 3457 311 3516 cili
352 3453 685 3512 charactere
712 3450 995 3526 scriptum
1036 3461 1160 3518 est,
1191 3461 1259 3505 ut
1280 3448 1641 3504 exolescente
1663 3461 1719 3504 et

144 3573 169 3597 ιι
210 3544 479 3619 fugiente
501 3537 580 3596 ob
619 3537 860 3594 nimiam
904 3549 1245 3594 vetustatem
1278 3548 1595 3592 atramento
1618 3538 1719 3592 vix

1818 1437 1841 1461 «
1879 1412 1939 1468 in
1975 1432 2046 1468 eo
2077 1412 2458 1470 describendo
2485 1413 2542 1470 id
2567 1426 2840 1491 expertus
2870 1434 3020 1487 sum,
3047 1430 3113 1475 ut
3136 1436 3242 1475 nec
3263 1418 3377 1477 dif-

1817 1524 1840 1549 «
1878 1500 2050 1557 ficilis
2099 1500 2392 1558 character
2435 1500 2580 1558 mihi
2617 1502 2694 1559 sit
2737 1504 2928 1576 visus,
2968 1517 3170 1582 utpote
3202 1526 3377 1583 quem

1818 1613 1839 1637 ιι
1875 1587 2025 1645 bene
2045 1589 2209 1666 potui
2239 1590 2497 1667 assequi,
2523 1592 2637 1649 nisi
2661 1591 2722 1647 in
2754 1592 2910 1649 notis
2937 1606 2994 1651 et
3019 1594 3224 1668 figuris
3249 1596 3381 1672 qui-

1816 1701 1840 1725 «
1873 1674 2118 1734 busdam
2130 1676 2425 1737 scribendi
2439 1678 2842 1754 quashabebat
2857 1703 2873 1753 ;
2889 1702 2996 1741 nec
3010 1682 3188 1741 ullius
3198 1684 3381 1742 literae

1818 1789 1841 1815 ιι
1876 1766 2210 1823 exolescens
2227 1778 2606 1825 atramentum
2631 1770 3048 1830 occucurrerit.
3075 1804 3154 1815 -
3178 1770 3382 1849 ltaque

1817 1878 1839 1902 ιι
1875 1872 1982 1926 ego
2020 1874 2201 1929 quum
2244 1854 2552 1914 defunctus
2588 1875 2771 1914 essem
2820 1858 3022 1916 labore
3067 1860 3214 1931 isto,
3263 1881 3384 1919 non

1816 1966 1839 1989 α
1871 1940 2159 2012 dubitavi,
2183 1944 2420 2019 ignarus
2439 1964 2612 2021 quem
2633 1965 2830 2003 casum
2848 1966 3058 2025 vesper
3072 1950 3225 2006 ferre
3241 1969 3380 2027 pos-

1815 2054 1839 2077 «
1861 2042 1968 2101 set,
1983 2031 2304 2108 exemplari
2314 2052 2444 2091 meo
2455 2034 2649 2092 statim
2658 2034 2783 2092 haec
2793 2026 3165 2094 subscribere
3180 2058 3194 2092 ι
3213 2037 3380 2097 Hunc

1816 2142 1838 2167 α
1875 2132 2102 2195 poetam
2123 2140 2350 2179 summa
2367 2141 2500 2179 cum
2523 2143 2666 2181 cura
2681 2125 2938 2201 primum
2951 2144 3022 2183 ex
3043 2124 3152 2185 Ms.
3168 2124 3383 2185 biblio-

1814 2231 1837 2255 «
1874 2204 2052 2264 thecae
2099 2207 2372 2268 Mediceae
2418 2230 2595 2269 manu
2632 2232 2760 2271 mea
2807 2214 3119 2291 descripsi,
3162 2214 3376 2275 deinde

1814 2320 1837 2345 ιι
1872 2314 2179 2353 numerum
2209 2316 2485 2356 versuum
2523 2301 2596 2358 ad
2623 2300 2728 2359 Ms.
2753 2302 2919 2377 exegi
2939 2344 2956 2373 ,
2988 2301 3222 2361 demum
3241 2346 3258 2377 ,
3304 2324 3378 2362 ne

1814 2408 1837 2433 <‹
1871 2384 1965 2441 vel
1987 2386 2247 2462 suspicio
2273 2387 2397 2445 ulla
2418 2390 2641 2447 erroris
2664 2409 2964 2448 remanere
2991 2404 3217 2468 posset,
3242 2412 3372 2451 cum

1813 2497 1837 2523 ιι
1875 2471 2005 2549 ipso
2057 2474 2164 2532 Ms.
2216 2474 2530 2551 diligenter
2577 2477 2798 2534 contuli
2856 2478 3058 2535 omnia
3106 2476 3380 2537 distincte

1814 2586 1837 2610 «
1868 2560 2014 2619 mihi
2037 2562 2385 2639 praelegente
2405 2583 2536 2621 meo
2561 2577 2879 2640 anagnosta
2897 2608 2912 2637 ,
2945 2578 3012 2625 ut
3033 2565 3120 2623 sic
3152 2566 3203 2623 si
3233 2567 3380 2643 quid

1796 2678 1837 2702 ·«
1872 2651 2018 2710 mihi
2047 2651 2384 2711 humanitus
2407 2653 2719 2727 acciderit,
2742 2653 2881 2712 huic
2901 2654 3220 2732 exemplari
3261 2676 3380 2714 non

1814 2768 1837 2792 «
1872 2742 2064 2798 minus
2080 2760 2282 2799 secure
2303 2742 2478 2799 inniti
2501 2742 2721 2817 possit,
2745 2742 2795 2800 si
2817 2742 2992 2799 edere
3010 2742 3286 2814 voluerit,
3311 2764 3376 2801 ac

1813 2855 1836 2880 «
1872 2830 1981 2906 ipsi
1995 2828 2329 2907 archetypo.
2344 2828 2590 2887 Videtur
2604 2842 2792 2888 autem
2806 2831 3034 2907 primus
3050 2828 3241 2888 scriba
3259 2832 3385 2889 nul-

1813 2945 1837 2968 «
1869 2920 1982 2975 lam
2008 2931 2347 2975 accentuum
2372 2917 2894 2976 distinctionumve
2931 2931 3030 2977 aut
3055 2919 3373 2996 spirituum

1813 3031 1835 3058 <t
1872 3026 2070 3064 curam
2105 3009 2373 3082 gessisse,
2418 3005 2520 3064 sed
2557 3006 2904 3084 simpliciter
2941 3008 3156 3066 formas
3186 3007 3380 3066 litera·

1813 3121 1837 3146 ιι
1874 3116 2002 3152 rum
2025 3115 2145 3152 uno
2170 3093 2350 3152 ductu
2378 3096 2719 3172 scripsisse3
2751 3108 2949 3173 postea
2989 3115 3023 3152 a
3042 3096 3174 3153 viro
3202 3096 3374 3155 docto

1812 3211 1833 3234 «
1875 3197 1933 3241 et
1955 3202 2130 3240 manu
2151 3183 2472 3241 recentiore
2501 3183 2606 3242 illa
2625 3184 2827 3242 omnia
2860 3185 3075 3260 passim
3108 3196 3380 3242 annotata

1812 3296 1838 3322 «ι
1872 3284 2040 3342 sunt,
2072 3270 2290 3328 relictis
2331 3283 2526 3329 tamen
2552 3271 2851 3330 interdum
2896 3271 3040 3329 locis
3069 3272 3376 3330 obscurio-

1813 3385 1837 3410 «
1873 3357 2072 3430 ribus,
2104 3379 2234 3436 quae
2259 3360 2387 3437 ipse
2426 3360 2602 3437 plane
2640 3361 2724 3418 ita
2765 3379 2896 3417 sum
2924 3359 3207 3418 imitatus.
3241 3359 3380 3418 Erat

1814 3474 1837 3498 ιι
1869 3461 2060 3506 autem
2081 3467 2289 3507 manus
2316 3449 2713 3508 vetustissima
2731 3461 2789 3506 et
2826 3448 3202 3525 pulcerrima.
3236 3474 3262 3502 ι

1887 3537 2226 3595 Gronovius
2270 3557 2497 3596 summa
2529 3537 2644 3596 fide
2671 3537 2933 3596 codicem
2962 3537 3310 3616 descripsit,
3349 3560 3379 3596 a

1808 3645 1927 3700 quo
1951 3626 2002 3683 si
2027 3623 2309 3696 subinde,
2338 3644 2694 3702 quamquam
2729 3644 2863 3682 raro
2879 3667 2896 3696 ,
2921 3625 3219 3696 discessit,
3244 3624 3380 3683 dili·

145 3663 171 3686 ιι
208 3634 332 3709 legi
377 3629 627 3706 amplius
663 3627 865 3703 possit.
904 3651 927 3676 υ
972 3625 1105 3702 lpse
1146 3638 1333 3681 tamen
1380 3625 1716 3682 Gronovius

138 3739 399 3802 prorsus
434 3718 611 3776 aliam
643 3714 743 3772 dat
774 3713 993 3771 codicis
1036 3713 1488 3788 descriptionem
1523 3714 1719 3789 paullo
1808 3727 2008 3786 genter
2035 3714 2098 3771 id
2127 3727 2225 3772 aut
2253 3714 2316 3770 in
2348 3714 2608 3789 margine
2633 3725 2732 3770 aut
2755 3712 2819 3769 in
2851 3712 3007 3770 notis
3051 3713 3375 3773 adnotavit.

138 3825 280 3890 post
305 3831 319 3866 :
363 3833 391 3860 α
422 3805 714 3876 Quantum
735 3822 874 3859 vero
898 3801 970 3858 ad
993 3801 1280 3859 Holstenii
1302 3800 1477 3858 verba
1496 3801 1715 3871 attinet,
1812 3800 1926 3859 Sed
1947 3803 2096 3860 citra
2111 3803 2262 3860 hanc
2281 3801 2604 3876 diligentiae
2631 3801 2860 3858 laudem
2892 3799 3062 3890 labor
3081 3799 3209 3878 ejus
3237 3800 3380 3858 sub·

206 4005 277 4064 (²)
296 3997 641 4051 Manethonem
662 3995 745 4057 qui
768 3995 1001 4056 praecedit
1036 4001 1229 4043 Anu-us
1248 3995 1373 4056 typis
1390 3994 1577 4043 dudum
1598 3995 1865 4056 exscriptus
1903 3998 2005 4044 erat
2041 4009 2152 4042 cnm
2177 3995 2270 4042 boc
2305 3995 2592 4058 praemonito
2613 3995 2693 4043 Fr.
2717 3993 2964 4042 Diibneriz
2998 4013 3022 4038 ιι
3048 3996 3228 4044 Praeter
3260 4007 3378 4057 pau-

142 4100 165 4122 «
188 4091 277 4127 cos
298 4072 545 4133 locos(ut
570 4083 619 4118 v.
648 4075 764 4130 192,
787 4077 903 4131 193,
934 4074 1053 4132 204,
1073 4076 1188 4120 245.
1218 4073 1310 4117 362
1328 4105 1343 4129 ,
1377 4071 1494 4128 413,
1524 4072 1645 4130 534,
1672 4073 1791 4129 575,
1814 4073 1906 4116 693
1925 4102 1940 4126 ,
1961 4067 2088 4127 etc.)
2119 4065 2444 4127 expressimus
2479 4063 2855 4126 recognitionem
2894 4063 3125 4123 Bekkeri,
3155 4065 3240 4126 qui
3273 4077 3373 4112 rem

140 4171 165 4193 ι
189 4149 373 4198 dextre
389 4141 766 4192 administravit.
794 4140 887 4191 Sed
925 4155 1152 4192 veremur
1174 4153 1236 4189 ne
1263 4138 1467 4188 subinde
1484 4139 1613 4187 mala
1632 4138 1727 4187 tide
1754 4135 1974 4186 retulerit
2003 4135 2185 4197 quaein
2205 4133 2489 4184 melioribus
2506 4133 2754 4184 codicibus
2771 4133 3015 4194 leguntur.
3040 4135 3114 4182 Ex
3147 4135 3380 4184 Parisino·

138 4239 163 4262 ιι
188 4231 309 4268 rum
325 4216 459 4266 certe
473 4214 659 4276 optimo
684 4211 829 4260 simul
848 4213 900 4261 et
916 4213 1267 4276 antiquissimo,
1288 4223 1337 4257 n.
1361 4214 1477 4258 2841
1497 4247 1511 4270 ,
1534 4209 1714 4257 scholia
1732 4206 2032 4258 excutientes
2049 4217 2301 4267 perperam
2316 4203 2470 4254 relata
2489 4203 2643 4253 multa
2663 4204 2710 4252 ἐν
2729 4203 2924 4266 παρόδῳ
2939 4203 3376 4266 deprehendimus:

139 4310 165 4333 -ι
194 4290 341 4339 velut
360 4299 414 4334 v.
451 4289 508 4335 13
542 4303 569 4328 α
591 4283 820 4345 γένωνται
840 4285 902 4332 D.
936 4301 984 4343 π»,
1009 4284 1155 4332 habet
1189 4282 1411 4340 φύωνται.
1451 4292 1499 4328 v.
1526 4283 1587 4328 36
1616 4297 1643 4322 α
1662 4280 1708 4329 οἵ
1739 4281 1799 4328 D.
1822 4296 1870 4338 υ,
1901 4274 2044 4325 habet
2081 4274 2181 4324 καί.
2209 4288 2260 4324 v.
2295 4278 2358 4325 49
2397 4294 2422 4318 α
2443 4275 2736 4324 ἀποτείνεται
2758 4276 2818 4323 D.
2848 4293 2894 4331 n,
2921 4273 3066 4324 habet
3083 4275 3376 4325 ἐπιτείνεται.

138 4381 165 4406 ιι
189 4365 361 4412 Versu
380 4364 443 4408 08
465 4355 603 4406 nulla
621 4355 763 4418 plane
779 4354 958 4416 scripta
976 4358 1049 4404 est
1071 4355 1282 4404 varietas
1298 4389 1313 4412 ,
1338 4365 1615 4414 quanquam
1647 4364 1745 4399 non
1771 4349 1924 4411 ἀγχοῦ
1943 4346 2071 4409 quod
2105 4345 2384 4406 exhibetur,
2413 4345 2496 4396 sed
2526 4347 2594 4394 αὖ
2608 4351 2710 4394 τοῦ
2745 4345 2919 4406 iegitur
2935 4347 3038 4394 tam
3067 4345 3118 4394 in
3150 4349 3211 4395 D.
3233 4359 3382 4408 quam

140 4455 163 4476 ιι
188 4436 243 4482 in
284 4436 339 4479 Α.
370 4429 448 4490 (n.
478 4429 601 4476 2403
623 4427 641 4488 )
674 4427 724 4474 et
741 4423 963 4486 plurimis
976 4425 1099 4474 aliis.
1130 4427 1253 4474 item
1278 4436 1326 4470 v.
1360 4427 1418 4471 67
1450 4423 1688 4483 scriptura
1716 4424 1776 4470 D.
1798 4425 1847 4469 et
1866 4419 2188 4481 plurimorum
2215 4418 2302 4468 ἐπ’
2325 4419 2598 4480 ἀμφοτέρων
2633 4431 2734 4466 non
2757 4418 3081 4479 memoratur-3
3104 4430 3154 4467 v.
3181 4421 3243 4467 79
3270 4436 3296 4460 ιι
3315 4419 3378 4468 st-

136 4523 163 4545 ιι
186 4505 356 4551 &cvm
373 4500 437 4547 D.
460 4516 507 4556 ι,
531 4495 680 4544 babet
704 4495 943 4542 τελέθοιεν.
960 4507 1011 4544 v,
1036 4498 1124 4543 113
1152 4513 1177 4536 ιι
1213 4495 1341 4541 λαῶν
1364 4495 1423 4540 D.
1449 4510 1496 4552 ι»,
1520 4489 1666 4538 habet
1692 4488 1888 4538 δικαίων
1905 4525 1920 4550 ,
1937 4491 2030 4538 etc.
2050 4507 2076 4531 ι
2104 4489 2246 4547 Quod
2264 4487 2430 4538 adbuc
2448 4487 2650 4547 licebat,
2674 4500 2702 4537 e
2721 4485 2938 4535 versibus
2967 4494 3056 4546 50,
3085 4490 3180 4536 40⁵
3209 4489 3260 4536 et
3281 4490 3372 4537 707

141 4570 323 4634 expuli
345 4569 439 4617 ista
455 4566 643 4626 ἡυτὸοτὰ
663 4563 744 4628 μέν
772 4566 836 4624 οἱ,
856 4567 905 4613 et
919 4563 993 4628 ἆρ’
1012 4577 1041 4613 e
1057 4577 1201 4613 versu
1224 4568 1334 4623 268,
1354 4560 1607 4610 scribendo
1622 4562 1705 4618 τὴν
1724 4559 1811 4622 γάρ
1826 4560 1869 4607 τ’
1887 4561 1952 4608 ἔτι
1978 4559 2128 4622 (coll.
2148 4563 2256 4620 443,
2273 4559 2394 4622 452)
2419 4561 2470 4608 et
2484 4558 2583 4608 οὔτ’
2604 4557 2662 4621 ἄρ
2684 4570 2744 4605 ex
2769 4561 2879 4606 805.
2900 4560 2962 4607 V.
2983 4561 3077 4607 958
3094 4557 3228 4620 posui
3247 4557 3378 4620 quod

139 4632 414 4708 oportebat
430 4637 573 4702 τείχε’
590 4649 678 4701 pro
698 4637 832 4699 τείχη
847 4670 862 4695 ,
896 4641 1015 4686 1006
1038 4637 1252 4694 οἰήσαιτο
1270 4647 1382 4684 cum
1404 4631 1641 4682 Lobeckio
1666 4631 1727 4679 ad
1748 4630 1924 4692 Phryn.
1954 4642 2004 4692 p.
2028 4634 2121 4681 719
2149 4643 2236 4693 pro
2257 4629 2476 4690 ὠΐσαιτο,
2504 4633 2623 4678 1015
2644 4626 2864 4690 ἑπιτρέχῃ
2903 4640 2989 4689 pro
3006 4629 3172 4690 ὓποτρ.
3203 4629 3374 4689 Neque

134 4715 307 4780 probo
320 4711 555 4761 vossium
574 4710 624 4758 in
642 4721 693 4756 v.
729 4712 875 4758 192-:3
892 4742 908 4768 ‚
928 4707 997 4756 sic
1022 4704 1313 4756 scribendis:
1846 4739 1855 4748 .

338 4834 419 4896 οῑῃ
441 4831 659 4888 δὲκληῖδι
673 4829 809 4892 θύρην
828 4828 1006 4877 ἔντοσθ’
1027 4828 1248 4891 ἀραρυῖαν

336 4903 521 4954 δικλίδα
538 4901 846 4961 πεπληγὸντες
870 4898 1207 4962 ἀνακρούουσιν
1222 4898 1379 4960 ὀχῆες.

138 5038 195 5083 ln
218 5029 532 5082 Bekkerianis
549 5027 802 5076 offendunt
819 5024 931 5086 alia,
964 5027 1099 5074 velut
1123 5038 1169 5072 v.
1201 5032 1283 5072 125
1307 5041 1337 5070 κ
1353 5024 1400 5070 αὶ
1422 5023 1478 5079 δή
1502 5039 1594 5070 που
1616 5022 1829 5083 πόλεμοι,
1851 5026 1932 5072 καὶ
1956 5025 2012 5082 δὴ
2045 5025 2142 5072 καὶ
2173 5021 2340 5085 (quod
2375 5023 2454 5071 vix
2481 5033 2607 5070 unus
2623 5019 2807 5068 alterve
2833 5019 2941 5071 cod.
2964 5024 3180 5083 agnoscit
3197 5025 3216 5088 )
3231 5023 3373 5088 ἀνάρ·

140 5124 250 5155 σιω
266 5106 393 5166 αἷμα
415 5103 560 5152 scrib.
579 5103 659 5150 καὶ
686 5103 743 5158 δή
766 5117 880 5149 που
906 5099 981 5149 ἀν.
1008 5103 1097 5149 457
1116 5099 1217 5148 ἐπεὶ
1237 5099 1449 5152 πάντες
1474 5097 1758 5160 μετανάσται
1805 5096 1964 5158 aptius
1986 5097 2060 5143 est
2076 5094 2280 5149 πάντως.
2303 5097 2390 5142 644
2415 5107 2503 5141 cur
2531 5092 2742 5156 Ἄρτεμιν
2763 5089 2939 5148 αὐτήνὲ
2961 5093 3059 5142 imo
3076 5094 3241 5156 ἁγνήν.
3263 5096 3356 5142 004

142 5178 381 5226 reducam
402 5173 579 5223 ἱππότα
596 5173 735 5236 φηρός
753 5185 865 5220 cum
886 5170 1125 5220 Lobeckio
1144 5169 1349 5231 paralip.
1372 5181 1419 5229 p.
1452 5173 1555 5216 183.
1579 5169 1641 5215 V.
1672 5172 1762 5217 646
1788 5165 1997 5216 scribam
2019 5165 2154 5214 ποτὶ
2185 5166 2350 5228 χθονὸς
2371 5163 2554 5226 ἔσχατα
2568 5161 2748 5224 φεύγειν
2768 5173 2856 5221 pro
2877 5164 2998 5226 περί.
3029 5169 3145 5215 1008
3169 5163 3358 5223 ‹zoi-rino

142 5249 377 5312 ἐρημαῖον
392 5243 643 5308 βοόωντες,
672 5241 786 5292 binc
798 5242 1050 5303 sumptum
1072 5253 1103 5290 a
1128 5240 1311 5298 Quinto
1328 5240 1439 5301 ΧΙΙ,
1455 5243 1564 5288 513.
1586 5237 1681 5288 Sed
1702 5238 1819 5287 alias
1837 5238 2040 5287 fortasse
2063 5235 2204 5298 plura
2225 5234 2288 5285 de
2308 5235 2474 5284 Arato.
