3767 5825
267 478 858 579 ΜΑΞΙΜΟΥ
944 458 1696 586 ΦΙΛΟΣΟΦΟΥ
1800 518 1812 625 1
1922 508 2433 597 MAXIMI
2538 424 3341 600 PHILoSOPHI

499 740 570 817 Π
589 742 754 819 ΕΡΙ
839 744 1473 823 ΚΑΤΑΡΧΩΝ.

797 1159 910 1222 Περὶ
935 1160 1162 1217 ξενιτείας.

302 1394 345 1450 εἰ
375 1390 430 1449 δὲ
457 1390 836 1469 Νεμειήταο
863 1394 1028 1473 μέσην
1055 1394 1198 1455 κατὰ
1219 1398 1406 1478 μοῖραν
1437 1398 1600 1457 ὃδεύοι

301 1479 513 1561 δευτέρῃ
540 1485 614 1541 εῖν
635 1484 753 1560 ἠοῖ,
782 1483 1086 1565 ἄγανωτέρη
1115 1485 1326 1545 ἔσσεται
1348 1477 1523 1563 οἶμος,

213 1589 238 1626 ε
296 1568 535 1651 μαψίδιοι
561 1568 618 1629 δὲ
644 1570 884 1631 πέλοιντο
911 1572 1061 1634 πόνοι
1087 1574 1316 1651 τῆμόσδε
1345 1579 1602 1655 βροτοῖσιν

213 1678 241 1713 ³
295 1656 462 1731 ἤματι
489 1658 636 1717 νυκτί
657 1683 715 1718 τε
743 1660 828 1741 δίῃ
859 1662 1130 1741 ἀπειρέσιοι
1156 1663 1466 1742 τροχάουσιν

213 1766 238 1803 s
295 1744 423 1825 γαίῃ
449 1748 501 1804 ἕν
530 1748 804 1829 ἀλλοδαπῇ
821 1772 835 1787 ·
864 1754 942 1829 τῷ
967 1750 1059 1809 καὶ
1087 1752 1488 1831 πεφυλαγμένος
1513 1752 1652 1829 εἴης,

296 1832 372 1908 μή
400 1856 460 1891 σε
487 1834 620 1913 λα’θῃ
650 1836 838 1916 κούρης
865 1837 1168 1905 Θειαντίδος
1197 1838 1340 1898 ὠκέα
1371 1840 1538 1899 κύκλα

295 1919 486 1998 λοίγιον
515 1925 586 1989 εἷς
609 1922 1092 2003 ἃκμὴν,ἰχνευμένα
1122 1928 1274 2005 θηρὸς
1303 1930 1356 1985 ἐν
1386 1926 1560 2007 αἴγλῃ.

377 2010 422 2067 εἰ
454 2007 509 2068 δὲ
537 2010 735 2091 κόρην
769 2014 964 2091 αὖγῇσι
989 2016 1354 2093 περισκέπτοις
1382 2018 1672 2093 ἐπιλάμποι

300 2095 656 2179 Ἀστραίην,
685 2100 842 2180 δηρὸν
867 2102 964 2177 μὲν
989 2102 1257 2181 ὁμιλήσεις
1285 2104 1400 2183 ξένῃ
1432 2105 1522 2181 αἴῃ
1541 2152 1557 2181 ,

219 2204 268 2242 ιο
296 2184 568 2254 ἅὸλαὸέως
591 2190 637 2247 δ’
663 2178 803 2248 οἶκόν
831 2214 889 2247 τε
917 2191 1096 2271 φίλους
1120 2193 1166 2249 τ’
1195 2192 1429 2273 εἰσόψεαι
1459 2184 1622 2259 αὖτις.

380 2277 426 2333 εἰ
458 2275 516 2333 δέ
540 2275 592 2334 κ’
615 2278 886 2357 ὀπωρινοῒς
912 2278 987 2338 ivi
1012 2279 1254 2357 γλήνεσιν
1288 2282 1563 2358 αὖγᾶζοιτο

296 2362 483 2435 Χηλά
497 2387 602 2438 ων,
635 2364 739 2424 αἵτ’
761 2366 925 2447 ἠελίῳ
955 2368 1227 2427 διτάλαντα
1261 2369 1518 2449 φέρουσιν,

299 2452 346 2509 εἰ
369 2451 467 2529 μὲν
490 2453 578 2511 ἐπὶ
607 2452 793 2533 πρήξει
814 2478 874 2513 τε
906 2456 997 2514 καὶ
1024 2455 1191 2537 ἔργοις
1221 2456 1517 2517 ἷθυδίκοισιν

507 2566 536 2595 st
719 2571 746 2596 'st
934 2571 963 2599 ᾗ
1362 2571 1390 2597 ⁸*

291 2626 409 2688 οὔτε
430 2652 480 2687 τι
502 2630 691 2711 χάρμα
716 2632 859 2713 φέρει
883 2632 1161 2713 περιώσιον
1189 2631 1307 2693 οὔτε
1333 2656 1386 2692 τι
1412 2639 1600 2712 πῆμα·

219 2737 270 2776 ιο
295 2717 342 2775 εἶ
365 2716 422 2775 δέ
447 2719 496 2774 τ’
521 2718 607 2776 ἐπὶ
635 2722 888 2779 σκολιοῑσι
917 2720 1007 2780 καὶ
1030 2723 1124 2780 οὐκ
1153 2721 1387 2801 εὖήρεσιν
1416 2721 1583 2802 ἔργοις

293 2804 514 2880 τῆμόσδ’
540 2807 810 2880 ἐντύνηται
839 2808 956 2869 ὁδὸν
984 2811 1390 2878 πολυπαίπαλος
1419 2812 1580 2893 ἀνήρ,

293 2882 330 2964 ἦ
357 2916 414 2952 τε
437 2895 854 2976 παλιμποίνῃσιν
882 2898 962 2976 ὅγ’
984 2898 1254 2978 ἐγκύρσειε
1278 2898 1503 2980 δίκῃσιν.

373 2981 421 3040 εἰ
447 2980 502 3040 δὲ
530 2982 681 3042 πέλοι
708 2985 925 3057 Τιτηνὶς
953 2989 1006 3044 ἐν
1033 2987 1284 3064 rio-rpeiam
1310 2986 1558 3066 ἠερίοισιν

219 3087 270 3128 ιο
295 3069 623 3148 Σκορπίου
647 3071 920 3153 αἰθερίοιο,
946 3073 1120 3154 φέροιό
1144 3098 1231 3132 κεν
1256 3075 1437 3134 ἐσθλὸν
1460 3076 1634 3156 ὄνειαρ

215 3175 270 3215 24
296 3155 496 3236 εἰδώλῳ
521 3159 596 3217 ἑνὶ
625 3161 754 3239 τῷδε
783 3160 1077 3232 Σεληναίην
1108 3163 1422 3242 ἐσαθρήσας.

214 3265 270 3303 20
295 3247 341 3304 εἷ
364 3245 422 3303 δέ
443 3269 531 3304 κεν
556 3246 807 3320 οἶκείηνδε
833 3249 1062 3307 λιλαίεαι
1088 3239 1206 3308 αὗτι
1228 3248 1468 3327 νέεσθαι,

213 3354 262 3393 21
293 3334 382 3392 καὶ
406 3333 452 3392 δ’
486 3333 548 3392 ἂν
577 3335 857 3418 ἐπίκρυφον
881 3328 1030 3412 οἶμον
1059 3337 1383 3419 ἐπιφραδέως
1409 3339 1635 3414 ἀνέλοιο,

214 3441 270 3479 22
299 3421 525 3502 δεικήλῳ
549 3423 593 3480 δ’
620 3423 694 3482 ἐνὶ
720 3425 854 3504 τῷδε
877 3426 998 3506 <paim
1030 3425 1225 3483 πανδῒα
1256 3425 1463 3498 Σελήνη
1480 3474 1497 3502 ,

214 3530 270 3569 aa
295 3510 572 3588 κερδαλέον
597 3513 647 3570 κ’
678 3510 896 3571 ἀνύσαιο
923 3515 1050 3581 θοῶς
1075 3516 1300 3594 ἐρικυδὲς
1322 3515 1514 3595 ὄνειαρ.

215 3619 270 3657 25
377 3601 422 3657 εἰ
454 3599 510 3658 δέ
532 3623 591 3658 κε
613 3599 1012 3679 Τοξευτῆρος
1039 3603 1264 3682 ἐλαφροῦ
1294 3603 1539 3685 φαίδιμον
1569 3605 1755 3683 ἄστρον

295 3687 509 3760 Τιτηνὶς
537 3690 813 3771 φαιδρῇσιν
845 3691 1114 3771 έπαυγάζῃ
1145 3695 1472 3773 ἀμαρυγαῖς,

295 3785 452 3850 γαῖαν
484 3779 534 3841 ἐς
562 3776 870 3849 ἀλλοδαπὴν
897 3779 943 3836 δ’
964 3779 1155 3846 ἐθέλοις
1179 3779 1411 3856 τῆμόσδε
1443 3780 1675 3858 νέεσθαι,

295 3853 331 3934 ’ή
360 3865 409 3921 τ’
435 3862 496 3922 ἂν
522 3862 598 3921 ἔτι
627 3863 865 3946 προτέρω
890 3866 1105 3947 δολιχὴν
1128 3869 1392 3936 τελέσειας
1415 3867 1648 3947 ἀταρπὸν
1683 3922 1690 3930 ,

296 3949 545 4025 δηθύνων,
574 3951 666 4009 καὶ
697 3953 852 4034 δηρὸν
878 3953 1157 4014 ἀπέσσεαι·
1187 3957 1458 4023 ἀσπασίως
1488 3957 1542 4014 δὲ

217 4059 272 4099 m
301 4040 510 4099 πολλῶν
537 4039 726 4111 ἠελίων
756 4041 950 4110 ἀνύσας
969 4043 1269 4120 περιμήκεα
1297 4043 1464 4102 κύκλα

298 4127 418 4196 σοὺς
445 4127 658 4209 ἑτάρους
685 4129 870 4201 κτῆσίν
897 4153 954 4188 τε
978 4132 1070 4190 καὶ
1095 4133 1290 4210 ἀγλαὸν
1321 4132 1474 4213 ὄψεαι
1495 4124 1656 4192 οἶκον.

303 4218 353 4283 ὶς
380 4215 436 4274 δὲ
463 4215 669 4296 πάτρην
693 4217 942 4290 νόστησον
970 4217 1094 4276 ἰδὼν
1117 4219 1317 4298 ἕρίωπα
1345 4220 1578 4292 Σελήνην

197 4349 206 4359 .
299 4302 586 4385 Τοξευτῆρι
609 4307 825 4364 θέουσαν
853 4308 1012 4379 ὁμοῦ·
1041 4309 1203 4382 τῆμος
1226 4307 1326 4384 γὰρ
1359 4307 1566 4366 ἅπασαν

300 4393 616 4474 εὐφροσύνην
639 4391 765 4462 ἄεις
787 4391 971 4453 ἐσιδὼν
997 4393 1258 4475 πατρώιον
1288 4387 1457 4462 οὗδας.

219 4505 274 4543 aa
383 4483 458 4560 μὴ
485 4483 580 4559 μὲν
607 4483 901 4563 ὁδοιπορίης
928 4483 1222 4560 μιμνήσκεο
1250 4483 1366 4564 φάε’
1393 4485 1620 4564 ἀθρήσας

305 4570 493 4641 Μήνης
518 4573 918 4650 Αἶγοκερῆος
948 4573 1000 4628 ἐν
1034 4570 1286 4649 ἀστράσιν
1317 4572 1583 4649 ἶχνεύοντα
1602 4595 1614 4608 ·

303 4651 337 4732 ἦ
360 4659 461 4739 γάρ
490 4681 573 4718 σοι
600 4659 805 4738 δολιχός
828 4682 884 4716 τε
907 4657 1066 4740 πόρος
1091 4659 1182 4717 καὶ
1210 4657 1459 4738 ἄπρηκτα
1483 4659 1698 4716 κέλευθα

302 4747 564 4822 ἐσσεῖται,
594 4745 684 4804 καὶ
710 4747 755 4804 δ’
789 4745 852 4803 ἄν
875 4770 935 4805 κε
963 4745 1303 4826 κατηφείῃσιν
1329 4745 1491 4824 ἔχοιο.

302 4836 507 4913 πάτρην
532 4835 578 4892 δ’
605 4834 880 4894 εἰσανιόντι
909 4837 1024 4912 μετ’
1058 4837 1371 4914 Αἰγοκερῆος
1403 4837 1558 4892 ἐοῦσα

223 4943 280 4984 ιο
305 4923 558 5004 ὓψίκερως
585 4923 746 4994 Μήνη
776 4919 946 5002 πρηῧν
978 4922 1068 4981 καὶ
1093 4922 1340 4999 ἀπήμονα
1363 4923 1539 4980 νόστον

304 5010 578 5088 σημαίνει·
607 5007 670 5068 σὺ
701 5009 758 5069 δὲ
779 5009 913 5084 ’μήτι
943 5009 1046 5090 νόῳ
1075 5011 1310 5090 νοσφίζεο
1335 5011 1516 5069 τῶνδε.

383 5097 724 5178 ’Υδροχόου
753 5099 800 5156 δ’
831 5096 914 5170 ἠὼ
943 5097 1156 5178 πρώτην
1185 5097 1578 5177 πεφυλαγμένος
1608 5097 1754 5156 ἔσσο·

305 5191 351 5246 εἰ
375 5187 431 5246 δέ
457 5210 516 5245 κε
543 5185 777 5267 δεύτερον
809 5177 958 5264 ἦμαρ
988 5185 1132 5264 ἄγοι,
1159 5186 1352 5262 πρηεῖά
1383 5209 1470 5244 κεν
1505 5187 1583 5256 εἴη

2050 758 2175 825 DE
2222 758 2713 829 ACTIONUM
2758 760 3218 829 AUSPICIIS.

1916 1402 1998 1451 Sin
2020 1406 2235 1454 Nemea·
2258 1405 2467 1455 mediam
2486 1419 2575 1469 per
2591 1409 2775 1469 partem
2794 1407 3087 1470 ingrediatur

1852 1491 2062 1539 secunda
2076 1492 2175 1552 die,
2194 1494 2399 1544 faustius
2418 1493 2509 1543 erit
2527 1496 2635 1555 iter,

1853 1580 1963 1627 vani
1988 1582 2151 1629 autem
2173 1582 2352 1631 ruerint
2370 1582 2559 1633 labores
2573 1585 2693 1634 tuno
2710 1585 2995 1634 mortalibus

1852 1667 2059 1716 interdiu
2081 1672 2131 1718 et
2148 1672 2291 1719 nocte
2304 1669 2467 1720 divina
2484 1672 2718 1723 immensa
2732 1673 3037 1723 currentibus

1853 1757 2049 1805 terrain
2070 1759 2344 1821 peregrina;
2364 1762 2660 1823 quapropter
2680 1762 2825 1810 etiam
2845 1776 3015 1812 caveas
3030 1799 3045 1824 ‚

1859 1858 1919 1893 ne
1936 1848 1987 1893 te
2004 1846 2184 1895 lateant
2207 1848 2382 1910 puellae
2403 1849 2682 1899 'meantidis
2693 1850 2873 1900 celeres
2883 1851 3025 1901 orbes

1851 1933 2173 1995 perniciosum
2194 1934 2243 1984 in
2268 1939 2569 1986 momentum
2593 1937 2865 1999 gradientes
2883 1937 2969 1987 seri
2986 1938 3037 1988 in
3060 1938 3329 2001 splendore.

1915 2021 2000 2070 Sin
2022 2025 2276 2084 vir-qinom
2300 2022 2563 2074 luminibus
2584 2024 2859 2088 conspicuis
2880 2025 3089 2075 illustret

1852 2112 2125 2166 aetrnum,
2148 2110 2231 2159 din
2249 2111 2445 2174 quidem
2468 2113 2611 2172 deges
2631 2114 2946 2175 in·peregrina
2966 2116 3115 2175 terra,

1851 2198 2158 2248 incolumiter
2174 2201 2339 2247 autem
2357 2199 2561 2249 domum
2583 2202 2633 2250 et
2650 2201 2832 2250 amicos
2850 2201 3037 2250 videbis
3056 2215 3235 2251 rursus.

1914 2286 1997 2334 Sin
2020 2286 2411 2337 auctumnaiibus
2426 2287 2477 2337 in
2497 2287 2832 2351 splendoribus
2854 2290 3015 2338 luceat

1856 2374 2141 2425 Chelarum
2150 2410 2168 2436 ,
2192 2388 2305 2437 quoe
2328 2375 2429 2426 Soli
2447 2378 2581 2439 paria
2600 2378 2617 2439 (
2634 2377 2875 2439 pondera)
2892 2379 3085 2439 teuent,

1851 2463 1892 2511 si
1916 2462 2111 2526 quidem
2134 2462 2194 2512 ad
2218 2464 2459 2515 actionfln
2476 2467 2623 2527 atque
2644 2478 2789 2527 opera
2810 2465 3090 2527 baie-iusta

1851 2570 1878 2593 ο
2036 2567 2066 2596 ἡ
2222 2567 2251 2594 t
2408 2568 2438 2597 ἡ
2596 2568 2623 2593 ff
2780 2569 2806 2594 π
2876 2616 2883 2625 ι

1851 2650 2011 2700 neque
2026 2638 2258 2701 gaudium
2279 2639 2373 2689 lert
2390 2637 2577 2701 insigne
2593 2651 2751 2701 neque
2776 2638 2993 2699 malum3

1851 2726 1928 2775 sin
1944 2724 2008 2774 ad
2034 2728 2229 2775 versuta
2251 2727 2400 2789 atque
2419 2739 2516 2775 non
2542 2728 2674 2776 recta
2694 2739 2843 2787 opera

1851 2816 1970 2864 tunc
1996 2815 2226 2877 suscipiat
2242 2815 2338 2864 iter
2351 2815 2729 2865 multum-vafer
2744 2815 2837 2873 vir,

1852 2904 2069 2967 profecto
2086 2903 2624 2968 vindictam-agentibus
2650 2904 2732 2954 bic
2754 2904 2973 2956 incurrat
2994 2906 3205 2970 judiciis.

1915 2994 1998 3042 Sin
2017 2992 2081 3042 sit
2098 2993 2281 3042 Titanis
2299 2993 2349 3042 in
2370 2993 2522 3042 stellis
2543 2994 2685 3042 aeriis

1851 3085 2053 3144 scorpii
2070 3083 2256 3132 aetherii
2274 3118 2290 3143 ‚
2315 3083 2441 3134 feras
2460 3084 2699 3146 egregium
2722 3087 3106 3136 emolumentum

1849 3172 2104 3220 simulacro
2122 3171 2173 3220 in
2192 3171 2284 3220 hoc
2308 3174 2494 3222 Lunam
2518 3171 2801 3234 adspiciens.

1848 3260 1931 3309 Sin
1952 3259 2155 3310 domum
2170 3257 2337 3322 cupias
2358 3273 2523 3309 rursus
2546 3261 2721 3310 reverti
2735 3299 2749 3322 ,

1847 3349 1900 3396 et
1919 3347 2159 3396 secretum
2178 3348 2271 3396 iter
2292 3347 2556 3411 prudenter
2578 3349 2862 3412 susceperis,

1847 3439 1995 3497 atque
2018 3436 2067 3484 in
2084 3436 2220 3496 signo
2240 3435 2331 3484 hoc
2348 3436 2594 3498 splendeat
2614 3436 2778 3487 diviua
2792 3439 2932 3488 Luna
2943 3475 2960 3500 ,

1847 3524 2093 3573 lucrosum
2116 3522 2342 3574 coniicias
2364 3523 2583 3572 celeriter
2610 3528 2841 3585 praestans
2863 3526 3268 3588 emolumentum,

1910 3612 1994 3662 Sin
2010 3613 2175 3660 autem
2200 3614 2479 3673 semitarii
2503 3612 2673 3662 celeris
2692 3613 2999 3676 splendidum
3023 3615 3157 3664 sidus

1847 3699 2030 3750 'l‘itanis
2046 3693 2407 3762 splendentibus
2424 3700 2642 3750 illustret·
2654 3701 2917 3762 miger-ibus
2928 3739 2945 3763 ,

1848 3791 1897 3838 et
1922 3790 1970 3837 in
1987 3792 2169 3838 terram
2193 3789 2488 3850 peregrinam
2511 3788 2633 3836 velis
2653 3790 2772 3837 tunc
2792 3789 2925 3838 abire
2940 3824 2956 3851 ‚

1849 3876 2065 3939 profecto
2084 3876 2229 3926 etiam
2254 3876 2459 3925 ulterius
2476 3875 2667 3938 longam
2688 3875 2905 3939 perficias
2920 3876 3050 3928 viam

1847 3963 2255 4025 tempus-ducens,
2279 3965 2330 4012 et
2352 3963 2435 4010 diu
2458 3963 2641 4024 aberis;
2662 3964 2773 4013 laete
2792 3967 2953 4014 autem

1847 4050 2113 4101 multorum
2137 4051 2293 4099 solum
2311 4051 2516 4112 peractis
2534 4051 2721 4112 magnis
2738 4052 2929 4102 circulis

1847 4142 1960 4187 tuos
1978 4139 2159 4187 amicos
2180 4139 2229 4186 et
2248 4151 2378 4187 rem-
2385 4138 2665 4188 familiarem
2683 4141 2735 4188 et
2752 4141 2931 4189 claram
2950 4141 3183 4204 adspicies
3198 4141 3407 4192 domum

1850 4229 1903 4274 ln
1922 4225 2124 4288 patriam
2143 4228 2307 4274 autem
2327 4225 2427 4275 redi
2452 4225 2621 4275 videns
2642 4226 2936 4289 perlucidam
2959 4232 3145 4279 Lunam

1848 4313 2101 4375 Sagittario
2120 4315 2395 4364 currentem
2416 4312 2591 4377 simul;
2614 4317 2733 4364 tunc
2755 4317 2882 4366 enim
2902 4331 3095 4366 omnem

1848 4401 2065 4452 laetitiam
2082 4402 2280 4452 babebis
2296 4401 2561 4465 adspiciens
2579 4403 2788 4464 patrium
2806 4405 2979 4456 solum.

1909 4493 1981 4541 Ne
2002 4489 2392 4553 peregrinationis
2414 4493 2659 4542 memento
2680 4491 2865 4542 lumina
2886 4493 3151 4556 adspiciens

1846 4582 1996 4629 Lunae
2025 4580 2326 4640 Capricorni
2348 4579 2395 4626 in
2418 4579 2565 4628 stellis
2592 4579 2887 4642 incedentia;

1850 4669 2063 4730 profecto
2084 4666 2211 4716 enim
2233 4664 2519 4716 diuturnum
2542 4666 2634 4716 iter
2649 4669 2700 4717 et
2714 4667 2879 4716 inanes
2901 4668 2995 4717 vioe

1849 4757 1992 4804 erunt
2004 4792 2018 4813 ‚
2038 4757 2187 4815 atque
2206 4754 2351 4803 etiam
2380 4754 2743 4816 aegritudinibus
2759 4756 3021 4818 occuperis.

1853 4843 2060 4892 Patriam
2078 4845 2242 4891 autem
2262 4843 2543 4904 ingredienti
2563 4857 2675 4892 cum
2694 4843 2989 4905 capricorno
3012 4857 3206 4894 versans

1848 4933 2178 4981 alte-cornuta
2202 4935 2337 4980 Luna
2361 4930 2552 4980 dulcem
2572 4935 2623 4981 et
2644 4931 2936 4982 incolumem
2962 4931 3171 4982 reditum

1847 5020 2089 5082 designem
2108 5023 2163 5069 tu
2181 5033 2297 5070 vero
2314 5033 2377 5069 ne
2394 5023 2555 5069 niente
2576 5019 2858 5069 obliviscere
2880 5021 3071 5070 horum.

1910 5111 2133 5171 Aquarii
2153 5112 2317 5156 autem
2344 5107 2549 5170 primam
2568 5119 2792 5156 auroram
2810 5119 3011 5171 cavean

1847 5195 1921 5244 sin
1940 5195 2143 5244 aiterum
2162 5195 2291 5245 diem
2314 5197 2450 5258 agat,
2470 5195 2600 5243 mitis
2617 5193 2763 5243 fuerit
