3767 5825
1284 158 1313 209 ἐ

996 370 1425 434 CARMlNUM
1471 374 1937 436 MEDICORUM
1983 373 2402 449 RELIQUIAE.

187 496 282 559 Εἷς
308 492 407 564 τὴν
433 492 669 574 ἰατρικήν
692 516 747 550 τε
769 491 1176 573 χρησιμώτατον
1192 518 1204 531 ·

196 582 311 641 Καὶ
336 585 445 648 τοῖς
474 586 649 647 ποτοῖς
672 580 773 659 γὰρ
800 580 1095 661 φαρμάκοις
1124 583 1456 663 κεράννυται,

190 667 301 727 Καὶ
330 675 491 726 τοῖσιν
521 669 818 726 ἑλκωθεῖσιν
840 672 1080 749 ὠφέλημ’
1110 669 1239 749 ἔχει,

188 756 287 815 Ἐν
313 758 427 822 ταῖς
455 756 755 822 συνουσίαις
774 780 833 813 τε
858 761 971 822 ταῖς
998 762 1117 815 καθ’
1154 760 1355 839 ἡμέραν

108 867 157 903 ιυ
182 846 313 910 Τοῖς
338 848 434 923 μὲν
462 844 667 925 μέτριον
694 846 900 904 πίνουσι
925 848 1016 904 καὶ
1038 848 1361 927 κεκραμένον

192 933 495 1009 Εὐθυμίαν·
532 933 621 993 ἐὰν
650 934 695 991 δ’
720 933 1039 1013 ὗπερὲάλῃς,
1069 935 1217 1015 ὗὸριν
1236 960 1249 973 ·

184 1021 323 1080 Ἐὰν
348 1025 395 1079 δ’
422 1022 535 1081 ἴσον
558 1022 657 1101 ἴσῳ
686 1022 975 1103 προσφέρῃ,
1002 1023 1195 1099 μανίαν
1222 1033 1387 1083 ποιεῖ·

184 1109 317 1169 Ἐὰν
354 1112 401 1169 δ’
428 1110 680 1191 ἄκρατον,
713 1112 1009 1190 παράλυσιν
1027 1116 1129 1169 τῶν
1167 1113 1446 1188 σωμάτων.

180 1196 283 1255 Διὸ
302 1195 397 1255 καὶ
422 1198 691 1255 καλεῖσθαι
716 1198 803 1256 τὸν
828 1199 1075 1258 Διόνυσον
1098 1206 1372 1279 πανταχοῦ

104 1304 150 1342 ιο
180 1282 417 1364 Ἰατρόν·
442 1292 475 1359 ἡ
505 1284 559 1345 δὲ
588 1286 761 1346 Πυθία

182 1371 389 1452 Εἶρηκέ
422 1396 523 1432 τισι
544 1374 791 1433 Διόνυσον
824 1375 1037 1453 ὑγιάτην
1061 1378 1261 1434 καλεῖν.

76 1486 293 1546 (auxen.
318 1489 389 1549 11,
409 1491 471 1537 ss
488 1500 535 1537 a.
552 1488 699 1539 conr.
724 1490 947 1539 emtam.
968 1503 1017 1552 p.
1045 1494 1183 1553 1624,
1210 1492 1327 1553 ³4.)

354 1710 741 1771 ΣΕΡΒΙΛΙΟΙ
782 1712 1361 1774 ΔΑΜΟΚΡΑΤΟΥΣ

654 1864 735 1909 TA
760 1864 1064 1912 AEIWANA.

414 1986 455 2022 ·’
517 2018 615 2077 ΕΚ
656 2019 810 2078 ΤΟΥ
840 2018 1219 2079 uremur.

175 2190 687 2271 Ὀδοντοτρίμμασιν
712 2190 767 2249 δὲ
789 2188 989 2257 τούτοις
1008 2192 1305 2272 χρώμενος,

174 2276 414 2345 Λευκοὺς
436 2278 679 2360 τηρήσεις
698 2279 817 2346 τοὺς
846 2279 1056 2346 ὀδόντας
1084 2286 1311 2348 κάσινεῑς
1327 2330 1341 2354 ,

167 2366 259 2427 Τὰ
275 2367 528 2447 πλαδαρά
554 2366 601 2422 τ’
625 2358 754 2425 οὖλα
779 2366 932 2451 [καὶ]
957 2371 1292 2437 καταστελεῖς
1315 2370 1429 2446 ἅμα
1447 2416 1462 2447 ,

176 2454 227 2513 Ἀ
236 2464 345 2533 ρεῐς
366 2454 421 2513 δὲ
444 2455 533 2513 καὶ
557 2454 650 2521 τὰς
676 2459 779 2513 τῶν
807 2458 1083 2533 στομάτων
1106 2457 1377 2525 δυσωδίας.

106 2566 131 2603 5
174 2546 361 2604 Ποιῶν
381 2542 443 2601 τὸ
473 2542 567 2619 μὲν
605 2542 775 2624 ἄκρως
800 2543 981 2603 λευκὸν
1012 2544 1147 2603 οὕτω
1178 2548 1458 2607 σκεύασαι·

168 2633 412 2712 Κέρατος
435 2631 675 2711 ἐλαφείου
700 2632 935 2713 τετράκις
954 2634 1277 2711 κεκαυμένου

166 2720 373 2801 Λίτρας
394 2716 514 2802 [τε]
537 2719 823 2800 τέσσαρας,
852 2720 1033 2803 λίτραν
1064 2723 1185 2789 ἁλὸς
1210 2724 1363 2800 μίαν,

174 2808 547 2885 Ἀμμωνιακοῦ
568 2808 723 2889 ξηροῦ
752 2834 811 2867 τε
839 2809 930 2868 καὶ
953 2809 1027 2887 μὴ
1044 2816 1133 2869 τοῦ
1158 2818 1345 2891 πικροῦ
1361 2860 1376 2885 ,

172 2895 413 2976 Χόνδρου
440 2921 497 2956 τε
520 2896 701 2978 λίτραν
730 2898 876 2975 μίαν,
904 2898 1169 2978 μαστίχης
1200 2900 1335 2968 Χίας
1372 2901 1552 2982 λίτραν

98 3006 147 3044 ιυ
180 2985 395 3046 Κόστου
428 2986 607 3065 λίτρας
620 2985 689 3057 ,τὸ
708 2984 881 3066 τρίτον
906 2985 943 3056 ἢ
966 2985 1102 3069 [καὶ]
1133 2990 1289 3047 πλέον
1322 2989 1511 3068 βραχὺ,

168 3074 401 3153 Σχοίνου
420 3075 608 3145 λευκῆς
634 3074 795 3132 ταύτὸ
811 3119 827 3147 ,
852 3074 941 3132 καὶ
964 3078 1149 3134 λευκοῦ
1176 3077 1476 3160 πεπέρῤεως

168 3160 413 3240 Οὗγγίαν
444 3161 594 3238 μίαν,
625 3161 821 3240 φύλλου
860 3162 1163 3242 μαλαὸάθρ’
1194 3165 1408 3242 οὗγγίας
1438 3165 1542 3225 δύο.

164 3251 359 3330 issi-{ac
379 3251 430 3308 ἐν
453 3249 601 3331 ὅλμῳ
619 3251 795 3309 πάντα
823 3251 913 3309 καὶ
937 3251 1104 3324 σήσας
1126 3252 1259 3330 ἅμα,

166 3339 419 3416 Χρῆσθαι
434 3337 711 3411 κελεύσεις,
732 3340 801 3405 ὣς
820 3338 1006 3419 φράσω
1030 3342 1145 3416 μετ’
1167 3343 1223 3398 οὗ
1249 3342 1402 3399 πολύ.

97 3447 145 3484 15
174 3429 243 3486 Εἰ
272 3423 337 3484 δὲ
354 3425 611 3497 ἐθελήσεις
634 3426 763 3484 αὐτὸ
784 3427 1039 3485 σκευάσαι
1064 3427 1189 3486 ποτὲ

170 3514 321 3594 Πρὸς
344 3513 638 3594 φλεγμονὴν
663 3513 827 3573 ούλων
851 3513 941 3572 καὶ
978 3513 1163 3593 ἔχοντα
1192 3517 1471 3598 τραύματα

170 3605 403 3683 Σαρκῶν
441 3601 705 3683 ἐπιφύσεις
732 3603 1121 3680 τετυλωμένας,
1146 3611 1365 3684 σχιστῆς

164 3689 526 3772 Προσέμὸαλε
546 3691 871 3771 στυπτηρίας
894 3691 1074 3773 λίτραν
1102 3692 1248 3769 μίαν.

1562 2952 1576 2980 7

226 3865 401 3910 ΑΛΔΟ
434 3865 893 3912 ΔΔΜΟΚΡΑΤΟΥΣ
930 3868 1455 3919 ΟΔΟΝΤΟΤΡΙΜΜΑ.

162 4032 305 4091 Τόδε
336 4029 447 4114 [δὴ]
477 4031 618 4091 οὕτω
634 4033 835 4111 μᾶλλον
862 4034 1105 4112 γενέσθαι
1125 4038 1409 4116 δυνάμενον

86 4140 135 4176 20
163 4123 305 4178 Μετ’
338 4120 601 4200 εὐχερείας
622 4121 711 4180 καὶ
734 4121 796 4181 τὸ
820 4123 1082 4204 συμφέρον
1113 4127 1246 4184 πολὺ

159 4205 337 4287 Ἔχον
373 4208 508 4284 μετά
535 4232 671 4277 τινος
706 4211 893 4282 ἡδονῆς
918 4214 1021 4269 τῶν
1042 4215 1352 4292 χρωμένων.

160 4295 394 4377 Χλωρὰν
420 4297 507 4355 ἐπὶ
532 4297 665 4357 πολὺ
684 4297 780 4369 τὴν
804 4300 1057 4378 σιδηρῖτιν
1078 4304 1213 4360 πόαν

166 4387 259 4450 Εἰς
282 4385 491 4443 λοπάδα
515 4385 698 4458 καινὴν
719 4385 973 4464 εὐμεγέθη
998 4390 1199 4462 πολλὴν
1228 4392 1423 4470 βαλὼν,

166 4476 366 4552 Κριθῆς
392 4474 695 4553 παράμισγε
717 4473 777 4532 τὸ
801 4473 1009 4554 μέτριον
1025 4484 1119 4551 τῆς
1140 4481 1461 4562 προσφάτου,

83 4579 131 4618 ²5
160 4559 425 4627 Καταθείς
448 4563 499 4619 τ’
519 4560 600 4619 ἐπ’
616 4563 751 4640 αὐτῇ
774 4565 866 4633 τῆς
893 4564 1026 4633 πόας
1044 4569 1305 4642 δεσμίδιον
1322 4616 1337 4644 ,

165 4647 335 4714 Ἅλας
354 4649 649 4730 περίπασσε
667 4696 682 4724 ,
706 4641 819 4708 εἶτα
841 4656 935 4723 τῆς
957 4653 1091 4722 πόας
1112 4657 1298 4730 πάλιν,

164 4727 305 4796 Εἶτα
328 4739 487 4798 πάλιν
521 4739 729 4820 κριθὴν,
762 4727 879 4797 εἶτα
905 4749 1057 4803 τοῦτο
1079 4747 1331 4813 πολλάκις

158 4827 340 4884 Ποιῶν
364 4827 675 4908 ἅποπλήρου
706 4831 762 4890 τὸ
785 4841 890 4890 πᾶν
918 4838 1010 4904 τῆς
1040 4834 1297 4900 λωπάδος.

160 4907 217 4970 Ἀ
226 4917 389 4970 νωθεν
412 4915 456 4971 δ’
476 4916 654 4974 ἱκανὸν
676 4923 771 4990 τῆς
788 4921 921 4986 πόας
946 4921 1103 4987 τιθεὶς
1130 4923 1311 4995 πάλιν,

88 5018 137 5056 ³0
166 5001 257 5065 Εἷς
296 4999 445 5060 ἴπνον
469 5001 659 5082 ἔχοντα
685 5008 973 5086 θερμασίαν
998 5007 1033 5079 ἢ
1053 5009 1286 5091 κλιὸάνῳ

162 5089 355 5145 estvm
380 5089 623 5150 κέλευσον
642 5093 786 5174 νύχθ’
817 5093 944 5166 ὅλην
973 5095 1041 5154 ἵν’
1064 5100 1317 5176 ἐκφρυγῇ,

166 5175 389 5236 Μᾶλλον
410 5179 455 5237 δ’
485 5177 551 5238 ἵν’
582 5185 747 5262 ἐκκαῇ
783 5184 873 5243 καὶ
896 5186 1085 5267 δυνηθῇ
1112 5186 1300 5267 ῥᾳδίως

1740 496 1834 546 Sed
1852 499 1904 561 et
1927 497 1990 547 ad
2009 496 2298 546 medicinam
2313 497 2554 547 maximos
2577 512 2694 548 usus
2713 498 2874 561 habet,

1742 585 1968 635 Miscetur
1988 584 2164 648 quippe
2187 585 2454 647 poculentis
2466 586 2716 647 remediis,

1742 676 1989 735 Opemque
2011 675 2102 723 fert
2118 674 2394 723 vulneribus
2412 674 2850 735 praesentissimam.

1740 762 2046 819 Quotidianis
2071 762 2323 811 hominum
2343 764 2507 813 autem
2531 763 2580 813 in
2600 764 2906 813 convictibus

1740 850 1825 899 His
1842 850 1926 912 qui
1941 850 2063 899 bene
2085 854 2406 913 temperatum
2427 865 2516 899 nec
2533 851 2740 901 nimium
2766 851 2942 901 bibunt

1742 940 1834 987 Dat
1850 937 2168 999 hilaritaten13
2193 939 2396 988 ulterius
2413 940 2716 989 insolentiam
2732 958 2748 1003 ς

1741 1027 1792 1075 Si
1816 1040 1902 1088 par
1919 1040 2060 1089 aquae
2081 1027 2292 1089 bibatur,
2310 1028 2456 1077 etiam
2477 1028 2736 1089 insaniam;

1738 1115 1789 1164 Si
1812 1129 1991 1177 purum
2007 1151 2020 1175 ,
2047 1115 2384 1165 siderationem
2402 1131 2673 1179 corporum.

1738 1204 1909 1253 Merito
1929 1206 2183 1267 propterea
2201 1205 2343 1255 Liber
2358 1206 2530 1255 medici
2555 1206 2748 1256 nomine

1739 1293 1921 1342 Passim
1949 1294 2244 1355 indigitetur,
2267 1298 2413 1357 atque
2425 1294 2630 1345 eundem
2660 1295 2834 1358 Pythia

1735 1383 1766 1430 J
1771 1382 1888 1431 ussit
1907 1383 2069 1431 vocari
2093 1383 2322 1445 sispitem.

2073 1710 2406 1770 52⁴2RV1L11
2448 1710 2955 1771 DAMOCRATls

2338 1870 2446 1917 Qua:
2473 1870 2698 1907 exa-rm.

2303 2040 2344 2095 Ε
2390 2040 2750 2100 PYTfflCO.

1734 2201 1785 2250 Si
1804 2201 2086 2251 dentifriciis
2108 2204 2240 2253 voles
2260 2205 2328 2253 uti
2353 2205 2512 2265 bonizi,

1734 2292 1855 2347 Quae
1876 2290 2104 2341 candidos
2124 2292 2426 2355 custodiant,
2450 2296 2596 2357 atque
2619 2294 2827 2357 integros

1732 2380 1911 2427 Dentes
1936 2382 2221 2428 conservent
2239 2381 2338 2430 oris
2357 2383 2406 2429 et
2427 2381 2802 2443 graveolentiam

1732 2468 1986 2528 Laxasque
2005 2467 2220 2528 gingivas
2246 2467 2416 2517 sedent
2428 2473 2476 2519 et
2499 2470 2846 2531 comprimant,

1729 2554 1904 2603 Album
1924 2553 2016 2603 hoc
2035 2555 2224 2618 parabis
2241 2554 2483 2619 optimum
2499 2557 2570 2607 sic
2591 2559 2907 2620 pharmacum
2928 2571 2943 2600 τ

1730 2642 1869 2691 Cervi
1889 2656 2012 2705 cape
2035 2656 2186 2693 cornu
2204 2645 2273 2693 sic
2289 2648 2462 2707 quater
2477 2646 2578 2694 usti
2597 2660 2746 2707 quam
2773 2647 2956 2709 optime

1730 2733 1956 2787 Quatuor
1979 2732 2138 2793 pondo
2167 2732 2342 2793 libras,
2368 2732 2482 2781 salis
2495 2733 2650 2782 solam
2669 2734 2840 2783 libram
2855 2772 2868 2795 ,

1728 2818 2026 2867 Ammoniaci
2049 2818 2181 2879 sicci,
2205 2832 2294 2867 nec
2317 2820 2469 2869 amari
2488 2819 2858 2881 hinc·ampliuS‚

1728 2904 1974 2968 Alicaeque
1991 2944 2004 2967 ,
2025 2906 2282 2957 masticlies
2297 2907 2432 2958 Chim
2447 2907 2600 2958 solam
2616 2908 2788 2958 libram
2801 2947 2817 2971 ‚
2859 2945 2866 2954 .

1728 2995 1857 3044 Cesti
1886 2995 2208 3057 quadrantem
2227 2999 2312 3044 aut
2332 2997 2584 3058 paululum
2611 2997 2728 3058 quid
2745 2998 2952 3060 amplius
2966 3035 2982 3060 ,

1723 3082 1932 3145 Albique
1952 3083 2084 3143 iunci
2109 3085 2316 3144 tantum,
2338 3086 2388 3134 et
2413 3084 2588 3146 piperis
2609 3085 2802 3134 candidi

1726 3175 1881 3221 Unam
1907 3173 2117 3232 unciam,
2142 3172 2241 3221 solii
2265 3173 2552 3222 malabathri
2572 3174 2738 3224 uncias
2755 3175 2892 3225 duas,

1726 3263 1940 3310 contusa
1955 3298 1969 3322 ,
1993 3261 2200 3310 cribrata
2219 3262 2380 3310 omnia
2409 3262 2515 3310 haec
2535 3262 2764 3311 mortario

1676 3411 1681 3428 Ι
1726 3349 1912 3399 utenda
1933 3350 2168 3412 praebebis
2187 3350 2332 3399 modo
2349 3364 2494 3413 quem
2515 3351 2700 3400 dixero.

1722 3437 1863 3494 Quod
1882 3438 1920 3487 si
1941 3437 2061 3486 velis
2079 3451 2248 3500 parare
2266 3438 2459 3500 quando
2477 3439 2538 3487 ad
2559 3439 2867 3502 phlegmonas
2879 3477 2894 3502 ,

1724 3528 1783 3574 Et
1800 3526 1922 3575 utile
1935 3525 2136 3588 gingivis
2159 3527 2372 3576 cruentis
2386 3563 2401 3590 ,
2427 3527 2604 3576 sauciis

1721 3617 2024 3676 carnemque
2038 3615 2274 3664 callosam
2294 3615 2438 3666 simul
2471 3616 2804 3678 promentibus

1722 3701 1849 3752 Alun
1870 3703 1962 3752 inis
1983 3703 2260 3766 conjungito
2285 3704 2358 3752 liis
2380 3703 2512 3754 scissi
2537 3705 2726 3754 libram.

1935 3885 2128 3926 ALmD
2167 3886 2292 3926 ΒΑΜ
2302 3886 2554 3928 ΟΟΒΑΤΙΒ
2593 3887 2954 3928 DENTIFRICI
2966 3888 3073 3929 UH.

1720 4053 1900 4100 Verum
1920 4054 2071 4114 magis
2105 4054 2314 4114 parabile
2338 4053 2428 4102 hoc
2437 4055 2646 4102 son-tasse
2669 4058 2784 4106 erit.

1720 4141 1781 4188 Et
1806 4141 2078 4202 promptius
2097 4141 2279 4190 sactum
2298 4143 2456 4190 mimis
2481 4155 2573 4189 nec
2599 4143 2912 4190 commodum
2927 4179 2942 4202 ‚

1716 4227 1945 4277 Admixta
1967 4231 2016 4278 et
2037 4229 2130 4277 lioc
2145 4230 2352 4292 quadam
2367 4230 2510 4278 simul
2532 4229 2804 4278 dulcedine.

1716 4316 1924 4365 Multum
1937 4316 2152 4366 sideritin
2172 4317 2376 4366 viridem
2404 4318 2562 4380 capito
2580 4317 2857 4378 herbulam,

1716 4406 1936 4466 Magnam
1951 4405 2000 4453 in
2018 4418 2192 4454 novam
2211 4421 2356 4468 quam
2377 4409 2430 4454 tu
2449 4406 2660 4468 patinam
2685 4419 2800 4455 mox
2827 4405 3025 4456 inditam

1716 4492 1934 4542 Miscebis
1951 4492 2131 4550 hordeo
2151 4495 2328 4542 recenti
2357 4499 2504 4557 atque
2529 4494 2718 4544 modico

1712 4580 1793 4630 Sic
1808 4617 1823 4640 ,
1844 4581 2028 4630 hordeo
2055 4583 2112 4630 ut
2133 4581 2290 4643 posito
2307 4586 2539 4644 sequatur
2567 4583 2788 4633 insciolus

1714 4669 1886 4720 Hei-bae
1899 4707 1914 4731 ,
1928 4671 1997 4720 sal
2021 4670 2132 4719 hinc
2145 4705 2162 4730 ‚
2187 4671 2333 4721 herba
2348 4673 2494 4733 atque
2507 4673 2682 4722 iterum
2699 4687 2814 4722 mox
2837 4674 3091 4734 hordeum,

1712 4759 1950 4821 Fiantque
1973 4759 2156 4808 tamdiu
2179 4759 2386 4808 vicissim
2409 4761 2690 4809 haecomnia
2711 4799 2725 4821 ‚

1712 4849 1877 4896 Donec
1896 4847 2073 4910 patinae
2094 4861 2288 4896 onmem
2305 4849 2514 4910 expleris
2535 4849 2931 4910 amplitudinem,

1714 4936 1777 4983 Ut
1800 4947 1916 4983 mox
1933 4948 2198 4998 supernum
2222 4949 2386 4984 rursus
2407 4936 2557 4986 herba
2581 4937 2757 4986 habeat
2781 4938 2962 4988 locum.

1710 5026 1745 5071 F
1750 5036 1968 5085 urnoque
1981 5037 2095 5072 mox
2111 5025 2296 5074 calente
2319 5029 2406 5074 aut
2428 5025 2616 5074 clibano
2635 5027 2784 5075 inclita

1708 5111 1953 5160 Torrenda
1975 5125 2060 5172 per
2079 5115 2266 5162 noctem
2285 5113 2411 5162 sines
2437 5114 2540 5162 sive
2559 5115 2717 5176 potius

1710 5199 1934 5262 urenda,
1958 5214 2055 5263 quo
2075 5201 2163 5252 teri
2183 5205 2364 5264 queant
2383 5203 2448 5251 ita
2472 5203 2739 5265 promptius

3233 386 3306 441 99
