<?xml version="1.0" encoding="UTF-8"?>
<!DOCTYPE html PUBLIC "-//W3C//DTD XHTML 1.0 Transitional//EN"
    "http://www.w3.org/TR/xhtml1/DTD/xhtml1-transitional.dtd">
<html xmlns="http://www.w3.org/1999/xhtml" xml:lang="en" lang="en">
 <head>
  <title>
</title>
<meta http-equiv="Content-Type" content="text/html;charset=utf-8" />
  <meta name='ocr-system' content='tesseract 3.04.00' />
  <meta name='ocr-capabilities' content='ocr_page ocr_carea ocr_par ocr_line ocrx_word'/>
</head>
<body>
  <div class='ocr_page' id='page_1' title='image "./poetbucolicietd00ameigoog_0460.png"; bbox 0 0 3767 5825; ppageno 0'>
   <div class='ocr_carea' id='block_1_1' title="bbox 448 342 2839 445">
    <p class='ocr_par' dir='ltr' id='par_1_1' title="bbox 448 342 2839 445">
     <span class='ocr_line' id='line_1_1' title="bbox 448 342 2839 445; baseline -0.003 -36"><span class='ocrx_word' id='word_1_1' title='bbox 448 360 556 409; x_wconf 76' lang='lat' dir='ltr'>tw</span> <span class='ocrx_word' id='word_1_2' title='bbox 1256 345 1662 405; x_wconf 82' lang='grc' dir='ltr'><strong>ΣΕΡΒΙΛῙΟΥ</strong></span> <span class='ocrx_word' id='word_1_3' title='bbox 1705 344 2276 445; x_wconf 62' lang='lat' dir='ltr'><strong>nAMoKPATorz</strong></span> <span class='ocrx_word' id='word_1_4' title='bbox 2317 342 2419 402; x_wconf 80' lang='grc' dir='ltr'>ΤΑ</span> <span class='ocrx_word' id='word_1_5' title='bbox 2461 342 2839 402; x_wconf 80' lang='grc' dir='ltr'><strong>ΔΕΙΨΑΝΑ.</strong></span> 
     </span>
    </p>
   </div>
   <div class='ocr_carea' id='block_1_2' title="bbox 440 476 1950 5221">
    <p class='ocr_par' dir='ltr' id='par_1_2' title="bbox 540 476 1699 647">
     <span class='ocr_line' id='line_1_2' title="bbox 540 476 1685 558; baseline -0.005 -17"><span class='ocrx_word' id='word_1_6' title='bbox 540 479 646 541; x_wconf 84' lang='grc' dir='ltr'>Τὸν</span> <span class='ocrx_word' id='word_1_7' title='bbox 670 478 949 557; x_wconf 83' lang='grc' dir='ltr'>λεγόμενόν</span> <span class='ocrx_word' id='word_1_8' title='bbox 972 502 1031 537; x_wconf 85' lang='grc' dir='ltr'>τε</span> <span class='ocrx_word' id='word_1_9' title='bbox 1052 476 1297 558; x_wconf 84' lang='grc' dir='ltr'>θηριακὸν</span> <span class='ocrx_word' id='word_1_10' title='bbox 1324 476 1685 548; x_wconf 78' lang='grc' dir='ltr'>πεπονημένον</span> 
     </span>
     <span class='ocr_line' id='line_1_3' title="bbox 544 564 1699 647; baseline -0.005 -20"><span class='ocrx_word' id='word_1_11' title='bbox 544 567 807 647; x_wconf 83' lang='grc' dir='ltr'>Ἀρτίσκον</span> <span class='ocrx_word' id='word_1_12' title='bbox 834 566 971 626; x_wconf 79' lang='grc' dir='ltr'>οὕτω</span> <span class='ocrx_word' id='word_1_13' title='bbox 998 566 1222 643; x_wconf 87' lang='grc' dir='ltr'>γεγονόθ’</span> <span class='ocrx_word' id='word_1_14' title='bbox 1254 569 1321 631; x_wconf 81' lang='grc' dir='ltr'>ὡς</span> <span class='ocrx_word' id='word_1_15' title='bbox 1349 564 1699 643; x_wconf 78' lang='grc' dir='ltr'>ὑποδείξομεν·</span> 
     </span>
    </p>

    <p class='ocr_par' dir='ltr' id='par_1_3' title="bbox 466 646 1769 821">
     <span class='ocr_line' id='line_1_4' title="bbox 466 646 1769 734; baseline -0.005 -17"><span class='ocrx_word' id='word_1_16' title='bbox 466 678 517 716; x_wconf 69' lang='grc' dir='ltr'>οε</span> <span class='ocrx_word' id='word_1_17' title='bbox 542 653 731 716; x_wconf 80' lang='grc' dir='ltr'>Ἔστιν</span> <span class='ocrx_word' id='word_1_18' title='bbox 758 654 861 734; x_wconf 77' lang='grc' dir='ltr'>γὰρ</span> <span class='ocrx_word' id='word_1_19' title='bbox 880 646 1027 721; x_wconf 70' lang='grc' dir='ltr'>οὗτος</span> <span class='ocrx_word' id='word_1_20' title='bbox 1054 658 1157 711; x_wconf 81' lang='grc' dir='ltr'>τῶν</span> <span class='ocrx_word' id='word_1_21' title='bbox 1182 654 1356 710; x_wconf 87' lang='grc' dir='ltr'>καλῶν</span> <span class='ocrx_word' id='word_1_22' title='bbox 1387 655 1446 710; x_wconf 78' lang='grc' dir='ltr'>ἐκ</span> <span class='ocrx_word' id='word_1_23' title='bbox 1472 653 1769 729; x_wconf 80' lang='grc' dir='ltr'><strong>μιγμάτων.</strong></span> 
     </span>
     <span class='ocr_line' id='line_1_5' title="bbox 547 740 1648 821; baseline -0.004 -20"><span class='ocrx_word' id='word_1_24' title='bbox 547 742 747 802; x_wconf 75' lang='grc' dir='ltr'>Λαὸὼν</span> <span class='ocrx_word' id='word_1_25' title='bbox 777 740 982 821; x_wconf 76' lang='grc' dir='ltr'>ἐχίδνας</span> <span class='ocrx_word' id='word_1_26' title='bbox 1008 740 1099 807; x_wconf 76' lang='grc' dir='ltr'>τὰς</span> <span class='ocrx_word' id='word_1_27' title='bbox 1126 742 1333 811; x_wconf 79' lang='grc' dir='ltr'>ἀληθεῖς</span> <span class='ocrx_word' id='word_1_28' title='bbox 1362 746 1445 799; x_wconf 87' lang='grc' dir='ltr'>τοῦ</span> <span class='ocrx_word' id='word_1_29' title='bbox 1476 740 1648 819; x_wconf 80' lang='grc' dir='ltr'><strong>θέρους</strong></span> 
     </span>
    </p>

    <p class='ocr_par' dir='ltr' id='par_1_4' title="bbox 440 826 1680 912">
     <span class='ocr_line' id='line_1_6' title="bbox 440 826 1680 912; baseline -0.004 -22"><span class='ocrx_word' id='word_1_30' title='bbox 440 832 455 861; x_wconf 80' lang='grc'>’·</span> <span class='ocrx_word' id='word_1_31' title='bbox 548 831 661 899; x_wconf 81' lang='grc' dir='ltr'>Τὰς</span> <span class='ocrx_word' id='word_1_32' title='bbox 690 830 995 912; x_wconf 79' lang='grc' dir='ltr'>ἅρτιθῆρους</span> <span class='ocrx_word' id='word_1_33' title='bbox 1017 826 1108 895; x_wconf 80' lang='grc' dir='ltr'>τὰς</span> <span class='ocrx_word' id='word_1_34' title='bbox 1135 830 1367 906; x_wconf 80' lang='grc' dir='ltr'>μεγάλας</span> <span class='ocrx_word' id='word_1_35' title='bbox 1393 834 1463 895; x_wconf 76' lang='grc' dir='ltr'>ὣς</span> <span class='ocrx_word' id='word_1_36' title='bbox 1486 828 1680 901; x_wconf 81' lang='grc' dir='ltr'>εἴκοσι,</span> 
     </span>
    </p>

    <p class='ocr_par' dir='ltr' id='par_1_5' title="bbox 542 1006 1685 1085">
     <span class='ocr_line' id='line_1_7' title="bbox 542 1006 1685 1085; baseline -0.004 -16"><span class='ocrx_word' id='word_1_37' title='bbox 542 1006 618 1069; x_wconf 86' lang='grc' dir='ltr'><em>Ὃ</em></span> <span class='ocrx_word' id='word_1_38' title='bbox 648 1009 726 1066; x_wconf 82' lang='grc' dir='ltr'>δεῖ</span> <span class='ocrx_word' id='word_1_39' title='bbox 745 1006 1003 1073; x_wconf 79' lang='grc' dir='ltr'>λαὸόντας</span> <span class='ocrx_word' id='word_1_40' title='bbox 1028 1006 1281 1063; x_wconf 88' lang='grc' dir='ltr'>σκευάσαι</span> <span class='ocrx_word' id='word_1_41' title='bbox 1307 1012 1366 1063; x_wconf 88' lang='grc' dir='ltr'>τὸ</span> <span class='ocrx_word' id='word_1_42' title='bbox 1392 1006 1685 1085; x_wconf 87' lang='grc' dir='ltr'>φάρμακον.</span> 
     </span>
    </p>

    <p class='ocr_par' dir='ltr' id='par_1_6' title="bbox 464 1092 1950 1527">
     <span class='ocr_line' id='line_1_8' title="bbox 464 1092 1950 1175; baseline -0.004 -19"><span class='ocrx_word' id='word_1_43' title='bbox 464 1118 519 1157; x_wconf 84' lang='lat'>70</span> <span class='ocrx_word' id='word_1_44' title='bbox 543 1098 667 1155; x_wconf 92' lang='grc' dir='ltr'>Τῶν</span> <span class='ocrx_word' id='word_1_45' title='bbox 696 1094 791 1171; x_wconf 75' lang='grc' dir='ltr'>μὲν</span> <span class='ocrx_word' id='word_1_46' title='bbox 820 1095 1061 1175; x_wconf 75' lang='grc' dir='ltr'>κεφαλῶν</span> <span class='ocrx_word' id='word_1_47' title='bbox 1084 1093 1347 1173; x_wconf 82' lang='grc' dir='ltr'>ἀπόκοψον</span> <span class='ocrx_word' id='word_1_48' title='bbox 1374 1098 1447 1160; x_wconf 83' lang='grc' dir='ltr'>ὡς</span> <span class='ocrx_word' id='word_1_49' title='bbox 1474 1102 1607 1173; x_wconf 84' lang='grc' dir='ltr'>τρεῖς</span> <span class='ocrx_word' id='word_1_50' title='bbox 1636 1092 1918 1159; x_wconf 70' lang='grc' dir='ltr'>δακτύλους</span> <span class='ocrx_word' id='word_1_51' title='bbox 1935 1137 1950 1165; x_wconf 93' lang='grc'>,</span> 
     </span>
     <span class='ocr_line' id='line_1_9' title="bbox 548 1181 1823 1263; baseline -0.002 -21"><span class='ocrx_word' id='word_1_52' title='bbox 548 1186 740 1263; x_wconf 80' lang='grc' dir='ltr'>Μικρῷ</span> <span class='ocrx_word' id='word_1_53' title='bbox 764 1206 819 1240; x_wconf 83' lang='grc' dir='ltr'>τε</span> <span class='ocrx_word' id='word_1_54' title='bbox 846 1181 1052 1247; x_wconf 85' lang='grc' dir='ltr'>πλείους</span> <span class='ocrx_word' id='word_1_55' title='bbox 1070 1186 1175 1240; x_wconf 83' lang='grc' dir='ltr'>τῶν</span> <span class='ocrx_word' id='word_1_56' title='bbox 1204 1183 1310 1240; x_wconf 79' lang='grc' dir='ltr'>ἀπὸ</span> <span class='ocrx_word' id='word_1_57' title='bbox 1340 1186 1433 1253; x_wconf 80' lang='grc' dir='ltr'>τῆς</span> <span class='ocrx_word' id='word_1_58' title='bbox 1454 1184 1609 1263; x_wconf 74' lang='grc' dir='ltr'>οὐρᾶς</span> <span class='ocrx_word' id='word_1_59' title='bbox 1632 1186 1823 1263; x_wconf 86' lang='grc' dir='ltr'>μερῶν·</span> 
     </span>
     <span class='ocr_line' id='line_1_10' title="bbox 550 1260 1780 1350; baseline -0.001 -21"><span class='ocrx_word' id='word_1_60' title='bbox 550 1273 767 1349; x_wconf 86' lang='grc' dir='ltr'>Πρῶτον</span> <span class='ocrx_word' id='word_1_61' title='bbox 800 1269 894 1345; x_wconf 79' lang='grc' dir='ltr'>μὲν</span> <span class='ocrx_word' id='word_1_62' title='bbox 917 1270 1173 1347; x_wconf 74' lang='grc' dir='ltr'>κεφαλὰς,</span> <span class='ocrx_word' id='word_1_63' title='bbox 1206 1260 1318 1327; x_wconf 71' lang='grc' dir='ltr'>εἶτα</span> <span class='ocrx_word' id='word_1_64' title='bbox 1342 1268 1435 1335; x_wconf 78' lang='grc' dir='ltr'>τὰς</span> <span class='ocrx_word' id='word_1_65' title='bbox 1456 1268 1610 1350; x_wconf 74' lang='grc' dir='ltr'>οὐρὰς</span> <span class='ocrx_word' id='word_1_66' title='bbox 1632 1270 1752 1329; x_wconf 88' lang='grc' dir='ltr'>τότε</span> <span class='ocrx_word' id='word_1_67' title='bbox 1766 1292 1780 1305; x_wconf 93' lang='grc'><em>·</em></span> 
     </span>
     <span class='ocr_line' id='line_1_11' title="bbox 548 1356 1883 1436; baseline -0.004 -17"><span class='ocrx_word' id='word_1_68' title='bbox 548 1361 718 1419; x_wconf 86' lang='grc' dir='ltr'>Τοῦτο</span> <span class='ocrx_word' id='word_1_69' title='bbox 742 1358 796 1415; x_wconf 75' lang='grc' dir='ltr'>δὲ</span> <span class='ocrx_word' id='word_1_70' title='bbox 822 1361 988 1417; x_wconf 81' lang='grc' dir='ltr'>ποιεῖν</span> <span class='ocrx_word' id='word_1_71' title='bbox 1017 1358 1093 1414; x_wconf 84' lang='grc' dir='ltr'>δεῖ</span> <span class='ocrx_word' id='word_1_72' title='bbox 1108 1401 1125 1432; x_wconf 84' lang='grc'>,</span> <span class='ocrx_word' id='word_1_73' title='bbox 1148 1356 1462 1436; x_wconf 80' lang='grc' dir='ltr'>προσφάτων</span> <span class='ocrx_word' id='word_1_74' title='bbox 1492 1361 1672 1426; x_wconf 86' lang='grc' dir='ltr'>ζωσῶν</span> <span class='ocrx_word' id='word_1_75' title='bbox 1704 1357 1751 1416; x_wconf 82' lang='grc' dir='ltr'>τ’</span> <span class='ocrx_word' id='word_1_76' title='bbox 1778 1356 1853 1414; x_wconf 82' lang='grc' dir='ltr'>ἔτι</span> <span class='ocrx_word' id='word_1_77' title='bbox 1870 1379 1883 1393; x_wconf 88' lang='grc'><strong><em>·</em></strong></span> 
     </span>
     <span class='ocr_line' id='line_1_12' title="bbox 548 1436 1647 1527; baseline -0.002 -22"><span class='ocrx_word' id='word_1_78' title='bbox 548 1436 683 1506; x_wconf 73' lang='grc' dir='ltr'>Εἶτα</span> <span class='ocrx_word' id='word_1_79' title='bbox 711 1445 1007 1525; x_wconf 83' lang='grc' dir='ltr'>περιδείρας</span> <span class='ocrx_word' id='word_1_80' title='bbox 1037 1444 1252 1527; x_wconf 73' lang='grc' dir='ltr'>ῥαδίως,</span> <span class='ocrx_word' id='word_1_81' title='bbox 1284 1449 1352 1511; x_wconf 82' lang='grc' dir='ltr'>ὡς</span> <span class='ocrx_word' id='word_1_82' title='bbox 1384 1446 1647 1525; x_wconf 76' lang='grc' dir='ltr'><strong>ἐγχέλεις,</strong></span> 
     </span>
    </p>

    <p class='ocr_par' dir='ltr' id='par_1_7' title="bbox 463 1530 1831 1966">
     <span class='ocr_line' id='line_1_13' title="bbox 463 1530 1831 1606; baseline -0.004 -11"><span class='ocrx_word' id='word_1_83' title='bbox 463 1554 519 1595; x_wconf 66' lang='lat' dir='ltr'>vs</span> <span class='ocrx_word' id='word_1_84' title='bbox 540 1530 814 1594; x_wconf 79' lang='grc' dir='ltr'>Ἕκὸαλλέ</span> <span class='ocrx_word' id='word_1_85' title='bbox 842 1536 892 1591; x_wconf 83' lang='grc' dir='ltr'>τ’</span> <span class='ocrx_word' id='word_1_86' title='bbox 922 1535 1073 1599; x_wconf 76' lang='grc' dir='ltr'>αὐτὸς</span> <span class='ocrx_word' id='word_1_87' title='bbox 1098 1532 1188 1591; x_wconf 78' lang='grc' dir='ltr'>καὶ</span> <span class='ocrx_word' id='word_1_88' title='bbox 1211 1533 1271 1591; x_wconf 77' lang='grc' dir='ltr'>τὸ</span> <span class='ocrx_word' id='word_1_89' title='bbox 1297 1532 1445 1599; x_wconf 88' lang='grc' dir='ltr'>λίπος</span> <span class='ocrx_word' id='word_1_90' title='bbox 1474 1535 1644 1591; x_wconf 86' lang='grc' dir='ltr'>αὐτῶν</span> <span class='ocrx_word' id='word_1_91' title='bbox 1672 1534 1831 1606; x_wconf 85' lang='grc' dir='ltr'>ἅπαν,</span> 
     </span>
     <span class='ocr_line' id='line_1_14' title="bbox 548 1622 1726 1701; baseline -0.004 -19"><span class='ocrx_word' id='word_1_92' title='bbox 548 1622 763 1689; x_wconf 86' lang='grc' dir='ltr'>Πλύνας</span> <span class='ocrx_word' id='word_1_93' title='bbox 785 1645 840 1680; x_wconf 91' lang='grc' dir='ltr'>τε</span> <span class='ocrx_word' id='word_1_94' title='bbox 864 1624 1129 1701; x_wconf 77' lang='grc' dir='ltr'>καθαρῶς,</span> <span class='ocrx_word' id='word_1_95' title='bbox 1154 1624 1226 1687; x_wconf 76' lang='grc' dir='ltr'>εἰς</span> <span class='ocrx_word' id='word_1_96' title='bbox 1246 1622 1491 1679; x_wconf 78' lang='grc' dir='ltr'>λοπάδιον</span> <span class='ocrx_word' id='word_1_97' title='bbox 1517 1622 1726 1693; x_wconf 77' lang='grc' dir='ltr'>ἐντίθει,</span> 
     </span>
     <span class='ocr_line' id='line_1_15' title="bbox 542 1708 1647 1789; baseline -0.003 -19"><span class='ocrx_word' id='word_1_98' title='bbox 542 1711 726 1789; x_wconf 84' lang='grc' dir='ltr'>Ξηροῦ</span> <span class='ocrx_word' id='word_1_99' title='bbox 750 1710 797 1768; x_wconf 86' lang='grc' dir='ltr'>τ’</span> <span class='ocrx_word' id='word_1_100' title='bbox 822 1708 1011 1779; x_wconf 79' lang='grc' dir='ltr'>ἀνήθου</span> <span class='ocrx_word' id='word_1_101' title='bbox 1036 1708 1335 1789; x_wconf 85' lang='grc' dir='ltr'>σύμμετρον</span> <span class='ocrx_word' id='word_1_102' title='bbox 1368 1710 1647 1785; x_wconf 85' lang='grc' dir='ltr'>δεσμίδιον,</span> 
     </span>
     <span class='ocr_line' id='line_1_16' title="bbox 544 1796 1766 1879; baseline 0 -24"><span class='ocrx_word' id='word_1_103' title='bbox 544 1796 776 1863; x_wconf 83' lang='grc' dir='ltr'>Ὕδατος</span> <span class='ocrx_word' id='word_1_104' title='bbox 804 1796 860 1856; x_wconf 79' lang='grc' dir='ltr'>δὲ</span> <span class='ocrx_word' id='word_1_105' title='bbox 888 1801 1110 1877; x_wconf 73' lang='grc' dir='ltr'>τάρκοῦν</span> <span class='ocrx_word' id='word_1_106' title='bbox 1134 1796 1437 1877; x_wconf 83' lang='grc' dir='ltr'>παραχέας,</span> <span class='ocrx_word' id='word_1_107' title='bbox 1466 1798 1577 1879; x_wconf 73' lang='grc' dir='ltr'>ἕψει</span> <span class='ocrx_word' id='word_1_108' title='bbox 1608 1799 1766 1877; x_wconf 81' lang='grc' dir='ltr'>μέχρι</span> 
     </span>
     <span class='ocr_line' id='line_1_17' title="bbox 550 1884 1579 1966; baseline -0.004 -19"><span class='ocrx_word' id='word_1_109' title='bbox 550 1886 617 1947; x_wconf 82' lang='grc' dir='ltr'>Ἦ</span> <span class='ocrx_word' id='word_1_110' title='bbox 645 1884 773 1966; x_wconf 73' lang='grc' dir='ltr'>σὰρξ</span> <span class='ocrx_word' id='word_1_111' title='bbox 798 1888 1003 1965; x_wconf 74' lang='grc' dir='ltr'>ἀποστῇ</span> <span class='ocrx_word' id='word_1_112' title='bbox 1030 1885 1217 1965; x_wconf 75' lang='grc' dir='ltr'>ῥᾳδίως</span> <span class='ocrx_word' id='word_1_113' title='bbox 1240 1889 1341 1943; x_wconf 88' lang='grc' dir='ltr'>τῶν</span> <span class='ocrx_word' id='word_1_114' title='bbox 1366 1886 1579 1943; x_wconf 77' lang='grc' dir='ltr'>ὀστέων·</span> 
     </span>
    </p>

    <p class='ocr_par' dir='ltr' id='par_1_8' title="bbox 468 1972 1859 2408">
     <span class='ocr_line' id='line_1_18' title="bbox 468 1972 1743 2054; baseline -0.004 -18"><span class='ocrx_word' id='word_1_115' title='bbox 468 1996 523 2035; x_wconf 71' lang='grc' dir='ltr'>σο</span> <span class='ocrx_word' id='word_1_116' title='bbox 547 1975 629 2036; x_wconf 83' lang='grc' dir='ltr'>Τὸ</span> <span class='ocrx_word' id='word_1_117' title='bbox 656 1973 905 2034; x_wconf 82' lang='grc' dir='ltr'>λοπάδιον</span> <span class='ocrx_word' id='word_1_118' title='bbox 934 1972 989 2032; x_wconf 85' lang='grc' dir='ltr'>δὲ</span> <span class='ocrx_word' id='word_1_119' title='bbox 1016 1972 1283 2053; x_wconf 86' lang='grc' dir='ltr'>βαστάσας</span> <span class='ocrx_word' id='word_1_120' title='bbox 1312 1974 1417 2031; x_wconf 72' lang='grc' dir='ltr'>ἀπὸ</span> <span class='ocrx_word' id='word_1_121' title='bbox 1438 1980 1527 2032; x_wconf 87' lang='grc' dir='ltr'>τοῦ</span> <span class='ocrx_word' id='word_1_122' title='bbox 1557 1976 1743 2054; x_wconf 88' lang='grc' dir='ltr'>πυρὸς,</span> 
     </span>
     <span class='ocr_line' id='line_1_19' title="bbox 548 2059 1805 2141; baseline -0.002 -18"><span class='ocrx_word' id='word_1_123' title='bbox 548 2066 673 2124; x_wconf 86' lang='grc' dir='ltr'>Τῶν</span> <span class='ocrx_word' id='word_1_124' title='bbox 698 2060 953 2140; x_wconf 86' lang='grc' dir='ltr'>ὀσταρίων</span> <span class='ocrx_word' id='word_1_125' title='bbox 975 2060 1071 2131; x_wconf 86' lang='grc' dir='ltr'>τὴν</span> <span class='ocrx_word' id='word_1_126' title='bbox 1095 2060 1267 2139; x_wconf 85' lang='grc' dir='ltr'>σάρκα</span> <span class='ocrx_word' id='word_1_127' title='bbox 1290 2059 1525 2141; x_wconf 75' lang='grc' dir='ltr'>καθαρὰν</span> <span class='ocrx_word' id='word_1_128' title='bbox 1552 2062 1805 2120; x_wconf 53' lang='lat' dir='ltr'>audenhe-</span> 
     </span>
     <span class='ocr_line' id='line_1_20' title="bbox 548 2148 1743 2229; baseline -0.005 -16"><span class='ocrx_word' id='word_1_129' title='bbox 548 2151 763 2223; x_wconf 70' lang='grc' dir='ltr'>Στήσας</span> <span class='ocrx_word' id='word_1_130' title='bbox 786 2148 1007 2229; x_wconf 76' lang='grc' dir='ltr'>ἰσοὸαρῆ</span> <span class='ocrx_word' id='word_1_131' title='bbox 1032 2148 1228 2220; x_wconf 83' lang='grc' dir='ltr'>ταύτης</span> <span class='ocrx_word' id='word_1_132' title='bbox 1257 2149 1484 2229; x_wconf 76' lang='grc' dir='ltr'>ἀκριὸῶς</span> <span class='ocrx_word' id='word_1_133' title='bbox 1512 2152 1743 2227; x_wconf 83' lang='grc' dir='ltr'>σταθμὸν</span> 
     </span>
     <span class='ocr_line' id='line_1_21' title="bbox 549 2238 1859 2319; baseline -0.004 -18"><span class='ocrx_word' id='word_1_134' title='bbox 549 2243 665 2311; x_wconf 82' lang='grc' dir='ltr'>Τῆς</span> <span class='ocrx_word' id='word_1_135' title='bbox 691 2238 915 2319; x_wconf 79' lang='grc' dir='ltr'>σαρκὸς,</span> <span class='ocrx_word' id='word_1_136' title='bbox 940 2238 1097 2317; x_wconf 78' lang='grc' dir='ltr'>ἄρτου</span> <span class='ocrx_word' id='word_1_137' title='bbox 1124 2242 1217 2297; x_wconf 91' lang='grc' dir='ltr'>τοῦ</span> <span class='ocrx_word' id='word_1_138' title='bbox 1244 2243 1475 2316; x_wconf 80' lang='grc' dir='ltr'>καθαροῦ</span> <span class='ocrx_word' id='word_1_139' title='bbox 1502 2243 1593 2297; x_wconf 87' lang='grc' dir='ltr'>τοῦ</span> <span class='ocrx_word' id='word_1_140' title='bbox 1616 2239 1859 2318; x_wconf 83' lang='grc' dir='ltr'>πυρίνου,</span> 
     </span>
     <span class='ocr_line' id='line_1_22' title="bbox 556 2326 1729 2408; baseline -0.001 -22"><span class='ocrx_word' id='word_1_141' title='bbox 556 2326 866 2408; x_wconf 87' lang='grc' dir='ltr'>Πρόσμισγε</span> <span class='ocrx_word' id='word_1_142' title='bbox 895 2326 987 2385; x_wconf 76' lang='grc' dir='ltr'>καὶ</span> <span class='ocrx_word' id='word_1_143' title='bbox 1014 2326 1214 2399; x_wconf 82' lang='grc' dir='ltr'>λίαινε,</span> <span class='ocrx_word' id='word_1_144' title='bbox 1244 2326 1527 2406; x_wconf 79' lang='grc' dir='ltr'>παραχέων</span> <span class='ocrx_word' id='word_1_145' title='bbox 1559 2326 1729 2406; x_wconf 79' lang='grc' dir='ltr'>βραχὺ</span> 
     </span>
    </p>

    <p class='ocr_par' dir='ltr' id='par_1_9' title="bbox 469 2414 1763 2657">
     <span class='ocr_line' id='line_1_23' title="bbox 469 2414 1763 2494; baseline -0.005 -15"><span class='ocrx_word' id='word_1_146' title='bbox 469 2440 523 2479; x_wconf 71' lang='lat'>⁸5</span> <span class='ocrx_word' id='word_1_147' title='bbox 548 2421 658 2478; x_wconf 88' lang='grc' dir='ltr'>Τοῦ</span> <span class='ocrx_word' id='word_1_148' title='bbox 685 2414 978 2494; x_wconf 89' lang='grc' dir='ltr'>ζωμαρίου,</span> <span class='ocrx_word' id='word_1_149' title='bbox 1007 2416 1169 2473; x_wconf 88' lang='grc' dir='ltr'>ποιῶν</span> <span class='ocrx_word' id='word_1_150' title='bbox 1193 2436 1250 2471; x_wconf 86' lang='grc' dir='ltr'>τε</span> <span class='ocrx_word' id='word_1_151' title='bbox 1275 2416 1444 2473; x_wconf 81' lang='grc' dir='ltr'>λεπτὰ</span> <span class='ocrx_word' id='word_1_152' title='bbox 1468 2414 1728 2492; x_wconf 84' lang='grc' dir='ltr'>πέμματα</span> <span class='ocrx_word' id='word_1_153' title='bbox 1748 2461 1763 2491; x_wconf 89' lang='grc'>,</span> 
     </span>
     <span class='ocr_line' id='line_1_24' title="bbox 549 2502 1689 2585; baseline -0.005 -19"><span class='ocrx_word' id='word_1_154' title='bbox 549 2506 811 2585; x_wconf 80' lang='grc' dir='ltr'>Ξήραινε,</span> <span class='ocrx_word' id='word_1_155' title='bbox 835 2502 927 2562; x_wconf 83' lang='grc' dir='ltr'>καὶ</span> <span class='ocrx_word' id='word_1_156' title='bbox 949 2505 1063 2582; x_wconf 83' lang='grc' dir='ltr'>χρῶ</span> <span class='ocrx_word' id='word_1_157' title='bbox 1097 2507 1373 2583; x_wconf 82' lang='grc' dir='ltr'>θηριακοῑς·</span> <span class='ocrx_word' id='word_1_158' title='bbox 1390 2502 1689 2581; x_wconf 75' lang='grc' dir='ltr'>ἀρτισκίοις.</span> 
     </span>
     <span class='ocr_line' id='line_1_25' title="bbox 553 2588 1653 2657; baseline -0.008 -2"><span class='ocrx_word' id='word_1_159' title='bbox 553 2590 916 2657; x_wconf 74' lang='grc' dir='ltr'>Σκιλλιτικοὺς</span> <span class='ocrx_word' id='word_1_160' title='bbox 941 2590 995 2649; x_wconf 65' lang='grc' dir='ltr'>δὲ</span> <span class='ocrx_word' id='word_1_161' title='bbox 1021 2588 1289 2655; x_wconf 85' lang='grc' dir='ltr'>σκευάσεις</span> <span class='ocrx_word' id='word_1_162' title='bbox 1318 2588 1454 2647; x_wconf 76' lang='grc' dir='ltr'>οὕτω</span> <span class='ocrx_word' id='word_1_163' title='bbox 1479 2590 1653 2647; x_wconf 86' lang='grc' dir='ltr'>πάλιν·</span> 
     </span>
    </p>

    <p class='ocr_par' dir='ltr' id='par_1_10' title="bbox 468 2676 1877 3288">
     <span class='ocr_line' id='line_1_26' title="bbox 548 2676 1691 2762; baseline -0.005 -21"><span class='ocrx_word' id='word_1_164' title='bbox 548 2684 647 2762; x_wconf 79' lang='grc' dir='ltr'>Τῷ</span> <span class='ocrx_word' id='word_1_165' title='bbox 672 2678 971 2761; x_wconf 81' lang='grc' dir='ltr'>πυραμήτῳ</span> <span class='ocrx_word' id='word_1_166' title='bbox 996 2677 1215 2737; x_wconf 84' lang='grc' dir='ltr'>σκίλλαν</span> <span class='ocrx_word' id='word_1_167' title='bbox 1239 2678 1491 2754; x_wconf 74' lang='grc' dir='ltr'>εὗμεγεθῆ</span> <span class='ocrx_word' id='word_1_168' title='bbox 1513 2676 1691 2737; x_wconf 79' lang='grc' dir='ltr'>λαὸὼν</span> 
     </span>
     <span class='ocr_line' id='line_1_27' title="bbox 557 2764 1863 2846; baseline -0.008 -15"><span class='ocrx_word' id='word_1_169' title='bbox 557 2768 766 2841; x_wconf 79' lang='grc' dir='ltr'>Λευκήν</span> <span class='ocrx_word' id='word_1_170' title='bbox 792 2791 883 2841; x_wconf 85' lang='grc' dir='ltr'>τε,</span> <span class='ocrx_word' id='word_1_171' title='bbox 914 2765 1142 2845; x_wconf 82' lang='grc' dir='ltr'>κάθηρον</span> <span class='ocrx_word' id='word_1_172' title='bbox 1170 2765 1343 2824; x_wconf 87' lang='grc' dir='ltr'>πάντα</span> <span class='ocrx_word' id='word_1_173' title='bbox 1370 2766 1456 2823; x_wconf 82' lang='grc' dir='ltr'>τὸν</span> <span class='ocrx_word' id='word_1_174' title='bbox 1486 2764 1637 2846; x_wconf 77' lang='grc' dir='ltr'>ξηρὸν</span> <span class='ocrx_word' id='word_1_175' title='bbox 1668 2766 1863 2846; x_wconf 88' lang='grc' dir='ltr'>φλοιόν.</span> 
     </span>
     <span class='ocr_line' id='line_1_28' title="bbox 468 2852 1603 2938; baseline -0.009 -16"><span class='ocrx_word' id='word_1_176' title='bbox 468 2881 525 2923; x_wconf 73' lang='lat' dir='ltr'><strong>ao</strong></span> <span class='ocrx_word' id='word_1_177' title='bbox 550 2862 745 2922; x_wconf 80' lang='grc' dir='ltr'>Πᾶσαν</span> <span class='ocrx_word' id='word_1_178' title='bbox 774 2854 829 2916; x_wconf 74' lang='grc' dir='ltr'>δὲ</span> <span class='ocrx_word' id='word_1_179' title='bbox 855 2854 1001 2938; x_wconf 76' lang='grc' dir='ltr'>ῥίζαν</span> <span class='ocrx_word' id='word_1_180' title='bbox 1023 2852 1118 2926; x_wconf 74' lang='grc' dir='ltr'>τὴν</span> <span class='ocrx_word' id='word_1_181' title='bbox 1144 2852 1345 2926; x_wconf 78' lang='grc' dir='ltr'>ξυλώδη</span> <span class='ocrx_word' id='word_1_182' title='bbox 1369 2852 1603 2930; x_wconf 88' lang='grc' dir='ltr'>περίελε,</span> 
     </span>
     <span class='ocr_line' id='line_1_29' title="bbox 556 2939 1877 3022; baseline -0.005 -17"><span class='ocrx_word' id='word_1_183' title='bbox 556 2945 745 3009; x_wconf 84' lang='grc' dir='ltr'>Σταιτί</span> <span class='ocrx_word' id='word_1_184' title='bbox 771 2967 827 3002; x_wconf 87' lang='grc' dir='ltr'>τε</span> <span class='ocrx_word' id='word_1_185' title='bbox 858 2942 1188 3022; x_wconf 81' lang='grc' dir='ltr'>περιπλάσας</span> <span class='ocrx_word' id='word_1_186' title='bbox 1212 2939 1401 3016; x_wconf 73' lang='grc' dir='ltr'>ἔμὸαλ’</span> <span class='ocrx_word' id='word_1_187' title='bbox 1428 2939 1591 3013; x_wconf 73' lang='grc' dir='ltr'>αὐτὴν</span> <span class='ocrx_word' id='word_1_188' title='bbox 1614 2943 1687 3010; x_wconf 84' lang='grc' dir='ltr'>εἷς</span> <span class='ocrx_word' id='word_1_189' title='bbox 1712 2941 1877 2999; x_wconf 81' lang='grc' dir='ltr'>ἷπνόν·</span> 
     </span>
     <span class='ocr_line' id='line_1_30' title="bbox 502 3019 1823 3108; baseline -0.006 -14"><span class='ocrx_word' id='word_1_190' title='bbox 502 3057 516 3071; x_wconf 89' lang='grc'><em>·</em></span> <span class='ocrx_word' id='word_1_191' title='bbox 548 3032 727 3097; x_wconf 84' lang='grc' dir='ltr'>Ὅταν</span> <span class='ocrx_word' id='word_1_192' title='bbox 746 3031 802 3092; x_wconf 81' lang='grc' dir='ltr'>δὲ</span> <span class='ocrx_word' id='word_1_193' title='bbox 830 3031 1047 3108; x_wconf 79' lang='grc' dir='ltr'>νομίσῃς</span> <span class='ocrx_word' id='word_1_194' title='bbox 1070 3029 1207 3088; x_wconf 84' lang='grc' dir='ltr'>πάνυ</span> <span class='ocrx_word' id='word_1_195' title='bbox 1230 3019 1411 3108; x_wconf 76' lang='grc' dir='ltr'>[εἶναι]</span> <span class='ocrx_word' id='word_1_196' title='bbox 1438 3031 1613 3096; x_wconf 84' lang='grc' dir='ltr'>καλῶς</span> <span class='ocrx_word' id='word_1_197' title='bbox 1638 3030 1823 3102; x_wconf 79' lang='grc' dir='ltr'>ὀπτὴν,</span> 
     </span>
     <span class='ocr_line' id='line_1_31' title="bbox 551 3115 1812 3198; baseline -0.006 -15"><span class='ocrx_word' id='word_1_198' title='bbox 551 3121 692 3184; x_wconf 86' lang='grc' dir='ltr'>Τότε</span> <span class='ocrx_word' id='word_1_199' title='bbox 720 3119 917 3190; x_wconf 77' lang='grc' dir='ltr'>στήσας</span> <span class='ocrx_word' id='word_1_200' title='bbox 948 3120 1107 3188; x_wconf 78' lang='grc' dir='ltr'>αὐτῆς</span> <span class='ocrx_word' id='word_1_201' title='bbox 1134 3115 1252 3176; x_wconf 78' lang='grc' dir='ltr'>ὅσον</span> <span class='ocrx_word' id='word_1_202' title='bbox 1278 3117 1393 3194; x_wconf 77' lang='grc' dir='ltr'>ἄγει</span> <span class='ocrx_word' id='word_1_203' title='bbox 1415 3117 1592 3197; x_wconf 80' lang='grc' dir='ltr'>λίτρας</span> <span class='ocrx_word' id='word_1_204' title='bbox 1624 3118 1812 3198; x_wconf 86' lang='grc' dir='ltr'>βάρος,</span> 
     </span>
     <span class='ocr_line' id='line_1_32' title="bbox 553 3204 1726 3288; baseline -0.006 -17"><span class='ocrx_word' id='word_1_205' title='bbox 553 3209 741 3288; x_wconf 81' lang='grc' dir='ltr'>Ταύτῃ</span> <span class='ocrx_word' id='word_1_206' title='bbox 766 3205 1063 3284; x_wconf 84' lang='grc' dir='ltr'>κατάμισγε</span> <span class='ocrx_word' id='word_1_207' title='bbox 1086 3205 1379 3283; x_wconf 84' lang='grc' dir='ltr'>λεπτοτάτῃ</span> <span class='ocrx_word' id='word_1_208' title='bbox 1410 3204 1535 3282; x_wconf 87' lang='grc' dir='ltr'>μίαν</span> <span class='ocrx_word' id='word_1_209' title='bbox 1558 3205 1726 3282; x_wconf 82' lang='grc' dir='ltr'>ἥμισυ</span> 
     </span>
    </p>

    <p class='ocr_par' dir='ltr' id='par_1_11' title="bbox 477 3293 1935 3544">
     <span class='ocr_line' id='line_1_33' title="bbox 477 3293 1706 3378; baseline -0.009 -18"><span class='ocrx_word' id='word_1_210' title='bbox 477 3319 533 3360; x_wconf 71' lang='grc' dir='ltr'>οι</span> <span class='ocrx_word' id='word_1_211' title='bbox 561 3297 759 3378; x_wconf 79' lang='grc' dir='ltr'>Λίτραν</span> <span class='ocrx_word' id='word_1_212' title='bbox 787 3294 1008 3374; x_wconf 72' lang='grc' dir='ltr'>ἀλεύρου</span> <span class='ocrx_word' id='word_1_213' title='bbox 1032 3293 1299 3372; x_wconf 86' lang='grc' dir='ltr'>γεγονότος</span> <span class='ocrx_word' id='word_1_214' title='bbox 1332 3293 1706 3374; x_wconf 78' lang='grc' dir='ltr'>πεφρυγμένων</span> 
     </span>
     <span class='ocr_line' id='line_1_34' title="bbox 557 3381 1935 3465; baseline -0.004 -22"><span class='ocrx_word' id='word_1_215' title='bbox 557 3384 797 3465; x_wconf 75' lang='grc' dir='ltr'>Ὀρόὸων</span> <span class='ocrx_word' id='word_1_216' title='bbox 827 3385 907 3442; x_wconf 70' lang='grc' dir='ltr'>ἐπ’</span> <span class='ocrx_word' id='word_1_217' title='bbox 935 3383 1130 3460; x_wconf 81' lang='grc' dir='ltr'>ὀλίγον,</span> <span class='ocrx_word' id='word_1_218' title='bbox 1164 3381 1255 3439; x_wconf 74' lang='grc' dir='ltr'>καὶ</span> <span class='ocrx_word' id='word_1_219' title='bbox 1277 3387 1611 3460; x_wconf 68' lang='grc' dir='ltr'>παραχρῆμα</span> <span class='ocrx_word' id='word_1_220' title='bbox 1633 3381 1935 3462; x_wconf 73' lang='grc' dir='ltr'>λεοτριὸῶν,</span> 
     </span>
     <span class='ocr_line' id='line_1_35' title="bbox 556 3468 1646 3544; baseline -0.007 -10"><span class='ocrx_word' id='word_1_221' title='bbox 556 3473 790 3544; x_wconf 85' lang='grc' dir='ltr'>Ποίησον</span> <span class='ocrx_word' id='word_1_222' title='bbox 814 3468 950 3528; x_wconf 73' lang='grc' dir='ltr'>οὕτω</span> <span class='ocrx_word' id='word_1_223' title='bbox 973 3469 1141 3528; x_wconf 79' lang='grc' dir='ltr'>λεπτὰ</span> <span class='ocrx_word' id='word_1_224' title='bbox 1170 3469 1307 3527; x_wconf 88' lang='grc' dir='ltr'>πάνυ</span> <span class='ocrx_word' id='word_1_225' title='bbox 1334 3470 1612 3527; x_wconf 85' lang='grc' dir='ltr'>κυκλίσκια</span> <span class='ocrx_word' id='word_1_226' title='bbox 1628 3514 1646 3543; x_wconf 87' lang='grc'>,</span> 
     </span>
    </p>

    <p class='ocr_par' dir='ltr' id='par_1_12' title="bbox 556 3549 1814 3722">
     <span class='ocr_line' id='line_1_36' title="bbox 556 3549 1814 3640; baseline -0.006 -19"><span class='ocrx_word' id='word_1_227' title='bbox 556 3560 714 3640; x_wconf 83' lang='grc' dir='ltr'>Ξηρά</span> <span class='ocrx_word' id='word_1_228' title='bbox 738 3583 794 3617; x_wconf 89' lang='grc' dir='ltr'>τε</span> <span class='ocrx_word' id='word_1_229' title='bbox 816 3557 1063 3635; x_wconf 84' lang='grc' dir='ltr'>γινόμενα</span> <span class='ocrx_word' id='word_1_230' title='bbox 1093 3561 1285 3626; x_wconf 77' lang='grc' dir='ltr'>στῆσον</span> <span class='ocrx_word' id='word_1_231' title='bbox 1310 3549 1346 3635; x_wconf 69' lang='grc' dir='ltr'>ᾖ</span> <span class='ocrx_word' id='word_1_232' title='bbox 1376 3557 1526 3634; x_wconf 88' lang='grc' dir='ltr'>[’στί]</span> <span class='ocrx_word' id='word_1_233' title='bbox 1556 3579 1639 3614; x_wconf 90' lang='grc' dir='ltr'>σοι</span> <span class='ocrx_word' id='word_1_234' title='bbox 1669 3557 1814 3638; x_wconf 75' lang='grc' dir='ltr'>φίλον</span> 
     </span>
     <span class='ocr_line' id='line_1_37' title="bbox 562 3644 1755 3722; baseline -0.008 -11"><span class='ocrx_word' id='word_1_235' title='bbox 562 3652 773 3711; x_wconf 86' lang='grc' dir='ltr'>Βαλεῖν.</span> <span class='ocrx_word' id='word_1_236' title='bbox 804 3648 1053 3706; x_wconf 88' lang='grc' dir='ltr'>Τοιοῦτον</span> <span class='ocrx_word' id='word_1_237' title='bbox 1084 3645 1257 3722; x_wconf 88' lang='grc' dir='ltr'>μίγμα</span> <span class='ocrx_word' id='word_1_238' title='bbox 1281 3645 1489 3722; x_wconf 78' lang='grc' dir='ltr'>γεγονὸς</span> <span class='ocrx_word' id='word_1_239' title='bbox 1512 3644 1586 3720; x_wconf 85' lang='grc' dir='ltr'>μὴ</span> <span class='ocrx_word' id='word_1_240' title='bbox 1616 3644 1755 3702; x_wconf 89' lang='grc' dir='ltr'>πάνυ</span> 
     </span>
    </p>

    <p class='ocr_par' dir='ltr' id='par_1_13' title="bbox 455 3731 1855 4163">
     <span class='ocr_line' id='line_1_38' title="bbox 455 3731 1843 3814; baseline -0.006 -15"><span class='ocrx_word' id='word_1_241' title='bbox 455 3759 533 3799; x_wconf 87' lang='grc' dir='ltr'>ιοο</span> <span class='ocrx_word' id='word_1_242' title='bbox 555 3737 669 3807; x_wconf 88' lang='grc' dir='ltr'>Τὴν</span> <span class='ocrx_word' id='word_1_243' title='bbox 694 3731 950 3814; x_wconf 85' lang='grc' dir='ltr'>θηριακήν</span> <span class='ocrx_word' id='word_1_244' title='bbox 980 3755 1035 3790; x_wconf 89' lang='grc' dir='ltr'>τε</span> <span class='ocrx_word' id='word_1_245' title='bbox 1063 3731 1352 3810; x_wconf 84' lang='grc' dir='ltr'>λεγομένην</span> <span class='ocrx_word' id='word_1_246' title='bbox 1378 3735 1610 3810; x_wconf 79' lang='grc' dir='ltr'>ἀπορῇς,</span> <span class='ocrx_word' id='word_1_247' title='bbox 1639 3733 1843 3813; x_wconf 83' lang='grc' dir='ltr'>φράσω,</span> 
     </span>
     <span class='ocr_line' id='line_1_39' title="bbox 555 3815 1803 3898; baseline -0.007 -14"><span class='ocrx_word' id='word_1_248' title='bbox 555 3815 654 3884; x_wconf 59' lang='grc' dir='ltr'>ἓἸ-Ιι</span> <span class='ocrx_word' id='word_1_249' title='bbox 680 3822 771 3882; x_wconf 82' lang='grc' dir='ltr'>καὶ</span> <span class='ocrx_word' id='word_1_250' title='bbox 800 3823 1011 3898; x_wconf 76' lang='grc' dir='ltr'>λέγουσι</span> <span class='ocrx_word' id='word_1_251' title='bbox 1033 3819 1120 3878; x_wconf 82' lang='grc' dir='ltr'>τὸν</span> <span class='ocrx_word' id='word_1_252' title='bbox 1146 3818 1477 3898; x_wconf 83' lang='grc' dir='ltr'>Μιθριδάτην</span> <span class='ocrx_word' id='word_1_253' title='bbox 1507 3818 1803 3898; x_wconf 76' lang='grc' dir='ltr'>χρώμενον,</span> 
     </span>
     <span class='ocr_line' id='line_1_40' title="bbox 557 3907 1801 3989; baseline -0.003 -19"><span class='ocrx_word' id='word_1_254' title='bbox 557 3912 683 3974; x_wconf 86' lang='grc' dir='ltr'>Ὃτ’</span> <span class='ocrx_word' id='word_1_255' title='bbox 710 3907 898 3989; x_wconf 75' lang='grc' dir='ltr'>ἐγένετ’</span> <span class='ocrx_word' id='word_1_256' title='bbox 928 3911 1071 3988; x_wconf 70' lang='grc' dir='ltr'>αὖτιῖ»</span> <span class='ocrx_word' id='word_1_257' title='bbox 1094 3907 1360 3986; x_wconf 85' lang='grc' dir='ltr'>θανάσιμα</span> <span class='ocrx_word' id='word_1_258' title='bbox 1387 3911 1522 3966; x_wconf 82' lang='grc' dir='ltr'>πιεῖν</span> <span class='ocrx_word' id='word_1_259' title='bbox 1548 3907 1801 3988; x_wconf 85' lang='grc' dir='ltr'>φάρμακα</span> 
     </span>
     <span class='ocr_line' id='line_1_41' title="bbox 557 3994 1809 4076; baseline -0.007 -16"><span class='ocrx_word' id='word_1_260' title='bbox 557 4000 754 4060; x_wconf 69' lang='lat' dir='ltr'><strong>&#39;Anae’</strong></span> <span class='ocrx_word' id='word_1_261' title='bbox 775 3995 979 4076; x_wconf 79' lang='grc' dir='ltr'>ἀνάγκη</span> <span class='ocrx_word' id='word_1_262' title='bbox 1012 3995 1147 4073; x_wconf 76' lang='grc' dir='ltr'>μετὰ</span> <span class='ocrx_word' id='word_1_263' title='bbox 1175 3994 1371 4054; x_wconf 83' lang='grc' dir='ltr'>τέκνων</span> <span class='ocrx_word' id='word_1_264' title='bbox 1396 3995 1771 4076; x_wconf 79' lang='grc' dir='ltr'>πολεμουμένῳ</span> <span class='ocrx_word' id='word_1_265' title='bbox 1792 4041 1809 4071; x_wconf 87' lang='grc'>,</span> 
     </span>
     <span class='ocr_line' id='line_1_42' title="bbox 565 4083 1855 4163; baseline -0.007 -13"><span class='ocrx_word' id='word_1_266' title='bbox 565 4088 732 4151; x_wconf 79' lang='grc' dir='ltr'>Αὐτὸν</span> <span class='ocrx_word' id='word_1_267' title='bbox 763 4087 858 4163; x_wconf 79' lang='grc' dir='ltr'>μὲν</span> <span class='ocrx_word' id='word_1_268' title='bbox 886 4086 946 4144; x_wconf 82' lang='grc' dir='ltr'>οὗ</span> <span class='ocrx_word' id='word_1_269' title='bbox 979 4084 1161 4143; x_wconf 75' lang='grc' dir='ltr'>λαὸεῖν</span> <span class='ocrx_word' id='word_1_270' title='bbox 1186 4106 1319 4149; x_wconf 89' lang='grc' dir='ltr'>τινος</span> <span class='ocrx_word' id='word_1_271' title='bbox 1351 4083 1591 4155; x_wconf 86' lang='grc' dir='ltr'>αἴσθησιν</span> <span class='ocrx_word' id='word_1_272' title='bbox 1621 4083 1821 4163; x_wconf 73' lang='grc' dir='ltr'>βλάὸης</span> <span class='ocrx_word' id='word_1_273' title='bbox 1839 4130 1855 4159; x_wconf 83' lang='grc'>,</span> 
     </span>
    </p>

    <p class='ocr_par' dir='ltr' id='par_1_14' title="bbox 458 4173 1859 4608">
     <span class='ocr_line' id='line_1_43' title="bbox 458 4173 1729 4258; baseline -0.008 -20"><span class='ocrx_word' id='word_1_274' title='bbox 458 4199 535 4238; x_wconf 71' lang='grc' dir='ltr'>ποι</span> <span class='ocrx_word' id='word_1_275' title='bbox 565 4178 722 4258; x_wconf 88' lang='grc' dir='ltr'>Ξίφει</span> <span class='ocrx_word' id='word_1_276' title='bbox 750 4177 797 4234; x_wconf 87' lang='grc' dir='ltr'>δ’</span> <span class='ocrx_word' id='word_1_277' title='bbox 825 4173 1161 4253; x_wconf 76' lang='grc' dir='ltr'>ἀναιρεθέντα</span> <span class='ocrx_word' id='word_1_278' title='bbox 1183 4176 1505 4251; x_wconf 78' lang='grc' dir='ltr'>περιγραφῆς</span> <span class='ocrx_word' id='word_1_279' title='bbox 1534 4180 1729 4251; x_wconf 84' lang='grc' dir='ltr'>τυχεῖν,</span> 
     </span>
     <span class='ocr_line' id='line_1_44' title="bbox 558 4257 1859 4341; baseline -0.004 -18"><span class='ocrx_word' id='word_1_280' title='bbox 558 4266 667 4332; x_wconf 79' lang='grc' dir='ltr'>Τὰς</span> <span class='ocrx_word' id='word_1_281' title='bbox 690 4264 733 4322; x_wconf 86' lang='grc' dir='ltr'>δ’</span> <span class='ocrx_word' id='word_1_282' title='bbox 764 4257 832 4322; x_wconf 65' lang='grc' dir='ltr'>αὖ</span> <span class='ocrx_word' id='word_1_283' title='bbox 860 4260 1144 4341; x_wconf 84' lang='grc' dir='ltr'>θυγατέρας</span> <span class='ocrx_word' id='word_1_284' title='bbox 1166 4259 1452 4318; x_wconf 73' lang='grc' dir='ltr'>ἅποὸαλεῖν</span> <span class='ocrx_word' id='word_1_285' title='bbox 1482 4263 1556 4340; x_wconf 80' lang='grc' dir='ltr'>τῷ</span> <span class='ocrx_word' id='word_1_286' title='bbox 1578 4261 1859 4340; x_wconf 84' lang='grc' dir='ltr'>φαρμάκῳ.</span> 
     </span>
     <span class='ocr_line' id='line_1_45' title="bbox 561 4346 1724 4420; baseline -0.008 -7"><span class='ocrx_word' id='word_1_287' title='bbox 561 4353 793 4420; x_wconf 81' lang='grc' dir='ltr'>Σκεύαζε</span> <span class='ocrx_word' id='word_1_288' title='bbox 818 4352 865 4408; x_wconf 85' lang='grc' dir='ltr'>δ’</span> <span class='ocrx_word' id='word_1_289' title='bbox 888 4346 1051 4418; x_wconf 75' lang='grc' dir='ltr'>αὐτήν</span> <span class='ocrx_word' id='word_1_290' title='bbox 1068 4372 1082 4386; x_wconf 90' lang='grc'><em>·</em></span> <span class='ocrx_word' id='word_1_291' title='bbox 1108 4348 1385 4406; x_wconf 85' lang='grc' dir='ltr'>σκιλλίνων</span> <span class='ocrx_word' id='word_1_292' title='bbox 1412 4347 1724 4406; x_wconf 86' lang='grc' dir='ltr'>κυκλισκίων</span> 
     </span>
     <span class='ocr_line' id='line_1_46' title="bbox 563 4435 1858 4516; baseline -0.005 -18"><span class='ocrx_word' id='word_1_293' title='bbox 563 4441 655 4508; x_wconf 75' lang='grc' dir='ltr'>Δὶς</span> <span class='ocrx_word' id='word_1_294' title='bbox 682 4438 849 4499; x_wconf 77' lang='grc' dir='ltr'>εἴκοσι</span> <span class='ocrx_word' id='word_1_295' title='bbox 877 4435 1117 4516; x_wconf 72' lang='grc' dir='ltr'>δραχμὰς</span> <span class='ocrx_word' id='word_1_296' title='bbox 1146 4435 1238 4494; x_wconf 76' lang='grc' dir='ltr'>καὶ</span> <span class='ocrx_word' id='word_1_297' title='bbox 1264 4435 1443 4514; x_wconf 80' lang='grc' dir='ltr'>ἑτέρας</span> <span class='ocrx_word' id='word_1_298' title='bbox 1472 4435 1546 4501; x_wconf 81' lang='grc' dir='ltr'>δὶς</span> <span class='ocrx_word' id='word_1_299' title='bbox 1573 4435 1829 4514; x_wconf 87' lang='grc' dir='ltr'>τέσσαρας</span> <span class='ocrx_word' id='word_1_300' title='bbox 1846 4459 1858 4472; x_wconf 90' lang='lat'><strong>·</strong></span> 
     </span>
     <span class='ocr_line' id='line_1_47' title="bbox 566 4522 1603 4608; baseline -0.01 -18"><span class='ocrx_word' id='word_1_301' title='bbox 566 4526 869 4608; x_wconf 81' lang='grc' dir='ltr'>Ἀρτισκίων</span> <span class='ocrx_word' id='word_1_302' title='bbox 898 4523 953 4583; x_wconf 65' lang='grc' dir='ltr'>δὲ</span> <span class='ocrx_word' id='word_1_303' title='bbox 981 4525 1243 4604; x_wconf 88' lang='grc' dir='ltr'>θηριακῶν</span> <span class='ocrx_word' id='word_1_304' title='bbox 1267 4522 1342 4589; x_wconf 78' lang='grc' dir='ltr'>δὶς</span> <span class='ocrx_word' id='word_1_305' title='bbox 1367 4522 1569 4580; x_wconf 81' lang='grc' dir='ltr'>δώδεκα</span> <span class='ocrx_word' id='word_1_306' title='bbox 1586 4541 1603 4559; x_wconf 88' lang='grc'><strong><em>·</em></strong></span> 
     </span>
    </p>

    <p class='ocr_par' dir='ltr' id='par_1_15' title="bbox 458 4610 1888 5044">
     <span class='ocr_line' id='line_1_48' title="bbox 458 4610 1888 4691; baseline -0.008 -12"><span class='ocrx_word' id='word_1_307' title='bbox 458 4641 535 4679; x_wconf 83' lang='lat'>110</span> <span class='ocrx_word' id='word_1_308' title='bbox 562 4615 801 4682; x_wconf 83' lang='grc' dir='ltr'>Μέλανός</span> <span class='ocrx_word' id='word_1_309' title='bbox 824 4636 878 4673; x_wconf 88' lang='grc' dir='ltr'>τε</span> <span class='ocrx_word' id='word_1_310' title='bbox 912 4613 1179 4691; x_wconf 84' lang='grc' dir='ltr'>πεπέρεως</span> <span class='ocrx_word' id='word_1_311' title='bbox 1206 4611 1294 4670; x_wconf 78' lang='grc' dir='ltr'>καὶ</span> <span class='ocrx_word' id='word_1_312' title='bbox 1318 4611 1467 4670; x_wconf 87' lang='grc' dir='ltr'>ὀπίου</span> <span class='ocrx_word' id='word_1_313' title='bbox 1497 4610 1584 4669; x_wconf 78' lang='grc' dir='ltr'>καὶ</span> <span class='ocrx_word' id='word_1_314' title='bbox 1614 4610 1888 4690; x_wconf 84' lang='grc' dir='ltr'>μάγματος</span> 
     </span>
     <span class='ocr_line' id='line_1_49' title="bbox 563 4698 1835 4785; baseline -0.008 -19"><span class='ocrx_word' id='word_1_315' title='bbox 563 4707 743 4785; x_wconf 86' lang='grc' dir='ltr'>Ξηροῦ</span> <span class='ocrx_word' id='word_1_316' title='bbox 771 4703 940 4762; x_wconf 87' lang='grc' dir='ltr'>πάλαι</span> <span class='ocrx_word' id='word_1_317' title='bbox 967 4698 1243 4772; x_wconf 77' lang='grc' dir='ltr'>κληθέντος</span> <span class='ocrx_word' id='word_1_318' title='bbox 1269 4698 1527 4777; x_wconf 82' lang='grc' dir='ltr'>ἠδυχρόου</span> <span class='ocrx_word' id='word_1_319' title='bbox 1548 4699 1741 4776; x_wconf 87' lang='grc' dir='ltr'>μύρου,</span> <span class='ocrx_word' id='word_1_320' title='bbox 1828 4728 1835 4735; x_wconf 89' lang='grc'><strong>-</strong></span> 
     </span>
     <span class='ocr_line' id='line_1_50' title="bbox 563 4787 1743 4865; baseline -0.009 -11"><span class='ocrx_word' id='word_1_321' title='bbox 563 4797 687 4855; x_wconf 88' lang='grc' dir='ltr'>Τῶν</span> <span class='ocrx_word' id='word_1_322' title='bbox 712 4795 762 4851; x_wconf 85' lang='grc' dir='ltr'>τ’</span> <span class='ocrx_word' id='word_1_323' title='bbox 792 4791 846 4855; x_wconf 74' lang='grc' dir='ltr'>ἐξ</span> <span class='ocrx_word' id='word_1_324' title='bbox 875 4789 1097 4848; x_wconf 71' lang='grc' dir='ltr'>ἑκάστου</span> <span class='ocrx_word' id='word_1_325' title='bbox 1121 4788 1381 4865; x_wconf 86' lang='grc' dir='ltr'>μίγματος</span> <span class='ocrx_word' id='word_1_326' title='bbox 1410 4787 1485 4852; x_wconf 81' lang='grc' dir='ltr'>δὶς</span> <span class='ocrx_word' id='word_1_327' title='bbox 1508 4787 1708 4844; x_wconf 83' lang='grc' dir='ltr'>δώδεκα</span> <span class='ocrx_word' id='word_1_328' title='bbox 1730 4809 1743 4822; x_wconf 92' lang='grc'><em>·</em></span> 
     </span>
     <span class='ocr_line' id='line_1_51' title="bbox 566 4872 1725 4960; baseline -0.009 -19"><span class='ocrx_word' id='word_1_329' title='bbox 566 4881 745 4960; x_wconf 85' lang='grc' dir='ltr'>Ξηροῦ</span> <span class='ocrx_word' id='word_1_330' title='bbox 773 4875 1115 4958; x_wconf 80' lang='grc' dir='ltr'>γλυκυρῤίζης</span> <span class='ocrx_word' id='word_1_331' title='bbox 1136 4877 1301 4954; x_wconf 86' lang='grc' dir='ltr'>χυλοῦ</span> <span class='ocrx_word' id='word_1_332' title='bbox 1330 4873 1571 4954; x_wconf 82' lang='grc' dir='ltr'>δραχμὰς</span> <span class='ocrx_word' id='word_1_333' title='bbox 1599 4872 1725 4930; x_wconf 82' lang='grc' dir='ltr'>δέκα</span> 
     </span>
     <span class='ocr_line' id='line_1_52' title="bbox 569 4960 1842 5044; baseline -0.01 -16"><span class='ocrx_word' id='word_1_334' title='bbox 569 4969 678 5029; x_wconf 79' lang='grc' dir='ltr'>Καὶ</span> <span class='ocrx_word' id='word_1_335' title='bbox 706 4966 783 5026; x_wconf 85' lang='grc' dir='ltr'>δύ’</span> <span class='ocrx_word' id='word_1_336' title='bbox 808 4963 895 5026; x_wconf 73' lang='grc' dir='ltr'>ἐπὶ</span> <span class='ocrx_word' id='word_1_337' title='bbox 923 4964 1167 5037; x_wconf 83' lang='grc' dir='ltr'>ταύταις,</span> <span class='ocrx_word' id='word_1_338' title='bbox 1196 4963 1286 5021; x_wconf 83' lang='grc' dir='ltr'>καὶ</span> <span class='ocrx_word' id='word_1_339' title='bbox 1314 4965 1475 5044; x_wconf 81' lang='grc' dir='ltr'>ῥοδῶν</span> <span class='ocrx_word' id='word_1_340' title='bbox 1502 4960 1667 5040; x_wconf 84' lang='grc' dir='ltr'>ξηρῶν</span> <span class='ocrx_word' id='word_1_341' title='bbox 1700 4960 1842 5030; x_wconf 83' lang='grc' dir='ltr'>ἴσας,</span> 
     </span>
    </p>

    <p class='ocr_par' dir='ltr' id='par_1_16' title="bbox 466 5051 1807 5221">
     <span class='ocr_line' id='line_1_53' title="bbox 466 5051 1807 5130; baseline -0.01 -12"><span class='ocrx_word' id='word_1_342' title='bbox 466 5079 539 5118; x_wconf 74' lang='grc' dir='ltr'>ιι5</span> <span class='ocrx_word' id='word_1_343' title='bbox 570 5056 677 5117; x_wconf 73' lang='grc' dir='ltr'>Καὶ</span> <span class='ocrx_word' id='word_1_344' title='bbox 699 5054 1035 5130; x_wconf 79' lang='grc' dir='ltr'>κινναμώμου</span> <span class='ocrx_word' id='word_1_345' title='bbox 1052 5097 1067 5124; x_wconf 89' lang='grc'>,</span> <span class='ocrx_word' id='word_1_346' title='bbox 1099 5052 1190 5111; x_wconf 80' lang='grc' dir='ltr'>καὶ</span> <span class='ocrx_word' id='word_1_347' title='bbox 1217 5051 1593 5126; x_wconf 78' lang='grc' dir='ltr'>ὀποὸαλσάμου</span> <span class='ocrx_word' id='word_1_348' title='bbox 1620 5051 1807 5120; x_wconf 86' lang='grc' dir='ltr'>καλοῦ,</span> 
     </span>
     <span class='ocr_line' id='line_1_54' title="bbox 567 5135 1679 5221; baseline -0.006 -20"><span class='ocrx_word' id='word_1_349' title='bbox 567 5135 671 5210; x_wconf 53' lang='lat' dir='ltr'>vu&lt;</span> <span class='ocrx_word' id='word_1_350' title='bbox 690 5143 736 5200; x_wconf 88' lang='grc' dir='ltr'>τ’</span> <span class='ocrx_word' id='word_1_351' title='bbox 764 5142 1009 5221; x_wconf 85' lang='grc' dir='ltr'>Ἰλλυριοὶ</span> <span class='ocrx_word' id='word_1_352' title='bbox 1037 5139 1329 5217; x_wconf 87' lang='grc' dir='ltr'>πέμπουσιν</span> <span class='ocrx_word' id='word_1_353' title='bbox 1358 5138 1473 5204; x_wconf 87' lang='grc' dir='ltr'>ἴσας</span> <span class='ocrx_word' id='word_1_354' title='bbox 1502 5137 1679 5218; x_wconf 84' lang='grc' dir='ltr'>ἴρεως,</span> 
     </span>
    </p>
   </div>
   <div class='ocr_carea' id='block_1_3' title="bbox 2093 480 3361 2730">
    <p class='ocr_par' dir='ltr' id='par_1_17' title="bbox 2093 480 3194 923">
     <span class='ocr_line' id='line_1_55' title="bbox 2093 480 3194 541; baseline -0.004 -9"><span class='ocrx_word' id='word_1_355' title='bbox 2093 484 2155 532; x_wconf 79' lang='lat' dir='ltr'>Et</span> <span class='ocrx_word' id='word_1_356' title='bbox 2171 481 2460 533; x_wconf 74' lang='lat' dir='ltr'><strong>‘theriacum</strong></span> <span class='ocrx_word' id='word_1_357' title='bbox 2481 481 2781 531; x_wconf 80' lang='lat' dir='ltr'><strong>elaboratum</strong></span> <span class='ocrx_word' id='word_1_358' title='bbox 2805 480 2963 541; x_wconf 78' lang='lat' dir='ltr'><strong>(sicut</strong></span> <span class='ocrx_word' id='word_1_359' title='bbox 2981 482 3194 539; x_wconf 81' lang='lat' dir='ltr'><strong>vocant)</strong></span> 
     </span>
     <span class='ocr_line' id='line_1_56' title="bbox 2095 575 3181 637; baseline -0.006 -10"><span class='ocrx_word' id='word_1_360' title='bbox 2095 578 2342 627; x_wconf 74' lang='lat' dir='ltr'><strong>pastillum</strong></span> <span class='ocrx_word' id='word_1_361' title='bbox 2357 576 2427 625; x_wconf 76' lang='lat' dir='ltr'>sic</span> <span class='ocrx_word' id='word_1_362' title='bbox 2444 577 2718 625; x_wconf 76' lang='lat' dir='ltr'><strong>coniectum</strong></span> <span class='ocrx_word' id='word_1_363' title='bbox 2731 612 2744 637; x_wconf 92' lang='lat'><strong>,</strong></span> <span class='ocrx_word' id='word_1_364' title='bbox 2767 578 2824 623; x_wconf 87' lang='lat' dir='ltr'><strong>ut</strong></span> <span class='ocrx_word' id='word_1_365' title='bbox 2836 575 3153 624; x_wconf 76' lang='lat' dir='ltr'><strong>indicabimus</strong></span> <span class='ocrx_word' id='word_1_366' title='bbox 3167 592 3181 634; x_wconf 88' lang='lat'>;</span> 
     </span>
     <span class='ocr_line' id='line_1_57' title="bbox 2093 670 3110 723; baseline -0.006 -1"><span class='ocrx_word' id='word_1_367' title='bbox 2093 676 2212 723; x_wconf 82' lang='lat' dir='ltr'><strong>Nam</strong></span> <span class='ocrx_word' id='word_1_368' title='bbox 2234 673 2336 721; x_wconf 75' lang='lat' dir='ltr'><strong>lieri</strong></span> <span class='ocrx_word' id='word_1_369' title='bbox 2357 670 2500 720; x_wconf 83' lang='lat' dir='ltr'><strong>debet</strong></span> <span class='ocrx_word' id='word_1_370' title='bbox 2525 670 2885 719; x_wconf 73' lang='lat' dir='ltr'><strong>medicamentis</strong></span> <span class='ocrx_word' id='word_1_371' title='bbox 2907 670 3060 719; x_wconf 79' lang='lat' dir='ltr'><strong>bonis.</strong></span> <span class='ocrx_word' id='word_1_372' title='bbox 3091 692 3110 709; x_wconf 71' lang='grc' dir='ltr'><strong>ο</strong></span> 
     </span>
     <span class='ocr_line' id='line_1_58' title="bbox 2094 764 3101 829; baseline -0.002 -12"><span class='ocrx_word' id='word_1_373' title='bbox 2094 770 2276 817; x_wconf 66' lang='lat' dir='ltr'><strong>AEstate</strong></span> <span class='ocrx_word' id='word_1_374' title='bbox 2293 767 2496 829; x_wconf 76' lang='lat' dir='ltr'><strong>grandes</strong></span> <span class='ocrx_word' id='word_1_375' title='bbox 2524 765 2712 827; x_wconf 78' lang='lat' dir='ltr'><strong>viperas</strong></span> <span class='ocrx_word' id='word_1_376' title='bbox 2737 768 2794 814; x_wconf 88' lang='lat' dir='ltr'><strong>tu</strong></span> <span class='ocrx_word' id='word_1_377' title='bbox 2815 764 2888 813; x_wconf 90' lang='lat' dir='ltr'>bis</span> <span class='ocrx_word' id='word_1_378' title='bbox 2917 766 3101 822; x_wconf 85' lang='lat' dir='ltr'><strong>decem.</strong></span> 
     </span>
     <span class='ocr_line' id='line_1_59' title="bbox 2099 862 3043 923; baseline -0.004 -12"><span class='ocrx_word' id='word_1_379' title='bbox 2099 866 2310 911; x_wconf 83' lang='lat' dir='ltr'><strong>Venator</strong></span> <span class='ocrx_word' id='word_1_380' title='bbox 2329 864 2493 923; x_wconf 83' lang='lat' dir='ltr'><strong>captas</strong></span> <span class='ocrx_word' id='word_1_381' title='bbox 2510 874 2628 922; x_wconf 80' lang='lat' dir='ltr'><strong>quas</strong></span> <span class='ocrx_word' id='word_1_382' title='bbox 2647 864 2862 909; x_wconf 81' lang='lat' dir='ltr'><strong>recenter</strong></span> <span class='ocrx_word' id='word_1_383' title='bbox 2881 862 3043 909; x_wconf 86' lang='lat' dir='ltr'><strong>attulit</strong></span> 
     </span>
    </p>

    <p class='ocr_par' dir='ltr' id='par_1_18' title="bbox 2094 956 3361 1495">
     <span class='ocr_line' id='line_1_60' title="bbox 2094 956 3168 1019; baseline -0.003 -13"><span class='ocrx_word' id='word_1_384' title='bbox 2094 961 2292 1017; x_wconf 83' lang='lat' dir='ltr'><strong>Sumas,</strong></span> <span class='ocrx_word' id='word_1_385' title='bbox 2313 957 2390 1005; x_wconf 82' lang='lat' dir='ltr'><strong>vel</strong></span> <span class='ocrx_word' id='word_1_386' title='bbox 2417 957 2605 1018; x_wconf 59' lang='lat' dir='ltr'><strong>plui-en</strong></span> <span class='ocrx_word' id='word_1_387' title='bbox 2627 968 2837 1017; x_wconf 83' lang='lat' dir='ltr'><strong>namque</strong></span> <span class='ocrx_word' id='word_1_388' title='bbox 2859 969 3006 1017; x_wconf 74' lang='lat' dir='ltr'><strong>parva</strong></span> <span class='ocrx_word' id='word_1_389' title='bbox 3029 956 3168 1019; x_wconf 85' lang='lat' dir='ltr'><strong>copia</strong></span> 
     </span>
     <span class='ocr_line' id='line_1_61' title="bbox 2095 1050 3269 1113; baseline -0.003 -11"><span class='ocrx_word' id='word_1_390' title='bbox 2095 1053 2212 1102; x_wconf 85' lang='lat' dir='ltr'><strong>lude</strong></span> <span class='ocrx_word' id='word_1_391' title='bbox 2229 1050 2500 1100; x_wconf 80' lang='lat' dir='ltr'><strong>adhibenda</strong></span> <span class='ocrx_word' id='word_1_392' title='bbox 2521 1053 2594 1100; x_wconf 74' lang='lat' dir='ltr'>eet</span> <span class='ocrx_word' id='word_1_393' title='bbox 2611 1050 2882 1100; x_wconf 72' lang='lat' dir='ltr'><strong>antidotum</strong></span> <span class='ocrx_word' id='word_1_394' title='bbox 2901 1064 2998 1113; x_wconf 85' lang='lat' dir='ltr'><strong>qua</strong></span> <span class='ocrx_word' id='word_1_395' title='bbox 3017 1064 3269 1113; x_wconf 60' lang='lat' dir='ltr'><strong>praepares.</strong></span> 
     </span>
     <span class='ocr_line' id='line_1_62' title="bbox 2097 1146 3261 1209; baseline -0.002 -14"><span class='ocrx_word' id='word_1_396' title='bbox 2097 1150 2260 1205; x_wconf 90' lang='lat' dir='ltr'><strong>Quum</strong></span> <span class='ocrx_word' id='word_1_397' title='bbox 2279 1158 2545 1209; x_wconf 56' lang='grc' dir='ltr'>μῆτραι-οε,</span> <span class='ocrx_word' id='word_1_398' title='bbox 2565 1148 2665 1195; x_wconf 78' lang='lat' dir='ltr'><strong>tres</strong></span> <span class='ocrx_word' id='word_1_399' title='bbox 2683 1146 2855 1207; x_wconf 78' lang='lat' dir='ltr'>digitos</span> <span class='ocrx_word' id='word_1_400' title='bbox 2879 1149 3078 1207; x_wconf 80' lang='lat' dir='ltr'><strong>amputa</strong></span> <span class='ocrx_word' id='word_1_401' title='bbox 3099 1149 3261 1208; x_wconf 80' lang='lat' dir='ltr'><strong>caput,</strong></span> 
     </span>
     <span class='ocr_line' id='line_1_63' title="bbox 2096 1240 3361 1305; baseline -0.002 -14"><span class='ocrx_word' id='word_1_402' title='bbox 2096 1242 2340 1305; x_wconf 77' lang='lat' dir='ltr'><strong>Pauloque</strong></span> <span class='ocrx_word' id='word_1_403' title='bbox 2359 1240 2562 1290; x_wconf 83' lang='lat' dir='ltr'><strong>caudam</strong></span> <span class='ocrx_word' id='word_1_404' title='bbox 2585 1241 2752 1302; x_wconf 80' lang='lat' dir='ltr'><strong>magis,</strong></span> <span class='ocrx_word' id='word_1_405' title='bbox 2773 1241 2898 1289; x_wconf 79' lang='lat' dir='ltr'><strong>banc</strong></span> <span class='ocrx_word' id='word_1_406' title='bbox 2921 1242 3046 1303; x_wconf 82' lang='lat' dir='ltr'><strong>post,</strong></span> <span class='ocrx_word' id='word_1_407' title='bbox 3073 1241 3188 1289; x_wconf 87' lang='lat' dir='ltr'><strong>illud</strong></span> <span class='ocrx_word' id='word_1_408' title='bbox 3217 1242 3361 1302; x_wconf 86' lang='lat' dir='ltr'><strong>prius.</strong></span> 
     </span>
     <span class='ocr_line' id='line_1_64' title="bbox 2097 1335 3181 1397; baseline -0.003 -10"><span class='ocrx_word' id='word_1_409' title='bbox 2097 1340 2322 1387; x_wconf 77' lang='lat' dir='ltr'><strong>Detracta</strong></span> <span class='ocrx_word' id='word_1_410' title='bbox 2341 1335 2453 1385; x_wconf 81' lang='lat' dir='ltr'><strong>binc</strong></span> <span class='ocrx_word' id='word_1_411' title='bbox 2476 1338 2590 1385; x_wconf 72' lang='lat' dir='ltr'><strong>cute</strong></span> <span class='ocrx_word' id='word_1_412' title='bbox 2611 1340 2667 1385; x_wconf 84' lang='lat' dir='ltr'><strong>ut</strong></span> <span class='ocrx_word' id='word_1_413' title='bbox 2688 1335 2910 1397; x_wconf 73' lang='lat' dir='ltr'><strong>anguillis</strong></span> <span class='ocrx_word' id='word_1_414' title='bbox 2932 1337 3181 1397; x_wconf 77' lang='lat' dir='ltr'><strong>facillime,</strong></span> 
     </span>
     <span class='ocr_line' id='line_1_65' title="bbox 2095 1431 3139 1495; baseline -0.001 -13"><span class='ocrx_word' id='word_1_415' title='bbox 2095 1436 2268 1483; x_wconf 83' lang='lat' dir='ltr'><strong>Totam</strong></span> <span class='ocrx_word' id='word_1_416' title='bbox 2288 1432 2476 1482; x_wconf 81' lang='lat' dir='ltr'><strong>eximes</strong></span> <span class='ocrx_word' id='word_1_417' title='bbox 2493 1432 2706 1495; x_wconf 67' lang='lat' dir='ltr'><strong>ipsarum</strong></span> <span class='ocrx_word' id='word_1_418' title='bbox 2731 1431 3110 1493; x_wconf 77' lang='lat' dir='ltr'><strong>pinguitudinem</strong></span> <span class='ocrx_word' id='word_1_419' title='bbox 3125 1470 3139 1492; x_wconf 84' lang='lat'><strong>‚</strong></span> 
     </span>
    </p>

    <p class='ocr_par' dir='ltr' id='par_1_19' title="bbox 2095 1526 3338 2167">
     <span class='ocr_line' id='line_1_66' title="bbox 2099 1526 3100 1588; baseline -0.001 -13"><span class='ocrx_word' id='word_1_420' title='bbox 2099 1531 2168 1575; x_wconf 82' lang='lat' dir='ltr'>Ac</span> <span class='ocrx_word' id='word_1_421' title='bbox 2189 1528 2446 1588; x_wconf 65' lang='lat' dir='ltr'><strong>postquam</strong></span> <span class='ocrx_word' id='word_1_422' title='bbox 2467 1526 2558 1574; x_wconf 87' lang='lat' dir='ltr'><strong>rite</strong></span> <span class='ocrx_word' id='word_1_423' title='bbox 2577 1526 2751 1574; x_wconf 81' lang='lat' dir='ltr'><strong>laveris</strong></span> <span class='ocrx_word' id='word_1_424' title='bbox 2767 1560 2782 1585; x_wconf 86' lang='lat'>‚</span> <span class='ocrx_word' id='word_1_425' title='bbox 2801 1526 3030 1575; x_wconf 84' lang='lat' dir='ltr'><strong>dimittito</strong></span> <span class='ocrx_word' id='word_1_426' title='bbox 3051 1528 3100 1574; x_wconf 86' lang='lat' dir='ltr'>in</span> 
     </span>
     <span class='ocr_line' id='line_1_67' title="bbox 2098 1619 3338 1679; baseline 0.001 -9"><span class='ocrx_word' id='word_1_427' title='bbox 2098 1623 2317 1671; x_wconf 77' lang='lat' dir='ltr'><strong>patinam</strong></span> <span class='ocrx_word' id='word_1_428' title='bbox 2337 1624 2386 1669; x_wconf 88' lang='lat' dir='ltr'>et</span> <span class='ocrx_word' id='word_1_429' title='bbox 2404 1619 2693 1669; x_wconf 76' lang='lat' dir='ltr'><strong>mediocrem</strong></span> <span class='ocrx_word' id='word_1_430' title='bbox 2713 1619 2878 1669; x_wconf 84' lang='lat' dir='ltr'><strong>anethi</strong></span> <span class='ocrx_word' id='word_1_431' title='bbox 2903 1620 3184 1668; x_wconf 75' lang='lat' dir='ltr'><strong>fasciculum</strong></span> <span class='ocrx_word' id='word_1_432' title='bbox 3203 1622 3338 1679; x_wconf 79' lang='lat' dir='ltr'><strong>aridi,</strong></span> 
     </span>
     <span class='ocr_line' id='line_1_68' title="bbox 2097 1716 3128 1779; baseline 0 -14"><span class='ocrx_word' id='word_1_433' title='bbox 2097 1718 2261 1765; x_wconf 80' lang='lat' dir='ltr'><strong>At’l&#39;uso</strong></span> <span class='ocrx_word' id='word_1_434' title='bbox 2283 1730 2424 1779; x_wconf 71' lang='lat' dir='ltr'><strong>aquae</strong></span> <span class='ocrx_word' id='word_1_435' title='bbox 2448 1716 2576 1777; x_wconf 87' lang='lat' dir='ltr'><strong>quod</strong></span> <span class='ocrx_word' id='word_1_436' title='bbox 2605 1716 2719 1779; x_wconf 78' lang='lat' dir='ltr'><strong>ipsis</strong></span> <span class='ocrx_word' id='word_1_437' title='bbox 2735 1716 2931 1776; x_wconf 78' lang='lat' dir='ltr'><strong>sufficit,</strong></span> <span class='ocrx_word' id='word_1_438' title='bbox 2956 1730 3128 1778; x_wconf 74' lang='lat' dir='ltr'><strong>eoquo,</strong></span> 
     </span>
     <span class='ocr_line' id='line_1_69' title="bbox 2095 1810 3096 1872; baseline 0 -15"><span class='ocrx_word' id='word_1_439' title='bbox 2095 1812 2264 1858; x_wconf 87' lang='lat' dir='ltr'><strong>Donec</strong></span> <span class='ocrx_word' id='word_1_440' title='bbox 2282 1822 2396 1857; x_wconf 82' lang='lat' dir='ltr'><strong>caro</strong></span> <span class='ocrx_word' id='word_1_441' title='bbox 2415 1810 2655 1872; x_wconf 85' lang='lat' dir='ltr'><strong>relinquat</strong></span> <span class='ocrx_word' id='word_1_442' title='bbox 2677 1822 2784 1859; x_wconf 83' lang='lat' dir='ltr'><strong>ossa</strong></span> <span class='ocrx_word' id='word_1_443' title='bbox 2803 1812 3096 1871; x_wconf 56' lang='lat' dir='ltr'><strong>promptius-3</strong></span> 
     </span>
     <span class='ocr_line' id='line_1_70' title="bbox 2101 1904 3190 1967; baseline 0 -14"><span class='ocrx_word' id='word_1_444' title='bbox 2101 1906 2306 1954; x_wconf 74' lang='lat' dir='ltr'><strong>Posthac</strong></span> <span class='ocrx_word' id='word_1_445' title='bbox 2325 1904 2388 1953; x_wconf 83' lang='lat' dir='ltr'>ab</span> <span class='ocrx_word' id='word_1_446' title='bbox 2407 1906 2515 1967; x_wconf 80' lang='lat' dir='ltr'><strong>igne</strong></span> <span class='ocrx_word' id='word_1_447' title='bbox 2533 1908 2746 1965; x_wconf 78' lang='lat' dir='ltr'><strong>patinam</strong></span> <span class='ocrx_word' id='word_1_448' title='bbox 2769 1918 2880 1953; x_wconf 90' lang='lat' dir='ltr'>cum</span> <span class='ocrx_word' id='word_1_449' title='bbox 2901 1906 3162 1953; x_wconf 75' lang='lat' dir='ltr'><strong>removeris</strong></span> <span class='ocrx_word' id='word_1_450' title='bbox 3175 1944 3190 1966; x_wconf 89' lang='lat'><strong><em>‚</em></strong></span> 
     </span>
     <span class='ocr_line' id='line_1_71' title="bbox 2098 2000 3077 2062; baseline -0.002 -13"><span class='ocrx_word' id='word_1_451' title='bbox 2098 2001 2258 2049; x_wconf 83' lang='lat' dir='ltr'><strong>Solam</strong></span> <span class='ocrx_word' id='word_1_452' title='bbox 2281 2000 2487 2049; x_wconf 70' lang='lat' dir='ltr'><strong>revulsis</strong></span> <span class='ocrx_word' id='word_1_453' title='bbox 2504 2000 2694 2049; x_wconf 82' lang='lat' dir='ltr'><strong>ossibus</strong></span> <span class='ocrx_word' id='word_1_454' title='bbox 2712 2012 2903 2049; x_wconf 83' lang='lat' dir='ltr'><strong>carnem</strong></span> <span class='ocrx_word' id='word_1_455' title='bbox 2927 2000 3077 2062; x_wconf 58' lang='lat' dir='ltr'><strong>legam</strong></span> 
     </span>
     <span class='ocr_line' id='line_1_72' title="bbox 2099 2094 3081 2167; baseline 0 -24"><span class='ocrx_word' id='word_1_456' title='bbox 2099 2094 2283 2157; x_wconf 79' lang='lat' dir='ltr'><strong>AEquali</strong></span> <span class='ocrx_word' id='word_1_457' title='bbox 2301 2108 2494 2143; x_wconf 81' lang='lat' dir='ltr'><strong>carnem</strong></span> <span class='ocrx_word' id='word_1_458' title='bbox 2519 2095 2654 2155; x_wconf 74' lang='lat' dir='ltr'><strong>panis</strong></span> <span class='ocrx_word' id='word_1_459' title='bbox 2669 2096 2827 2157; x_wconf 77' lang='lat' dir='ltr'><strong>oequet</strong></span> <span class='ocrx_word' id='word_1_460' title='bbox 2847 2094 3081 2167; x_wconf 68' lang='lat' dir='ltr'><strong>pondere,</strong></span> 
     </span>
    </p>

    <p class='ocr_par' dir='ltr' id='par_1_20' title="bbox 2103 2192 3087 2254">
     <span class='ocr_line' id='line_1_73' title="bbox 2103 2192 3087 2254; baseline 0 -14"><span class='ocrx_word' id='word_1_461' title='bbox 2103 2192 2240 2240; x_wconf 84' lang='lat' dir='ltr'><strong>Panis</strong></span> <span class='ocrx_word' id='word_1_462' title='bbox 2257 2192 2472 2240; x_wconf 79' lang='lat' dir='ltr'><strong>triticeus</strong></span> <span class='ocrx_word' id='word_1_463' title='bbox 2491 2204 2641 2254; x_wconf 83' lang='lat' dir='ltr'><strong>purus</strong></span> <span class='ocrx_word' id='word_1_464' title='bbox 2659 2204 2718 2239; x_wconf 84' lang='lat' dir='ltr'>ac</span> <span class='ocrx_word' id='word_1_465' title='bbox 2737 2192 2882 2239; x_wconf 81' lang='lat' dir='ltr'><strong>tritus</strong></span> <span class='ocrx_word' id='word_1_466' title='bbox 2905 2192 3053 2253; x_wconf 86' lang='lat' dir='ltr'>probe</span> <span class='ocrx_word' id='word_1_467' title='bbox 3075 2212 3087 2241; x_wconf 72' lang='grc' dir='ltr'>ε</span> 
     </span>
    </p>

    <p class='ocr_par' dir='ltr' id='par_1_21' title="bbox 2101 2285 3007 2350">
     <span class='ocr_line' id='line_1_74' title="bbox 2101 2285 3007 2350; baseline -0.001 -14"><span class='ocrx_word' id='word_1_468' title='bbox 2101 2288 2224 2337; x_wconf 76' lang='lat' dir='ltr'><strong>Huic</strong></span> <span class='ocrx_word' id='word_1_469' title='bbox 2247 2287 2496 2350; x_wconf 84' lang='lat' dir='ltr'><strong>paululum</strong></span> <span class='ocrx_word' id='word_1_470' title='bbox 2517 2286 2812 2335; x_wconf 75' lang='lat' dir='ltr'><strong>decoctionis</strong></span> <span class='ocrx_word' id='word_1_471' title='bbox 2832 2285 3007 2346; x_wconf 74' lang='lat' dir='ltr'><strong>jusculi</strong></span> 
     </span>
    </p>

    <p class='ocr_par' dir='ltr' id='par_1_22' title="bbox 2099 2382 3174 2539">
     <span class='ocr_line' id='line_1_75' title="bbox 2099 2382 3174 2445; baseline -0.001 -12"><span class='ocrx_word' id='word_1_472' title='bbox 2099 2382 2322 2433; x_wconf 85' lang='lat' dir='ltr'><strong>Fundens</strong></span> <span class='ocrx_word' id='word_1_473' title='bbox 2339 2395 2501 2445; x_wconf 79' lang='lat' dir='ltr'><strong>super,</strong></span> <span class='ocrx_word' id='word_1_474' title='bbox 2526 2382 2771 2445; x_wconf 76' lang='lat' dir='ltr'><strong>placentas</strong></span> <span class='ocrx_word' id='word_1_475' title='bbox 2787 2384 2958 2431; x_wconf 78' lang='lat' dir='ltr'><strong>tenues</strong></span> <span class='ocrx_word' id='word_1_476' title='bbox 2983 2382 3174 2445; x_wconf 74' lang='lat' dir='ltr'><strong>tingit03</strong></span> 
     </span>
     <span class='ocr_line' id='line_1_76' title="bbox 2100 2476 3003 2539; baseline -0.004 -11"><span class='ocrx_word' id='word_1_477' title='bbox 2100 2479 2287 2528; x_wconf 67' lang='lat' dir='ltr'><strong>Sic-‚cato</strong></span> <span class='ocrx_word' id='word_1_478' title='bbox 2305 2479 2355 2526; x_wconf 87' lang='lat' dir='ltr'>et</span> <span class='ocrx_word' id='word_1_479' title='bbox 2377 2476 2576 2539; x_wconf 75' lang='lat' dir='ltr'><strong>pastillis</strong></span> <span class='ocrx_word' id='word_1_480' title='bbox 2597 2476 2820 2527; x_wconf 76' lang='lat' dir='ltr'><strong>theriaois</strong></span> <span class='ocrx_word' id='word_1_481' title='bbox 2839 2478 3003 2527; x_wconf 77' lang='lat' dir='ltr'><strong>utitor.</strong></span> 
     </span>
    </p>

    <p class='ocr_par' dir='ltr' id='par_1_23' title="bbox 2101 2570 3146 2730">
     <span class='ocr_line' id='line_1_77' title="bbox 2104 2570 3113 2633; baseline 0.002 -12"><span class='ocrx_word' id='word_1_482' title='bbox 2104 2577 2166 2622; x_wconf 76' lang='lat' dir='ltr'>At</span> <span class='ocrx_word' id='word_1_483' title='bbox 2187 2570 2395 2621; x_wconf 78' lang='lat' dir='ltr'><strong>scillinoa</strong></span> <span class='ocrx_word' id='word_1_484' title='bbox 2418 2571 2510 2619; x_wconf 90' lang='lat' dir='ltr'><strong>boc</strong></span> <span class='ocrx_word' id='word_1_485' title='bbox 2527 2584 2694 2621; x_wconf 78' lang='lat' dir='ltr'><strong>rursus</strong></span> <span class='ocrx_word' id='word_1_486' title='bbox 2712 2572 2908 2633; x_wconf 77' lang='lat' dir='ltr'><strong>effinges</strong></span> <span class='ocrx_word' id='word_1_487' title='bbox 2932 2573 3076 2623; x_wconf 87' lang='lat' dir='ltr'><strong>modo</strong></span> <span class='ocrx_word' id='word_1_488' title='bbox 3099 2592 3113 2623; x_wconf 72' lang='grc' dir='ltr'>ε</span> 
     </span>
     <span class='ocr_line' id='line_1_78' title="bbox 2101 2669 3146 2730; baseline 0.002 -13"><span class='ocrx_word' id='word_1_489' title='bbox 2101 2669 2292 2717; x_wconf 83' lang='lat' dir='ltr'><strong>scillam</strong></span> <span class='ocrx_word' id='word_1_490' title='bbox 2309 2669 2401 2717; x_wconf 81' lang='lat' dir='ltr'><strong>sub</strong></span> <span class='ocrx_word' id='word_1_491' title='bbox 2424 2680 2625 2717; x_wconf 75' lang='lat' dir='ltr'><strong>messem</strong></span> <span class='ocrx_word' id='word_1_492' title='bbox 2649 2669 2988 2730; x_wconf 78' lang='lat' dir='ltr'><strong>magnitudinis</strong></span> <span class='ocrx_word' id='word_1_493' title='bbox 3007 2669 3146 2719; x_wconf 78' lang='lat' dir='ltr'><strong>bonae</strong></span> 
     </span>
    </p>
   </div>
   <div class='ocr_carea' id='block_1_4' title="bbox 2105 2771 3327 5110">
    <p class='ocr_par' dir='ltr' id='par_1_24' title="bbox 2105 2771 3292 3022">
     <span class='ocr_line' id='line_1_79' title="bbox 2106 2771 3142 2835; baseline 0.003 -15"><span class='ocrx_word' id='word_1_494' title='bbox 2106 2771 2374 2833; x_wconf 73' lang='lat' dir='ltr'><strong>Albamque</strong></span> <span class='ocrx_word' id='word_1_495' title='bbox 2391 2774 2632 2833; x_wconf 75' lang='lat' dir='ltr'><strong>sumptam</strong></span> <span class='ocrx_word' id='word_1_496' title='bbox 2651 2772 2757 2820; x_wconf 86' lang='lat' dir='ltr'><strong>toto</strong></span> <span class='ocrx_word' id='word_1_497' title='bbox 2774 2785 2922 2834; x_wconf 79' lang='lat' dir='ltr'><strong>purga</strong></span> <span class='ocrx_word' id='word_1_498' title='bbox 2940 2774 3142 2835; x_wconf 81' lang='lat' dir='ltr'><strong>cortice,</strong></span> 
     </span>
     <span class='ocr_line' id='line_1_80' title="bbox 2105 2866 3292 2932; baseline 0.003 -16"><span class='ocrx_word' id='word_1_499' title='bbox 2105 2868 2312 2916; x_wconf 87' lang='lat' dir='ltr'><strong>Omnem</strong></span> <span class='ocrx_word' id='word_1_500' title='bbox 2338 2866 2555 2916; x_wconf 77' lang='lat' dir='ltr'><strong>eximens</strong></span> <span class='ocrx_word' id='word_1_501' title='bbox 2575 2866 2782 2915; x_wconf 83' lang='lat' dir='ltr'><strong>radicem</strong></span> <span class='ocrx_word' id='word_1_502' title='bbox 2801 2866 3033 2929; x_wconf 67' lang='lat' dir='ltr'><strong>lignosum</strong></span> <span class='ocrx_word' id='word_1_503' title='bbox 3049 2868 3292 2932; x_wconf 85' lang='lat' dir='ltr'><strong>undique;</strong></span> 
     </span>
     <span class='ocr_line' id='line_1_81' title="bbox 2105 2960 3074 3022; baseline -0.001 -12"><span class='ocrx_word' id='word_1_504' title='bbox 2105 2964 2156 3010; x_wconf 91' lang='lat' dir='ltr'>ln</span> <span class='ocrx_word' id='word_1_505' title='bbox 2177 2961 2371 3008; x_wconf 77' lang='lat' dir='ltr'><strong>furnum</strong></span> <span class='ocrx_word' id='word_1_506' title='bbox 2393 2972 2517 3022; x_wconf 84' lang='lat' dir='ltr'><strong>pone</strong></span> <span class='ocrx_word' id='word_1_507' title='bbox 2544 2960 2689 3008; x_wconf 82' lang='lat' dir='ltr'><strong>tritici</strong></span> <span class='ocrx_word' id='word_1_508' title='bbox 2709 2973 2866 3009; x_wconf 73' lang='lat' dir='ltr'><strong>massa</strong></span> <span class='ocrx_word' id='word_1_509' title='bbox 2885 2961 3074 3022; x_wconf 83' lang='lat' dir='ltr'><strong>illitam,</strong></span> 
     </span>
    </p>

    <p class='ocr_par' dir='ltr' id='par_1_25' title="bbox 2105 3054 3190 3209">
     <span class='ocr_line' id='line_1_82' title="bbox 2105 3054 3190 3118; baseline 0.001 -15"><span class='ocrx_word' id='word_1_510' title='bbox 2105 3057 2260 3117; x_wconf 77' lang='lat' dir='ltr'><strong>Atque</strong></span> <span class='ocrx_word' id='word_1_511' title='bbox 2277 3054 2474 3103; x_wconf 88' lang='lat' dir='ltr'><strong>omnino</strong></span> <span class='ocrx_word' id='word_1_512' title='bbox 2504 3055 2692 3103; x_wconf 84' lang='lat' dir='ltr'><strong>coctam</strong></span> <span class='ocrx_word' id='word_1_513' title='bbox 2712 3067 2824 3103; x_wconf 88' lang='lat' dir='ltr'>cum</span> <span class='ocrx_word' id='word_1_514' title='bbox 2853 3056 3190 3118; x_wconf 78' lang='lat' dir='ltr'><strong>perfectissime</strong></span> 
     </span>
     <span class='ocr_line' id='line_1_83' title="bbox 2108 3147 3094 3209; baseline -0.001 -12"><span class='ocrx_word' id='word_1_515' title='bbox 2108 3147 2369 3208; x_wconf 67' lang='lat' dir='ltr'><strong>PutaveriS,</strong></span> <span class='ocrx_word' id='word_1_516' title='bbox 2393 3147 2496 3209; x_wconf 78' lang='lat' dir='ltr'><strong>ejus</strong></span> <span class='ocrx_word' id='word_1_517' title='bbox 2517 3147 2684 3196; x_wconf 84' lang='lat' dir='ltr'><strong>libram</strong></span> <span class='ocrx_word' id='word_1_518' title='bbox 2705 3161 2854 3196; x_wconf 85' lang='lat' dir='ltr'><strong>unam</strong></span> <span class='ocrx_word' id='word_1_519' title='bbox 2883 3151 3094 3208; x_wconf 86' lang='lat' dir='ltr'><strong>sumito;</strong></span> 
     </span>
    </p>

    <p class='ocr_par' dir='ltr' id='par_1_26' title="bbox 2109 3240 3068 3302">
     <span class='ocr_line' id='line_1_84' title="bbox 2109 3240 3068 3302; baseline -0.003 -8"><span class='ocrx_word' id='word_1_520' title='bbox 2109 3241 2230 3294; x_wconf 77' lang='lat' dir='ltr'><strong>Huic</strong></span> <span class='ocrx_word' id='word_1_521' title='bbox 2247 3240 2370 3289; x_wconf 86' lang='lat' dir='ltr'><strong>adde</strong></span> <span class='ocrx_word' id='word_1_522' title='bbox 2386 3241 2722 3302; x_wconf 71' lang='lat' dir='ltr'><strong>sesquilibram</strong></span> <span class='ocrx_word' id='word_1_523' title='bbox 2745 3242 3068 3292; x_wconf 67' lang='lat' dir='ltr'><strong>subtilissimae</strong></span> 
     </span>
    </p>

    <p class='ocr_par' dir='ltr' id='par_1_27' title="bbox 2107 3335 2932 3397">
     <span class='ocr_line' id='line_1_85' title="bbox 2107 3335 2932 3397; baseline -0.001 -13"><span class='ocrx_word' id='word_1_524' title='bbox 2107 3337 2218 3385; x_wconf 82' lang='lat' dir='ltr'><strong>Ervi</strong></span> <span class='ocrx_word' id='word_1_525' title='bbox 2238 3337 2404 3384; x_wconf 76' lang='lat' dir='ltr'><strong>farinae</strong></span> <span class='ocrx_word' id='word_1_526' title='bbox 2421 3335 2672 3397; x_wconf 78' lang='lat' dir='ltr'><strong>paululum</strong></span> <span class='ocrx_word' id='word_1_527' title='bbox 2693 3337 2932 3396; x_wconf 59' lang='grc' dir='ltr'>τοῖοι-(ἰοῖς</span> 
     </span>
    </p>

    <p class='ocr_par' dir='ltr' id='par_1_28' title="bbox 2107 3431 3203 3587">
     <span class='ocr_line' id='line_1_86' title="bbox 2107 3431 3203 3494; baseline 0.001 -13"><span class='ocrx_word' id='word_1_528' title='bbox 2107 3434 2243 3481; x_wconf 84' lang='lat' dir='ltr'><strong>Tunc</strong></span> <span class='ocrx_word' id='word_1_529' title='bbox 2271 3431 2438 3492; x_wconf 77' lang='lat' dir='ltr'><strong>laeviga</strong></span> <span class='ocrx_word' id='word_1_530' title='bbox 2455 3431 2618 3479; x_wconf 74' lang='lat' dir='ltr'><strong>statim</strong></span> <span class='ocrx_word' id='word_1_531' title='bbox 2630 3466 2644 3488; x_wconf 90' lang='lat'>,</span> <span class='ocrx_word' id='word_1_532' title='bbox 2664 3433 2784 3480; x_wconf 84' lang='lat' dir='ltr'><strong>tunc</strong></span> <span class='ocrx_word' id='word_1_533' title='bbox 2802 3445 3056 3494; x_wconf 79' lang='lat' dir='ltr'><strong>perparvas</strong></span> <span class='ocrx_word' id='word_1_534' title='bbox 3074 3436 3203 3482; x_wconf 78' lang='lat' dir='ltr'><strong>rotas</strong></span> 
     </span>
     <span class='ocr_line' id='line_1_87' title="bbox 2109 3523 3150 3587; baseline 0.002 -13"><span class='ocrx_word' id='word_1_535' title='bbox 2109 3529 2221 3586; x_wconf 82' lang='lat' dir='ltr'><strong>Fac,</strong></span> <span class='ocrx_word' id='word_1_536' title='bbox 2240 3538 2361 3587; x_wconf 78' lang='lat' dir='ltr'><strong>quas</strong></span> <span class='ocrx_word' id='word_1_537' title='bbox 2377 3525 2578 3574; x_wconf 66' lang='lat' dir='ltr'><strong>siccam</strong></span> <span class='ocrx_word' id='word_1_538' title='bbox 2599 3523 2754 3574; x_wconf 86' lang='lat' dir='ltr'><strong>conde</strong></span> <span class='ocrx_word' id='word_1_539' title='bbox 2769 3538 2869 3587; x_wconf 91' lang='lat' dir='ltr'>quo</span> <span class='ocrx_word' id='word_1_540' title='bbox 2888 3526 2997 3578; x_wconf 81' lang='lat' dir='ltr'><strong>loco</strong></span> <span class='ocrx_word' id='word_1_541' title='bbox 3017 3527 3150 3576; x_wconf 85' lang='lat' dir='ltr'><strong>libet.</strong></span> 
     </span>
    </p>

    <p class='ocr_par' dir='ltr' id='par_1_29' title="bbox 2107 3619 3327 4052">
     <span class='ocr_line' id='line_1_88' title="bbox 2109 3619 3058 3680; baseline -0.001 -11"><span class='ocrx_word' id='word_1_542' title='bbox 2109 3624 2178 3670; x_wconf 77' lang='lat' dir='ltr'>Ne</span> <span class='ocrx_word' id='word_1_543' title='bbox 2195 3620 2257 3668; x_wconf 90' lang='lat' dir='ltr'>sit</span> <span class='ocrx_word' id='word_1_544' title='bbox 2279 3620 2478 3669; x_wconf 74' lang='lat' dir='ltr'><strong>mistura</strong></span> <span class='ocrx_word' id='word_1_545' title='bbox 2497 3619 2658 3680; x_wconf 78' lang='lat' dir='ltr'><strong>ignota</strong></span> <span class='ocrx_word' id='word_1_546' title='bbox 2678 3621 2777 3667; x_wconf 82' lang='lat' dir='ltr'><strong>tam</strong></span> <span class='ocrx_word' id='word_1_547' title='bbox 2795 3621 2952 3680; x_wconf 73' lang='lat' dir='ltr'><strong>gravis</strong></span> <span class='ocrx_word' id='word_1_548' title='bbox 2972 3621 3058 3668; x_wconf 88' lang='lat' dir='ltr'><strong>tibi</strong></span> 
     </span>
     <span class='ocr_line' id='line_1_89' title="bbox 2107 3713 3324 3778; baseline -0.001 -13"><span class='ocrx_word' id='word_1_549' title='bbox 2107 3715 2390 3765; x_wconf 73' lang='lat' dir='ltr'><strong>&#39;theriacam</strong></span> <span class='ocrx_word' id='word_1_550' title='bbox 2411 3727 2558 3776; x_wconf 86' lang='lat' dir='ltr'><strong>quam</strong></span> <span class='ocrx_word' id='word_1_551' title='bbox 2582 3713 2770 3773; x_wconf 82' lang='lat' dir='ltr'><strong>dicunt,</strong></span> <span class='ocrx_word' id='word_1_552' title='bbox 2789 3714 2925 3775; x_wconf 86' lang='lat' dir='ltr'><strong>audi,</strong></span> <span class='ocrx_word' id='word_1_553' title='bbox 2945 3715 3048 3776; x_wconf 84' lang='lat' dir='ltr'><strong>jam</strong></span> <span class='ocrx_word' id='word_1_554' title='bbox 3073 3715 3324 3778; x_wconf 71' lang='lat' dir='ltr'><strong>proferam.</strong></span> 
     </span>
     <span class='ocr_line' id='line_1_90' title="bbox 2109 3810 3327 3871; baseline -0.001 -10"><span class='ocrx_word' id='word_1_555' title='bbox 2109 3815 2214 3861; x_wconf 83' lang='lat' dir='ltr'>Hac</span> <span class='ocrx_word' id='word_1_556' title='bbox 2235 3823 2374 3858; x_wconf 77' lang='lat' dir='ltr'><strong>usum</strong></span> <span class='ocrx_word' id='word_1_557' title='bbox 2400 3822 2595 3871; x_wconf 85' lang='lat' dir='ltr'><strong>quoque</strong></span> <span class='ocrx_word' id='word_1_558' title='bbox 2623 3811 2766 3857; x_wconf 74' lang='lat' dir='ltr'><strong>fuisse</strong></span> <span class='ocrx_word' id='word_1_559' title='bbox 2793 3810 3124 3858; x_wconf 80' lang='lat' dir='ltr'><strong>Mithridatem</strong></span> <span class='ocrx_word' id='word_1_560' title='bbox 3146 3811 3327 3868; x_wconf 75' lang='lat' dir='ltr'><strong>ferunt,</strong></span> 
     </span>
     <span class='ocr_line' id='line_1_91' title="bbox 2110 3896 3242 3955; baseline 0 -9"><span class='ocrx_word' id='word_1_561' title='bbox 2110 3903 2274 3955; x_wconf 82' lang='lat' dir='ltr'><strong>Quum</strong></span> <span class='ocrx_word' id='word_1_562' title='bbox 2302 3897 2464 3946; x_wconf 83' lang='lat' dir='ltr'><strong>bibere</strong></span> <span class='ocrx_word' id='word_1_563' title='bbox 2485 3896 2839 3946; x_wconf 73' lang='lat' dir='ltr'><strong>medicamenta</strong></span> <span class='ocrx_word' id='word_1_564' title='bbox 2856 3911 2968 3945; x_wconf 82' lang='lat' dir='ltr'>eum</span> <span class='ocrx_word' id='word_1_565' title='bbox 2987 3899 3242 3947; x_wconf 69' lang='lat' dir='ltr'><strong>necessitas</strong></span> 
     </span>
     <span class='ocr_line' id='line_1_92' title="bbox 2110 3991 3110 4052; baseline -0.001 -11"><span class='ocrx_word' id='word_1_566' title='bbox 2110 3993 2263 4042; x_wconf 79' lang='lat' dir='ltr'><strong>Noxia</strong></span> <span class='ocrx_word' id='word_1_567' title='bbox 2283 3992 2441 4040; x_wconf 79' lang='lat' dir='ltr'><strong>omnis</strong></span> <span class='ocrx_word' id='word_1_568' title='bbox 2461 3991 2657 4040; x_wconf 84' lang='lat' dir='ltr'><strong>bellanti</strong></span> <span class='ocrx_word' id='word_1_569' title='bbox 2683 4003 2794 4040; x_wconf 86' lang='lat' dir='ltr'>cum</span> <span class='ocrx_word' id='word_1_570' title='bbox 2813 3991 2974 4040; x_wconf 82' lang='lat' dir='ltr'><strong>liberis</strong></span> <span class='ocrx_word' id='word_1_571' title='bbox 2993 3992 3110 4052; x_wconf 63' lang='grc' dir='ltr'>[σῆς</span> 
     </span>
    </p>

    <p class='ocr_par' dir='ltr' id='par_1_30' title="bbox 2111 4079 3027 4143">
     <span class='ocr_line' id='line_1_93' title="bbox 2111 4079 3027 4143; baseline -0.004 -12"><span class='ocrx_word' id='word_1_572' title='bbox 2111 4081 2298 4131; x_wconf 86' lang='lat' dir='ltr'><strong>Nullius</strong></span> <span class='ocrx_word' id='word_1_573' title='bbox 2317 4081 2417 4143; x_wconf 83' lang='lat' dir='ltr'><strong>ipse</strong></span> <span class='ocrx_word' id='word_1_574' title='bbox 2435 4093 2576 4127; x_wconf 80' lang='lat' dir='ltr'><strong>noxae</strong></span> <span class='ocrx_word' id='word_1_575' title='bbox 2596 4092 2788 4128; x_wconf 82' lang='lat' dir='ltr'><strong>sensum</strong></span> <span class='ocrx_word' id='word_1_576' title='bbox 2805 4079 3027 4142; x_wconf 81' lang='lat' dir='ltr'><strong>pertulit,</strong></span> 
     </span>
    </p>

    <p class='ocr_par' dir='ltr' id='par_1_31' title="bbox 2110 4167 3094 4229">
     <span class='ocr_line' id='line_1_94' title="bbox 2110 4167 3094 4229; baseline -0.002 -11"><span class='ocrx_word' id='word_1_577' title='bbox 2110 4169 2202 4218; x_wconf 81' lang='lat' dir='ltr'><strong>Sed</strong></span> <span class='ocrx_word' id='word_1_578' title='bbox 2222 4181 2332 4217; x_wconf 85' lang='lat' dir='ltr'><strong>ense</strong></span> <span class='ocrx_word' id='word_1_579' title='bbox 2355 4167 2669 4216; x_wconf 81' lang='lat' dir='ltr'><strong>detruncatus</strong></span> <span class='ocrx_word' id='word_1_580' title='bbox 2689 4167 2835 4214; x_wconf 81' lang='lat' dir='ltr'><strong>vitam</strong></span> <span class='ocrx_word' id='word_1_581' title='bbox 2861 4167 3094 4229; x_wconf 79' lang='lat' dir='ltr'><strong>perdidit3</strong></span> 
     </span>
    </p>

    <p class='ocr_par' dir='ltr' id='par_1_32' title="bbox 2112 4255 3192 4671">
     <span class='ocr_line' id='line_1_95' title="bbox 2112 4255 3151 4318; baseline 0.002 -13"><span class='ocrx_word' id='word_1_582' title='bbox 2112 4260 2282 4306; x_wconf 84' lang='lat' dir='ltr'><strong>Gnatae</strong></span> <span class='ocrx_word' id='word_1_583' title='bbox 2301 4268 2416 4305; x_wconf 83' lang='lat' dir='ltr'><strong>vero</strong></span> <span class='ocrx_word' id='word_1_584' title='bbox 2441 4258 2555 4317; x_wconf 85' lang='lat' dir='ltr'><strong>potu</strong></span> <span class='ocrx_word' id='word_1_585' title='bbox 2578 4255 2863 4303; x_wconf 75' lang='lat' dir='ltr'><strong>interierunt</strong></span> <span class='ocrx_word' id='word_1_586' title='bbox 2887 4256 3151 4318; x_wconf 81' lang='lat' dir='ltr'><strong>pharmaci.</strong></span> 
     </span>
     <span class='ocr_line' id='line_1_96' title="bbox 2113 4343 3151 4407; baseline 0 -14"><span class='ocrx_word' id='word_1_587' title='bbox 2113 4350 2266 4407; x_wconf 80' lang='lat' dir='ltr'><strong>ipsam</strong></span> <span class='ocrx_word' id='word_1_588' title='bbox 2287 4345 2362 4392; x_wconf 80' lang='lat' dir='ltr'>sac</span> <span class='ocrx_word' id='word_1_589' title='bbox 2387 4343 2456 4392; x_wconf 77' lang='lat' dir='ltr'>sic</span> <span class='ocrx_word' id='word_1_590' title='bbox 2481 4358 2493 4386; x_wconf 89' lang='lat'>:</span> <span class='ocrx_word' id='word_1_591' title='bbox 2515 4343 2942 4404; x_wconf 84' lang='lat' dir='ltr'><strong>scilliticorumqne</strong></span> <span class='ocrx_word' id='word_1_592' title='bbox 2961 4344 3151 4393; x_wconf 86' lang='lat' dir='ltr'><strong>orbium</strong></span> 
     </span>
     <span class='ocr_line' id='line_1_97' title="bbox 2113 4431 3192 4493; baseline -0.002 -11"><span class='ocrx_word' id='word_1_593' title='bbox 2113 4433 2378 4482; x_wconf 80' lang='lat' dir='ltr'><strong>Dracbmas</strong></span> <span class='ocrx_word' id='word_1_594' title='bbox 2403 4431 2567 4493; x_wconf 84' lang='lat' dir='ltr'><strong>viginti</strong></span> <span class='ocrx_word' id='word_1_595' title='bbox 2584 4431 2683 4488; x_wconf 66' lang='lat' dir='ltr'><strong>bis»,</strong></span> <span class='ocrx_word' id='word_1_596' title='bbox 2705 4431 2822 4480; x_wconf 83' lang='lat' dir='ltr'><strong>alias</strong></span> <span class='ocrx_word' id='word_1_597' title='bbox 2841 4432 2915 4480; x_wconf 83' lang='lat' dir='ltr'>bis</span> <span class='ocrx_word' id='word_1_598' title='bbox 2932 4435 3192 4493; x_wconf 79' lang='lat' dir='ltr'><strong>quattuor3</strong></span> 
     </span>
     <span class='ocr_line' id='line_1_98' title="bbox 2112 4519 3120 4582; baseline -0.004 -10"><span class='ocrx_word' id='word_1_599' title='bbox 2112 4522 2455 4572; x_wconf 73' lang='lat' dir='ltr'><strong>Ther-incorum</strong></span> <span class='ocrx_word' id='word_1_600' title='bbox 2477 4520 2667 4569; x_wconf 84' lang='lat' dir='ltr'><strong>orbium</strong></span> <span class='ocrx_word' id='word_1_601' title='bbox 2686 4519 2852 4582; x_wconf 83' lang='lat' dir='ltr'><strong>viginti</strong></span> <span class='ocrx_word' id='word_1_602' title='bbox 2871 4523 3120 4582; x_wconf 85' lang='lat' dir='ltr'><strong>quattuor,</strong></span> 
     </span>
     <span class='ocr_line' id='line_1_99' title="bbox 2112 4608 3162 4671; baseline -0.003 -12"><span class='ocrx_word' id='word_1_603' title='bbox 2112 4609 2335 4671; x_wconf 82' lang='lat' dir='ltr'><strong>Nigrique</strong></span> <span class='ocrx_word' id='word_1_604' title='bbox 2353 4609 2554 4670; x_wconf 71' lang='lat' dir='ltr'><strong>piperiS,</strong></span> <span class='ocrx_word' id='word_1_605' title='bbox 2573 4609 2667 4670; x_wconf 84' lang='lat' dir='ltr'><strong>opii</strong></span> <span class='ocrx_word' id='word_1_606' title='bbox 2689 4611 2739 4657; x_wconf 88' lang='lat' dir='ltr'>et</span> <span class='ocrx_word' id='word_1_607' title='bbox 2755 4608 2867 4656; x_wconf 79' lang='lat' dir='ltr'><strong>sicci</strong></span> <span class='ocrx_word' id='word_1_608' title='bbox 2893 4608 3162 4671; x_wconf 70' lang='lat' dir='ltr'><strong>maguntia,</strong></span> 
     </span>
    </p>

    <p class='ocr_par' dir='ltr' id='par_1_33' title="bbox 2113 4695 3327 4846">
     <span class='ocr_line' id='line_1_100' title="bbox 2113 4695 3327 4759; baseline -0.002 -14"><span class='ocrx_word' id='word_1_609' title='bbox 2113 4697 2252 4754; x_wconf 90' lang='lat' dir='ltr'><strong>Quod</strong></span> <span class='ocrx_word' id='word_1_610' title='bbox 2278 4695 2551 4758; x_wconf 79' lang='lat' dir='ltr'><strong>liedycliroa</strong></span> <span class='ocrx_word' id='word_1_611' title='bbox 2568 4695 2813 4759; x_wconf 81' lang='lat' dir='ltr'><strong>quondam</strong></span> <span class='ocrx_word' id='word_1_612' title='bbox 2841 4695 3080 4744; x_wconf 82' lang='lat' dir='ltr'><strong>vocabant</strong></span> <span class='ocrx_word' id='word_1_613' title='bbox 3097 4695 3327 4757; x_wconf 83' lang='lat' dir='ltr'><strong>unguina,</strong></span> 
     </span>
     <span class='ocr_line' id='line_1_101' title="bbox 2113 4783 3045 4846; baseline -0.003 -11"><span class='ocrx_word' id='word_1_614' title='bbox 2113 4785 2191 4835; x_wconf 86' lang='lat' dir='ltr'>Bis</span> <span class='ocrx_word' id='word_1_615' title='bbox 2209 4785 2504 4846; x_wconf 81' lang='lat' dir='ltr'><strong>singulorum</strong></span> <span class='ocrx_word' id='word_1_616' title='bbox 2523 4783 2782 4832; x_wconf 83' lang='lat' dir='ltr'><strong>duodecim</strong></span> <span class='ocrx_word' id='word_1_617' title='bbox 2800 4784 3045 4842; x_wconf 56' lang='lat' dir='ltr'><strong>denarium</strong></span> 
     </span>
    </p>

    <p class='ocr_par' dir='ltr' id='par_1_34' title="bbox 2112 4871 3042 4924">
     <span class='ocr_line' id='line_1_102' title="bbox 2112 4871 3042 4924; baseline -0.004 0"><span class='ocrx_word' id='word_1_618' title='bbox 2112 4875 2357 4924; x_wconf 81' lang='lat' dir='ltr'><strong>Radiculae</strong></span> <span class='ocrx_word' id='word_1_619' title='bbox 2376 4873 2530 4922; x_wconf 85' lang='lat' dir='ltr'><strong>dulcis</strong></span> <span class='ocrx_word' id='word_1_620' title='bbox 2551 4875 2680 4922; x_wconf 88' lang='lat' dir='ltr'><strong>succi</strong></span> <span class='ocrx_word' id='word_1_621' title='bbox 2705 4871 2852 4921; x_wconf 80' lang='lat' dir='ltr'><strong>aridae</strong></span> <span class='ocrx_word' id='word_1_622' title='bbox 2875 4872 3042 4922; x_wconf 81' lang='lat' dir='ltr'><strong>decem</strong></span> 
     </span>
    </p>

    <p class='ocr_par' dir='ltr' id='par_1_35' title="bbox 2117 4961 3149 5024">
     <span class='ocr_line' id='line_1_103' title="bbox 2117 4961 3149 5024; baseline -0.004 -13"><span class='ocrx_word' id='word_1_623' title='bbox 2117 4969 2272 5024; x_wconf 78' lang='lat' dir='ltr'><strong>Atque</strong></span> <span class='ocrx_word' id='word_1_624' title='bbox 2296 4963 2486 5024; x_wconf 82' lang='lat' dir='ltr'><strong>insuper</strong></span> <span class='ocrx_word' id='word_1_625' title='bbox 2513 4961 2633 5009; x_wconf 81' lang='lat' dir='ltr'><strong>(luas</strong></span> <span class='ocrx_word' id='word_1_626' title='bbox 2647 4997 2660 5020; x_wconf 89' lang='lat'>,</span> <span class='ocrx_word' id='word_1_627' title='bbox 2683 4975 2804 5009; x_wconf 56' lang='grc' dir='ltr'>νοω</span> <span class='ocrx_word' id='word_1_628' title='bbox 2825 4961 2967 5008; x_wconf 78' lang='lat' dir='ltr'><strong>siccae</strong></span> <span class='ocrx_word' id='word_1_629' title='bbox 2986 4973 3149 5021; x_wconf 77' lang='lat' dir='ltr'><strong>pares,</strong></span> 
     </span>
    </p>

    <p class='ocr_par' dir='ltr' id='par_1_36' title="bbox 2119 5048 3170 5110">
     <span class='ocr_line' id='line_1_104' title="bbox 2119 5048 3170 5110; baseline -0.004 -9"><span class='ocrx_word' id='word_1_630' title='bbox 2119 5055 2176 5101; x_wconf 77' lang='lat' dir='ltr'>Et</span> <span class='ocrx_word' id='word_1_631' title='bbox 2201 5051 2488 5099; x_wconf 81' lang='lat' dir='ltr'><strong>cinnamomi</strong></span> <span class='ocrx_word' id='word_1_632' title='bbox 2509 5087 2521 5106; x_wconf 91' lang='lat'>,</span> <span class='ocrx_word' id='word_1_633' title='bbox 2544 5049 2601 5096; x_wconf 84' lang='lat' dir='ltr'><strong>ad</strong></span> <span class='ocrx_word' id='word_1_634' title='bbox 2627 5051 2730 5096; x_wconf 65' lang='lat' dir='ltr'><strong>lia-c</strong></span> <span class='ocrx_word' id='word_1_635' title='bbox 2748 5048 3040 5110; x_wconf 74' lang='lat' dir='ltr'><strong>opobalsami</strong></span> <span class='ocrx_word' id='word_1_636' title='bbox 3061 5049 3170 5097; x_wconf 85' lang='lat' dir='ltr'><strong>boni</strong></span> 
     </span>
    </p>
   </div>
   <div class='ocr_carea' id='block_1_5' title="bbox 2065 5137 3144 5201">
    <p class='ocr_par' dir='ltr' id='par_1_37' title="bbox 2065 5137 3144 5201">
     <span class='ocr_line' id='line_1_105' title="bbox 2065 5137 3144 5201; baseline -0.006 -11"><span class='ocrx_word' id='word_1_637' title='bbox 2065 5145 2074 5190; x_wconf 83' lang='grc'>1</span> <span class='ocrx_word' id='word_1_638' title='bbox 2117 5143 2273 5201; x_wconf 79' lang='lat' dir='ltr'><strong>Atque</strong></span> <span class='ocrx_word' id='word_1_639' title='bbox 2296 5140 2416 5188; x_wconf 81' lang='lat' dir='ltr'><strong>ireos</strong></span> <span class='ocrx_word' id='word_1_640' title='bbox 2435 5152 2580 5200; x_wconf 82' lang='lat' dir='ltr'><strong>quani</strong></span> <span class='ocrx_word' id='word_1_641' title='bbox 2602 5138 2784 5199; x_wconf 73' lang='lat' dir='ltr'><strong>profert</strong></span> <span class='ocrx_word' id='word_1_642' title='bbox 2807 5137 2962 5198; x_wconf 81' lang='lat' dir='ltr'><strong>illyria</strong></span> <span class='ocrx_word' id='word_1_643' title='bbox 2983 5137 3144 5196; x_wconf 80' lang='lat' dir='ltr'><strong>nobis,</strong></span> 
     </span>
    </p>
   </div>
   <div class='ocr_carea' id='block_1_6' title="bbox 3672 1388 3702 5778">
    <p class='ocr_par' dir='ltr' id='par_1_38' title="bbox 3672 1388 3702 5778">
     <span class='ocr_line' id='line_1_106' title="bbox 3672 1388 3702 5778; baseline 0 0"><span class='ocrx_word' id='word_1_644' title='bbox 3672 1388 3702 5778; x_wconf 95' lang='lat' dir='ltr'> </span> 
     </span>
    </p>
   </div>
  </div>
 </body>
</html>
