3767 5825
516 541 657 610 ἥπια
682 533 1033 614 κυμαίνουσα,
1064 533 1169 596 τότ’
1190 533 1365 616 ἰχθύες
1398 533 1613 596 ἄλλοθεν
1645 535 1793 596 ἄλλοι

516 624 779 707 πανσυδίῃ
802 628 1017 708 φοιτῶσι
1044 623 1315 704 γεγηθότες
1348 623 1523 702 ἐγγύθι
1545 623 1715 704 γαίης.

526 709 619 778 Ὦς
647 709 704 770 δὲ
732 709 1119 793 πολυρῤαίσταο
1146 709 1291 793 νέφος
1306 708 1557 788 πολέμοιο
1587 716 1819 793 φυγοῦσα

520 797 675 874 ὄλὸίη
710 799 1015 858 ἀθανάτοισι
1041 798 1169 880 φίλη
1195 797 1372 872 πόλις,
1396 797 1462 872 ἥν
1492 797 1557 880 ῥά
1582 822 1639 857 τε
1668 799 1821 880 δηρὸν

424 907 505 950 us
534 884 829 966 δυσμενέων
858 885 1167 966 πάγχαλκος
1190 886 1568 968 ἐπεπλήμμυρε
1606 885 1815 962 θύελλα,

520 973 615 1057 ὀψὲ
643 975 687 1033 δ’
710 972 1053 1046 ἀπολλήξασα
1077 973 1169 1034 καὶ
1204 972 1551 1052 ἀμπνεύσασα
1580 973 1757 1052 μόθοιο

520 1059 790 1128 ἀσπασίως
811 1059 1031 1140 γάνυταί
1053 1083 1110 1120 τε
1137 1061 1230 1121 καὶ
1258 1060 1461 1143 εἰρήνης
1485 1061 1771 1140 καμάτοισι

520 1148 763 1232 τέρπεται
787 1146 1096 1230 ἁρπαλέοισι
1124 1147 1215 1207 καὶ
1238 1149 1401 1217 εὔδιος
1422 1147 1769 1222 εἰλαπινάζει,

521 1238 724 1318 ἀνδρῶν
748 1260 809 1296 τε
840 1235 1113 1308 πλήθουσα
1140 1235 1476 1318 χοροιτυπίης
1500 1260 1559 1296 τε
1584 1239 1859 1316 γυναικῶν·

419 1345 501 1388 εῚο
522 1323 593 1392 ὣς
624 1323 676 1385 ot
692 1324 1004 1404 λευγαλέους
1035 1347 1091 1384 τε
1118 1324 1304 1392 πόνους
1328 1323 1421 1384 καὶ
1449 1327 1609 1406 φρῒκα
1636 1323 1903 1396 Θαλάσσης

520 1411 793 1481 ἀσπασίως
818 1411 1192 1495 προφυγόντες,
1221 1411 1371 1494 ὑπεὶρ
1398 1411 1502 1471 ἅλα
1530 1410 1954 1491 καγχαλόωντες,

522 1500 840 1581 θρώσκοντες
866 1499 1073 1560 θύνουσι
1102 1498 1525 1582 χοροιτυπέουσιν
1554 1501 1739 1578 ὁμοῖοι.

526 1587 689 1670 Εἰαρι
714 1587 770 1648 δὲ
796 1587 987 1668 γλυκὺς
1012 1586 1213 1666 οἶστρος
1240 1587 1530 1668 ἀναγκαίης
1556 1587 1836 1670 ἀφροδίτης
1864 1583 1875 1592 ’

519 1675 611 1734 καὶ
631 1673 795 1755 γάμοι
817 1673 1035 1748 ἡὸώωσι
1056 1676 1147 1736 καὶ
1173 1675 1420 1749 ἀλλήλων
1448 1675 1714 1759 φιλότητες

428 1783 506 1825 επ
530 1773 710 1836 πᾶσιν,
729 1762 841 1824 ὅσοι
862 1762 1018 1843 γαῖάν
1055 1786 1113 1823 τε
1140 1765 1429 1846 φερέσὸιον,
1460 1763 1515 1825 οἵ
1536 1765 1581 1822 τ’
1610 1763 1711 1824 ἀνὰ
1737 1763 1958 1832 κόλπους

517 1848 696 1932 ἠέρος,
728 1848 783 1910 οἵ
800 1852 847 1910 τ’
877 1851 977 1911 ἀνὰ
1000 1849 1183 1912 πόντον
1208 1849 1488 1934 ἐριὸρύχην
1512 1849 1787 1910 δονέονται.

524 1937 685 2020 Εἰαρι
711 1937 767 1998 δὲ
793 1940 1036 1999 πλεῖστον
1064 1939 1294 2000 νεπόδων
1321 1941 1466 2019 γένος
1490 1939 1756 1999 εἰλείθυιαι

520 2025 763 2110 ὥοφόρων
794 2025 1019 2088 παύουσι
1056 2025 1423 2110 βαρυνομένων
1448 2026 1666 2087 ὠδίνων.

521 2117 593 2176 Οἱ
620 2113 716 2194 μὲν
741 2113 843 2197 γὰρ
876 2121 1052 2194 γενεῆς
1078 2112 1393 2196 κεχρημένοι
1420 2113 1513 2186 ἠδὲ
1540 2113 1712 2174 τόκοιο

420 2221 501 2262 sao
524 2201 704 2274 θήλεες
729 2205 785 2262 έν
808 2202 1125 2284 ψαμάθοισιν
1155 2201 1522 2264 ἀποθλίὸουσιν
1554 2200 1741 2284 ἀραιὰς

523 2290 796 2371 γαστέρας·
830 2291 889 2348 οὐ
916 2290 1018 2372 γὰρ
1040 2293 1155 2372 ῥεῖα
1178 2285 1469 2364 διίσταται,
1499 2289 1615 2349 ἀλλ’
1645 2288 1908 2370 ἐνέχονται

522 2375 604 2436 &a
626 2377 739 2454 μετ’
766 2377 1070 2450 ἀλλήλοισιν
1114 2375 1351 2460 ἀρηρότα
1376 2377 1563 2449 νηδύος
1590 2377 1733 2450 εἴσω,

521 2463 717 2546 φύρδην
744 2469 1117 2548 συμπεφυῶτα·
1150 2463 1219 2524 τὰ
1247 2465 1291 2524 δ’
1317 2464 1481 2546 ἀθρόα
1502 2468 1615 2532 πῶς
1641 2487 1701 2524 κε
1732 2464 1959 2540 τέκοιεν;

521 2539 845 2630 στεινόμεναι
876 2554 923 2612 δ’
948 2552 1161 2632 ὀδύνῃσι
1190 2553 1343 2632 μόγις
1370 2553 1604 2636 κρίνουσι
1633 2553 1896 2630 γενέθλην.

426 2657 502 2698 ssu
521 2629 627 2707 Ὣς
652 2641 711 2699 οὗ
744 2641 947 2721 ρηῖδίην
972 2640 1153 2720 γενεὴν
1182 2642 1291 2700 οὐδ’
1319 2641 1495 2722 ἰχθύσι
1524 2644 1721 2721 Μοῖραι

518 2725 760 2802 ὤπασαν,
785 2731 895 2788 οὐδ’
922 2729 1026 2810 ἄρα
1053 2735 1239 2807 μοῦνον
1264 2729 1588 2810 ἐπιχθονίῃσι
1614 2727 1841 2806 γυναιξὶν

520 2813 683 2892 ἄλγεα
696 2860 713 2891 ,
742 2814 917 2888 πάντη
940 2817 985 2876 δ’
1012 2816 1140 2876 εἰσὶν
1171 2816 1423 2897 έπαχθέες
1448 2816 1733 2876 εἰλείθυιαι.

524 2897 766 2984 Ἄρσενες
788 2893 909 2964 αὖτ’
931 2902 1083 2964 ἄλλοι
1106 2902 1201 2983 μὲν
1232 2903 1313 2963 ἐπ’
1352 2902 1524 2985 ἰχθύσι
1553 2909 1717 2987 κῆρας
1748 2903 1963 2984 ἄγοντες

522 2989 827 3070 δαιτυμόνες
854 2994 1101 3075 ῥηγμῖσιν
1128 2992 1456 3071 ἐπειγόμενοι
1482 2992 1780 3053 πελάουσιν·

424 3097 507 3139 ssu
530 3078 679 3138 ἄλλοι
708 3080 754 3138 δ’
782 3069 851 3139 αὖ
877 3078 1153 3159 μετόπισθε
1176 3078 1477 3158 διωκόμενοι
1494 3078 1769 3157 προθέουσι

520 3164 823 3249 θηλυτέραις
850 3164 1115 3246 ἀγέλῃσιν,
1140 3165 1255 3225 ἐπεὶ
1283 3166 1557 3248 φιλότητος
1585 3164 1739 3248 ἔρωτι

521 3254 797 3334 ὶλκόμεναι
822 3254 1102 3315 σπεύδουσι
1128 3254 1241 3334 μετ’
1265 3254 1484 3337 ἄρσενας
1511 3254 1721 3337 ἀσχέτῳ
1748 3259 1906 3337 ὁρμῇ.

520 3341 669 3405 ’Ἔνθ’
694 3345 742 3403 οἱ
765 3342 862 3422 μὶν
886 3343 1139 3427 σφετέρας
1164 3342 1251 3403 ἐπὶ
1280 3342 1537 3426 γαστέρας
1562 3344 1835 3415 ἀλλήλοισι

521 3428 816 3512 τριὸόμενοι
841 3430 989 3513 θορὸν
1016 3431 1170 3511 ὑγρὸν
1197 3430 1594 3513 ἀποῤῥαίνουσιν
1618 3430 1846 3506 ὄπισθεν,

422 3536 500 3579 ιοο
527 3520 583 3576 αἰ
608 3517 652 3576 δ’
679 3515 870 3601 οἴστρῳ
894 3520 1149 3596 μεμαυῖαι
1178 3515 1429 3595 ἐπαΐγδην
1453 3519 1772 3596 στομάτεσσι

522 3604 797 3665 κάπτουσι·
822 3604 949 3688 τοίῳ
975 3604 1032 3665 δὲ
1058 3604 1215 3686 γάμῳ
1238 3604 1493 3677 πλήθουσι
1518 3604 1707 3684 γόνοιο.

524 3694 779 3759 Πλεῖστος
804 3690 902 3771 μὲν
926 3691 1083 3771 νόμος
1105 3684 1250 3759 οὗτος
1280 3694 1333 3750 ἒν
1351 3691 1627 3773 ἰχθύσιν·οἱ
1639 3693 1693 3752 δὲ
1716 3692 1805 3753 καὶ
1820 3695 1968 3764 εὐνὰς

525 3780 615 3841 καί
642 3779 908 3859 θαλάμους
934 3780 1156 3861 ἀλόχους
1179 3804 1238 3840 τε
1266 3780 1525 3863 διακριδὸν
1554 3780 1717 3863 ἀμ’φὶς
1742 3780 1922 3863 ἔχουσι

524 3868 839 3948 ζευξάμενοι·
864 3867 1037 3942 πολλὴ
1059 3867 1162 3949 γὰρ
1189 3871 1243 3928 ἕν
1267 3868 1467 3950 ἰχθύσιν
1495 3867 1601 3928 ἔστ’
1630 3870 1908 3949 ἀφροδίτη,

428 3978 507 4019 uno
531 3948 732 4039 οἰστρός
758 3980 816 4016 τε
837 3956 991 4030 ζῆλός
1015 3980 1101 4031 τε,
1134 3956 1293 4039 βαρὺς
1318 3956 1454 4029 θεὸς,
1483 3955 1616 4016 ὅσσα
1642 3980 1699 4015 τε
1724 3957 1888 4017 τίκτει

525 4044 711 4127 θερμὸς
736 4042 943 4128 Ἔρως,
970 4042 1055 4105 ὅτε
1081 4044 1275 4127 λάὸρον
1303 4044 1382 4104 ἐνὶ
1408 4044 1558 4127 φρεσὶ
1578 4048 1753 4123 κῶμον
1778 4045 1956 4126 ὀρίνει.

528 4131 725 4195 Πολλοὶ
747 4134 795 4193 δ’
822 4132 1099 4206 ἀλλήλοισι
1124 4132 1400 4192 διασταδὸν
1426 4131 1617 4192 εἵνεκεν
1646 4135 1793 4206 εὐνῆς

528 4220 850 4301 μάρνανται,
879 4225 1203 4303 μνηστῆρσιν
1231 4218 1478 4293 ἐοικότες,
1508 4219 1559 4280 οἰ
1582 4220 1701 4301 περὶ
1722 4221 1928 4305 νύμφην

526 4309 710 4369 πολλοὶ
740 4308 1063 4393 ἀγειρόμενοι
1088 4308 1181 4368 καὶ
1206 4309 1395 4387 ὁμοίῖοι
1422 4308 1776 4391 ἀντιφέρονται

434 4418 513 4457 σοι
538 4395 681 4478 ‹neq›
706 4395 753 4455 τ’
780 4392 971 4477 ἀγλαΐῃ
1000 4414 1081 4456 τε·
1104 4395 1173 4455 τὰ
1201 4395 1247 4455 δ’
1274 4394 1473 4477 ἰχθύσιν
1500 4399 1557 4454 οὐ
1586 4395 1860 4477 παρέασιν,

529 4485 645 4543 ἀλλ’
674 4482 809 4557 ἀλκὴ
838 4483 1013 4564 γένυές
1035 4506 1093 4543 τε
1114 4484 1207 4543 καί
1232 4482 1394 4543 ἔνδοθι
1417 4482 1681 4565 κάρχαρον
1710 4482 1877 4564 ἕρκος,

528 4580 693 4631 τοῖσιν
713 4572 1009 4632 ἀεθλεύουσι
1028 4570 1119 4631 καὶ
1150 4573 1202 4639 ἐς
1231 4570 1401 4650 γάμον
1436 4571 1747 4639 ὁπλίζονται·

522 4675 657 4726 τοῖσι
676 4664 721 4723 δ’
738 4660 855 4723 όκεν
881 4658 1244 4740 προὸάληται,
1267 4660 1397 4734 ὁμοῦ
1418 4656 1587 4735 γάμον
1612 4652 1797 4733 εὕρατο
1815 4650 1954 4729 νίκῃ.

530 4755 635 4815 Καὶ
660 4752 739 4812 τοί
766 4750 860 4829 μὲν
886 4748 1184 4807 πλεόνεσσιν
1220 4743 1517 4822 ὁμευναίαις
1545 4742 1780 4821 ἀλόχοισι

431 4850 511 4890 sto
537 4834 838 4910 τέρπονται,
867 4834 1073 4911 σάργων
1100 4853 1160 4889 τε
1186 4831 1329 4908 γένος
1357 4835 1445 4890 καὶ
1474 4834 1729 4908 κόσσυφος
1751 4833 1932 4889 αἴθων·

526 4917 608 4977 τοὶ
642 4916 695 4976 δὲ
726 4916 851 4996 μίαν
875 4916 1147 4999 στέργουσι
1169 4917 1263 4977 καί
1292 4916 1636 4999 ἀμφιέπουσιν
1660 4918 1883 4991 ἄκοιτιν,

528 5004 775 5088 κάνθαροι
806 5004 1025 5066 αἰτναῖοί
1049 5029 1134 5078 τε,
1154 5004 1249 5065 καὶ
1275 5008 1333 5064 οὗ
1362 5004 1634 5065 πλεόνεσσι
1668 5005 1933 5085 γάνυνται.

610 5093 747 5155 Ἀλλ’
772 5096 868 5154 οὐκ
894 5092 1226 5174 έγχελύεσσιν
1252 5092 1452 5170 ὁμοίϊον
1479 5091 1595 5153 οὔτε
1623 5092 1877 5173 χελώναις

527 5180 634 5241 οὔτ’
660 5172 747 5241 οὖν
778 5180 1160 5240 πουλυπόδεσσι
1186 5179 1359 5259 γάμου
1386 5182 1549 5251 τέλος,
1577 5180 1693 5240 οὔτε
1720 5182 1932 5260 κελαινῇ

428 5292 509 5331 sis
539 5271 790 5353 μυραίνῃ,
818 5268 1013 5349 λεχέων
1043 5266 1097 5327 δὲ
1124 5268 1462 5348 παράτροπον
1484 5259 1637 5327 αἶσαν
1664 5268 1883 5347 ἔχουσιν·

1458 409 1863 470 ommium·
1907 409 2374 470 ΑΛῙΕΥἸἸΚΩΝ
2413 414 2486 471 Α.

2029 543 2202 595 blande
2215 543 2468 606 fluctuans,
2491 543 2610 596 tunc
2629 545 2786 610 pisces
2807 545 2997 598 aliunde
3017 545 3098 596 alli

2027 633 2315 694 coniunctim
2337 633 2522 683 vadunt
2541 633 2804 696 gaudentes
2825 647 2972 698 prope
2991 639 3182 684 terram.

2033 721 2097 769 ut
2117 724 2278 770 autem
2299 721 2624 784 populabundi
2647 721 2827 771 nubem
2847 722 2960 772 belli
2981 724 3288 786 quae-effugit

2033 806 2170 868 felix,
2198 807 2656 858 diis-immortalibus
2677 821 2786 858 cara
2805 809 3001 870 civitas,
3023 823 3172 874 quam
3197 809 3382 874 quidem
3405 813 3474 862 di·

2033 895 2242 944 bostium
2264 895 2518 946 tota-«enm
2532 897 2759 946 obruerat
2779 897 2988 961 procella
3001 935 3018 962 ,

2033 981 2222 1032 taudem
2245 995 2360 1033 vero
2379 983 2540 1048 quista
2555 985 2607 1036 at
2625 985 2863 1048 respirans
2881 986 3188 1060 a-certamine

2031 1069 2200 1120 lubens
2221 1069 2493 1135 gaudetque
2513 1075 2565 1122 et
2585 1071 2720 1136 pacis
2741 1073 2972 1136 operibus

2033 1157 2294 1208 delectatur
2310 1159 2599 1208 uundorils
2619 1160 2670 1210 et
2691 1171 2857 1210 serena
2873 1161 3110 1225 epulatur,

2033 1247 2246 1297 virorum
2263 1261 2360 1311 quo
2380 1248 2520 1312 plena
2535 1249 2760 1313 tripudiis
2779 1253 2830 1302 et
2849 1251 3134 1303 feminarum
3156 1269 3170 1302 z

2034 1334 2105 1384 sic
2125 1334 2192 1385 illi
2213 1335 2521 1400 faustusque
2541 1337 2726 1394 labores
2746 1340 2797 1389 et
2818 1339 3062 1390 horrorem
3086 1343 3228 1392 maris

2039 1423 2257 1473 lubenter
2277 1423 2560 1487 effugientes
2575 1461 2592 1488 ,
2615 1439 2759 1490 supra
2777 1440 2908 1477 mare
2931 1427 3030 1478 lteti

2037 1509 2260 1558 salientes
2281 1511 2458 1572 ruunt,
2479 1510 2854 1575 tripudiantibus
2883 1515 3078 1565 similes.

2035 1600 2161 1648 vere
2182 1601 2342 1647 autem
2364 1597 2519 1648 duleis
2541 1599 2766 1650 stimulus
2789 1603 3068 1652 necessaria!
3091 1605 3281 1654 veneris

2037 1688 2082 1732 el
2109 1685 2288 1746 nuptiae.
2311 1684 2578 1748 pubescunt
2599 1690 2648 1735 et
2671 1687 2828 1736 mutui
2849 1701 3036 1739 amores

2037 1771 2285 1832 omnibus,
2307 1772 2392 1834 qui
2407 1784 2507 1836 per
2527 1773 2706 1823 terram
2731 1773 2934 1837 almam,
2959 1777 3140 1840 quique
3163 1793 3247 1842 per
3269 1781 3398 1830 sinus

2037 1859 2185 1918 aeris,
2205 1861 2388 1924 quique
2408 1873 2495 1924 per
2521 1873 2651 1910 mare
2673 1875 2899 1912 sonorum
2923 1863 3155 1914 feruntur.

2037 1949 2162 1996 Vere
2183 1949 2342 1996 autem
2361 1947 2619 2010 plurimum
2637 1949 2840 2013 piscium
2863 1963 3014 2013 genus
3031 1953 3271 2015 partiones

2037 2033 2323 2096 ab-oviparis
2340 2034 2544 2085 liberant
2563 2037 2873 2098 gravantibus
2898 2037 3162 2089 doloribus.

2037 2123 2254 2183 Namque
2275 2122 2601 2184 procreatione
2621 2123 2886 2184 indigentes
2905 2138 2964 2174 ac
2987 2127 3124 2190 partu

2039 2207 2228 2258 semiim
2271 2209 2321 2258 in
2343 2209 2499 2260 arenis
2520 2213 2732 2261 atterunt
2750 2213 2920 2262 molles

2037 2297 2254 2356 ventres5
2277 2309 2374 2346 non
2394 2297 2520 2347 enim
2544 2298 2678 2348 facile
2699 2297 2978 2362 discedunt,
3003 2301 3088 2352 sed
3105 2301 3379 2353 cohibentur

2039 2396 2130 2432 ova
2151 2383 2272 2434 iuter
2291 2397 2398 2435 sese
2418 2385 2529 2448 apta
2549 2385 2676 2436 intra
2691 2385 2882 2448 alvum,

2039 2471 2296 2521 acervatim
2317 2471 2631 2534 coboerentia3
2655 2487 2712 2523 ea
2734 2488 2850 2526 vero
2871 2477 3084 2526 conferta
3111 2479 3351 2541 quomodo
3374 2481 3562 2543 pariant?

2041 2561 2246 2610 Arctatae
2269 2573 2381 2610 vero
2403 2561 2694 2612 cruciatibus
2713 2575 2841 2626 oegre
2863 2563 3013 2613 edunt
3035 2571 3242 2628 partum.

2043 2647 2122 2696 Sic
2145 2661 2238 2696 nou
2263 2648 2450 2696 facilem
2471 2649 2662 2710 partum
2685 2649 2957 2712 nequidem
2979 2650 3194 2714 piscibus
3217 2655 3312 2704 sata

2041 2739 2404 2800 concesserunt,
2427 2750 2582 2800 neque
2603 2737 2759 2786 solum
2783 2739 3090 2789 terrestribus
3113 2741 3385 2792 mulieribus

2044 2823 2261 2886 dolores,
2285 2823 2370 2873 sed
2393 2825 2572 2888 ubique
2593 2829 2709 2874 sunt
2735 2825 2954 2876 molestus
2973 2829 3230 2890 par-tiones.

2043 2915 2198 2963 Mares
2215 2914 2408 2971 contra,
2433 2912 2515 2962 alii
2533 2911 2727 2976 quidem
2749 2914 2962 2978 piscibus
2987 2916 3246 2979 perniciem
3271 2918 3508 2969 afferentes

2042 3000 2272 3064 epulones
2286 2999 2524 3049 ad-littora
2547 3000 2825 3050 festinantes
2845 3002 3106 3065 accedunt,

2043 3086 2120 3137 alii
2143 3100 2256 3139 vero
2280 3090 2405 3137 retro
2432 3087 2796 3150 dum-sugantur
2819 3092 3106 3153 procurrunt

2045 3175 2389 3227 cum-femineis
2409 3176 2654 3239 gregibus,
2680 3178 2910 3240 quoniam
2930 3179 3216 3229 concubitus
3238 3194 3396 3231 amore

2046 3264 2209 3311 tractae
2233 3262 2457 3311 festinant
2477 3263 2536 3311 ad
2559 3276 2716 3313 mares
2739 3262 2972 3315 indomito
2994 3266 3191 3329 impetu.

2047 3350 2120 3399 Ibi
2141 3350 2192 3399 hi
2213 3348 2406 3412 quidem
2433 3363 2547 3400 suos
2570 3352 2760 3401 ventres
2781 3352 3160 3403 inter-semutuo

2045 3438 2299 3485 atterentes
2318 3448 2482 3486 semen
2503 3436 2753 3486 humidum
2775 3436 3018 3487 destillant
3034 3442 3238 3501 a·tergo,

2046 3524 2141 3574 illae
2163 3538 2278 3573 vero
2299 3523 2566 3587 (semime)
2590 3526 2737 3574 oestro
2759 3524 2972 3575 furentes
2993 3526 3312 3590 cum-impetu
3332 3542 3412 3579 ore

2047 3612 2312 3675 deglutiunt
2323 3628 2338 3675 3
2363 3612 2442 3662 tali
2464 3624 2580 3663 vero
2595 3611 2812 3674 conjugio
2833 3612 3094 3677 implentur
3116 3615 3230 3664 l'etu.

2045 3700 2447 3763 Frequentissima
2464 3698 2658 3763 quidem
2685 3699 2793 3751 baec
2817 3700 2896 3751 lex
2919 3704 2998 3751 est
3025 3702 3151 3752 inter
3173 3704 3356 3767 pisces3
3381 3706 3458 3756 alii
3481 3721 3583 3755 vero

2045 3788 2190 3837 etiam
2220 3786 2412 3852 cubilis]
2437 3792 2488 3839 et
2507 3786 2745 3838 thalamos
2763 3788 3086 3853 coniugesque
3115 3793 3369 3853 separatim
3397 3794 3582 3854 nahmi,

2045 3875 2576 3939 quas-sibi·junxerunt;
2597 3874 2792 3938 copiosa
2812 3876 2938 3925 euim
2962 3877 3084 3927 inter
3105 3878 3259 3940 pisces
3279 3884 3354 3929 est
3377 3894 3522 3930 venus

2047 3964 2362 4027 stimulusque
2381 3963 2432 4013 et
2452 3962 2619 4027 zelus,
2639 3964 2797 4025 gravis
2821 3962 2969 4025 deus,
2991 3966 3042 4014 et
3064 3967 3286 4028 quse-alia
3305 3970 3434 4031 parit

2045 4052 2228 4102 calidus
2239 4056 2401 4113 Amor,
2412 4050 2603 4113 quando
2617 4050 2950 4101 vehementem
2969 4052 3018 4101 in
3028 4054 3198 4103 animis
3215 4054 3459 4106 lasciviam
3469 4058 3587 4106 exci-

2043 4139 2153 4203 tat]
2179 4138 2314 4189 Multi
2339 4150 2452 4187 vero
2477 4136 2681 4187 inter-se
2709 4138 3180 4190 adversis-frontibus
3201 4148 3398 4205 propter
3420 4158 3584 4194 concu-

2045 4226 2217 4290 bitum]
2243 4230 2475 4290 pugnant,
2499 4225 2659 4289 procis
2681 4226 2887 4287 similes,
2905 4227 2989 4290 qui
3012 4229 3138 4277 circa
3162 4242 3394 4291 sponsam

2045 4318 2312 4378 frequentes
2331 4314 2595 4377 congregati
2619 4317 2672 4363 et
2689 4312 2901 4377 aquales
2921 4319 3213 4366 concurrunt

2045 4402 2320 4466 divitiisque
2341 4402 2612 4464 formaque3
2639 4402 2744 4451 baec
2769 4406 2928 4452 autem
2951 4402 3160 4467 piscibus
3183 4419 3282 4455 non
3305 4405 3508 4466 adsunt,

2045 4505 2208 4541 verum
2224 4490 2368 4539 robur
2381 4488 2682 4552 maxillaeque
2699 4492 2748 4540 et
2761 4490 2892 4539 intus
2905 4493 3099 4543 acutum
3121 4494 3310 4555 septum
3327 4494 3582 4549 (lentium,

2048 4576 2226 4638 quibus
2240 4574 2488 4627 decertant
2513 4578 2636 4628 etad
2659 4580 2934 4643 eonjugium
2951 4587 3229 4646 armentum

2050 4662 2122 4710 luis
2143 4664 2357 4725 quisquis
2373 4666 2775 4728 superior-suerit,
2797 4682 2895 4718 uua
2911 4672 3188 4731 coniugium
3208 4676 3384 4738 accipit
3401 4678 3596 4727 cum-vi-

2044 4750 2228 4814 ctorin]
2251 4752 2312 4800 Et
2331 4750 2412 4799 alii
2432 4748 2627 4813 quidem
2649 4750 2865 4813 pluribus
2886 4751 3164 4801 concubinis
3182 4754 3414 4803 uxoribus

2044 4838 2364 4901 delectantur,
2387 4850 2727 4901 sar-gorumque
2748 4851 2899 4900 genus
2921 4843 2972 4889 et
2988 4838 3256 4902 cossyphus
3281 4840 3475 4902 fulvus;

2043 4927 2120 4976 alii
2147 4940 2260 4977 vero
2284 4940 2428 4975 unam
2454 4928 2618 4976 amant
2639 4929 2689 4977 et
2709 4928 2953 4977 sectantur
2975 4940 3174 4976 uxorem
3190 4962 3204 4987 ,

2044 5014 2254 5065 canthari
2275 5014 2554 5077 oetnaeiquffi
2579 5028 2667 5064 nec
2689 5014 2906 5078 pluribus
2925 5015 3149 5077 gaudent.

2105 5106 2166 5151 At
2185 5114 2282 5149 non
2305 5101 2521 5163 anguillis
2543 5101 2712 5150 similis
2735 5104 2986 5164 estusque
3007 5100 3359 5165 testudinibuS,

2045 5202 2199 5251 neque
2219 5190 2364 5238 etiam
2388 5188 2574 5251 polypis
2595 5188 2868 5251 nuptiarum
2891 5189 3076 5249 exitus,
3101 5204 3257 5251 neque
3281 5190 3432 5252 uiget·

2045 5290 2296 5338 murreum,
2317 5276 2402 5325 sed
2425 5274 2616 5325 a·lectis
2638 5274 2838 5325 alienam
2861 5280 3040 5327 sortem
3065 5276 3264 5337 nabent.-
