3767 5825
104 338 331 418 (ss—u.)
751 339 1012 402 PHILAE
1052 340 1351 404 VERSUS
1391 342 1495 403 DE
1534 340 1996 407 ANIMALIUM
2036 345 2603 411 PROPRIETATE.

210 467 294 528 καὶ
319 466 657 527 συλλαὸοῧσα
677 471 771 540 τῆς
796 468 987 550 τρύγης
1020 470 1107 530 τὸν
1140 470 1386 553 ἐργάτην,

212 556 456 636 ἔμπικρον
479 552 714 638 ἀπέφηνε
741 555 803 614 τὸ
833 556 1027 637 βρωθὲν
1053 555 1195 637 μέλι.

122 664 189 703 sio
210 647 327 710 Τοῖς
350 640 457 723 γὰρ
482 643 684 711 πτίλοις
708 645 953 705 παίσασα
974 650 1078 706 τῶν
1104 646 1437 730 μεταφρένων

208 730 387 800 ἐξεῖλεν
411 730 567 790 αὐτὸν
594 736 688 806 τῆς
712 735 912 806 κλοπῆς
932 736 1271 814 τετυμμένον.

102 820 175 902 (πο)
214 818 361 880 Μετὰ
386 818 445 879 δὲ
472 821 659 902 μικρὸν
685 823 906 903 εἰσρυεὶς
932 813 1076 889 αὖθις
1094 823 1300 905 χρόνον,

206 907 291 980 τὴν
314 907 547 987 ἐσχάτην
572 906 763 968 ἔδωκεν
784 913 812 968 ὀ
839 908 1053 993 φθορεὺς
1074 911 1248 982 δίκην.

204 995 395 1078 Ἐχρῆν
416 995 519 1078 γὰρ
546 997 720 1072 αὐτὸν,
741 1002 811 1066 ὣς
832 998 1119 1080 ὑπόπτερον
1142 998 1319 1073 λύκον,

117 1105 183 1145 ⁶⁴5
205 1094 302 1153 τοῖς
325 1089 433 1144 τῶν
461 1087 724 1163 μελισσῶν
756 1089 1002 1166 ἐμπεσεῖν
1034 1087 1304 1156 ἀκοντίοις·

206 1172 238 1246 ἢ
265 1176 465 1251 μᾶλλον
492 1177 653 1256 ἐχρῆν
683 1173 759 1253 μὴ
787 1180 961 1236 πονεῖν
986 1175 1290 1254 εἰθισμένον,

96 1259 169 1344 (τε)
206 1263 431 1330 τοῖςτῶν
458 1264 716 1345 φιλεργῶν
743 1264 1048 1348 ἐκτριὸῆναι
1072 1263 1337 1346 κεντρίοις.

775 1443 919 1462 -η

381 1543 569 1602 ΠΕΡΙ
611 1541 867 1603 ΑΡΓΩΝ
910 1544 1335 1606 ΜΕΛΙΣΣΩΝ.

202 1700 373 1781 Ἀργὸν
402 1700 458 1760 δὲ
484 1698 699 1768 ταύταις
728 1700 859 1759 ἄλλο
888 1701 1143 1779 συμὸιοῧν
1171 1701 1315 1782 γένος

202 1789 479 1870 ἐφίπταται
504 1789 600 1868 μὲν
621 1794 687 1870 τῇ
709 1791 867 1871 χλιδῇ
889 1795 993 1850 τῶν
1019 1790 1233 1864 ἀνθέων,

112 1899 179 1937 5511
202 1881 255 1936 οὗ
280 1877 494 1937 δύναται
520 1877 575 1936 δὲ
597 1877 687 1937 καὶ
710 1877 874 1955 γλυκὺ
896 1876 1144 1938 πλάττειν
1170 1879 1309 1958 μέλι.

198 1964 505 2047 Συναίρεται
528 1966 573 2024 δ’
596 1957 684 2026 oliv
709 1965 764 2035 ἐξ
792 1965 1015 2044 ἀμίσθου
1040 1967 1306 2048 φροντίδος

84 2107 92 2117 .
118 2052 165 2132 (ε)
205 2059 263 2131 τῇ
291 2058 395 2112 τῶν
426 2055 683 2136 φιλεργῶν
709 2058 958 2136 πανταχῆ
987 2055 1311 2137 περιστάσει.

200 2140 263 2201 Ἡ
292 2140 391 2218 μὲν
418 2140 521 2221 γὰρ
552 2144 721 2200 αὐτῶν
750 2141 1046 2224 ὖδραγωγὸς
1078 2141 1293 2222 εὑρέθη,

195 2229 278 2287 τὸν
304 2228 463 2289 αὐλὸν
488 2229 760 2289 ἕντείνασα
782 2239 889 2297 τοῖς
910 2231 1271 2311 παρισθμίοις,

108 2340 175 2378 5⁵5
198 2321 261 2386 ὡς
286 2317 349 2377 ἂν
376 2319 459 2378 ἐπ’
487 2321 651 2392 αὗτῆς
673 2322 947 2402 εὖπραγῶν
968 2324 1062 2392 τῆς
1081 2319 1347 2388 παστάδος

198 2411 331 2468 ὁτοῦ
361 2406 540 2488 γένους
568 2408 783 2490 ἔξαρχος
806 2409 1040 2491 ἀφθόνως
1065 2407 1231 2468 πίνοι·

90 2497 101 2567 ιζ
110 2494 161 2575 ιο)
198 2501 230 2567 ἡ
260 2495 313 2556 δὲ
342 2495 781 2578 προὸομὸεῗ,·καὶ
805 2495 1112 2578 προπέμπει
1138 2496 1205 2556 τὰ
1235 2495 1421 2579 στίφη,

200 2583 285 2642 καὶ
308 2586 621 2664 δημαγωγεῖ
653 2587 911 2652 τακτικῶς
938 2587 992 2643 ἐν
1019 2594 1127 2652 τοῖς
1147 2584 1341 2666 πόροις.

193 2677 224 2743 ἡ
258 2671 311 2731 δὲ
338 2673 441 2754 πρὸ
463 2672 658 2740 παντὸς
685 2675 943 2750 εὗμαθοῧς
966 2671 1372 2755 Ἱπποκράτους,

107 2779 175 2817 seo
197 2762 385 2840 νεκρῶν
416 2762 680 2837 μελισσῶν
708 2759 972 2838 ἐκκομίζει
1000 2758 1217 2841 φορτία,

198 2847 384 2925 μήπως
408 2846 505 2929 ἔχῃ
533 2847 602 2907 τὰ
625 2847 829 2927 σίμὸλα
855 2853 922 2931 τῇ·
948 2849 1106 2931 σήψει
1128 2847 1308 2932 φθόην.

89 2934 161 3015 [ιε]
204 2936 367 3011 Ἄλλη
398 2938 459 2996 δέ
476 2961 555 3005 τις
582 2937 843 3018 ἄγρυπνον
868 2938 1095 3022 εἰσφέρει
1122 2937 1297 3013 πόνον,

198 3029 259 3104 τῇ
288 3029 381 3096 τῆς
406 3029 640 3105 φυλακῆς
662 3024 873 3105 ἀκριόεῗ
888 3026 1243 3107 παραστάσει·

193 3114 263 3188 μὴ
290 3112 383 3181 τὰς
414 3113 685 3195 φιλεργοὺς
722 3114 1089 3195 ἡσυχαζούσας
1109 3113 1238 3182 τέως

106 3220 173 3259 ωε
194 3201 362 3259 λαθών
382 3225 458 3269 τις
482 3201 665 3283 ἐχθρὸς
690 3205 942 3284 εἰσφθαρῇ
964 3203 1093 3285 πρὸς
1118 3202 1360 3283 ἑσπέραν,

194 3289 391 3348 καὶτὸν
419 3296 661 3349 τοσοῦτον
685 3289 841 3350 ὄλὸον
872 3294 1042 3349 αὐτῶν
1069 3290 1305 3373 ἁρπάσῃ·

82 3374 159 3456 (sn)
198 3377 290 3445 Τίς
316 3370 426 3452 οὖν,
457 3380 704 3459 βασιλεῦ,
734 3384 827 3453 τῆς
855 3378 1107 3458 μελίσσης
1129 3379 1225 3453 τὴν
1248 3378 1398 3461 φύσιν

198 3464 589 3544 προγνωστικὴν
618 3464 805 3535 ἔδειξεν
835 3468 905 3535 εἷς
928 3466 1143 3549 ὄμὸρων
1170 3466 1352 3548 χύσιν;

193 3554 411 3635 Ναρκᾷν
438 3552 541 3635 γὰρ
564 3553 629 3613 ἂν
656 3553 793 3614 εἴποι
818 3579 918 3632 τις,
942 3558 987 3615 εἰ
1009 3554 1193 3637 παρὼν
1220 3556 1429 3635 βλέποι,

106 3658 176 3698 570
198 3640 295 3712 τὴν
317 3641 440 3722 πρὶν
464 3640 706 3724 φιλεργὸν
734 3642 823 3701 τὸν
851 3642 1051 3724 κρυμὸν
1079 3641 1441 3721 σκοπουμένην

197 3732 265 3797 ὡς
284 3729 377 3789 καὶ
398 3738 673 3811 γεωργοῖς,
696 3730 787 3789 καὶ
808 3736 1050 3807 νομεῦσιν
1077 3730 1319 3813 ἀγρόταις

75 3806 169 3891 (25)
196 3820 435 3895 χειμῶνα
468 3817 632 3877 δεινὸν
660 3822 948 3900 ζωγραφεῖν
978 3821 1048 3887 εἷς
1076 3817 1279 3899 αἰθρίαν

196 3906 257 3963 ἐκ
281 3908 389 3963 τῶν
412 3908 643 3986 ἀτεχνῶς
673 3911 939 3983 μαντικῶν
959 3906 1333 3985 πετασμάτων.

196 3992 307 4055 Καὶ
333 3991 434 4075 γὰρ
461 3998 589 4075 παρ’
622 3993 780 4053 αὐτὸν
806 3994 1092 4076 ἐγχρονίζει
1117 3995 1204 4054 τὸν
1233 3994 1409 4070 πόνον,

102 4100 171 4138 57⁵
196 4081 287 4139 καὶ
310 4082 495 4163 μικρὸν
520 4082 793 4164 ἐπικύψασα
817 4090 909 4142 τοῦ
933 4082 1160 4161 σίμὸλου
1186 4082 1389 4166 χρόνον,

197 4168 321 4228 ὅταν
350 4172 379 4228 ὃ
403 4170 581 4252 καιρὸς
600 4175 693 4243 τῆς
720 4175 885 4250 νομῆς
914 4170 1186 4253 ἀναγκάσῃ
1202 4218 1219 4251 ,

72 4253 157 4336 (au)
196 4257 359 4317 πάλιν
385 4261 625 4340 θυραυλεῖ
648 4266 976 4336 συντεμοῦσα
997 4260 1085 4319 τὸν
1105 4260 1311 4341 δρόμον.

194 4343 508 4414 Ἐξίπταται
536 4344 591 4405 δὲ
617 4354 733 4414 ταῖς
758 4348 939 4414 πνοαῖς
961 4346 1335 4429 ἀντιστρόφως,

196 4432 549 4514 ὑπερφέρουσα
576 4434 693 4493 τινὰ
715 4443 823 4503 τοῖς
847 4433 974 4493 ποσὶ
992 4433 1153 4508 λίθον,

100 4538 171 4577 aso
194 4522 265 4585 ὡς
291 4520 427 4602 ἕρμα
453 4521 648 4604 ληφθὲν
677 4522 935 4604 ἐμὸριθῶς
958 4522 1085 4604 πρὸς
1111 4522 1199 4582 τὸν
1228 4521 1409 4605 πόρον,

198 4605 271 4683 μὴ
300 4614 580 4691 παρασυρῇ
610 4618 725 4678 ταῖς
749 4611 934 4693 ῥοπαῖς
968 4614 1003 4683 ἡ
1030 4610 1319 4683 lert-edme-

80 4702 161 4781 (35)
196 4694 431 4757 Ἥκιστα
450 4698 553 4779 γὰρ
583 4696 648 4757 ἂν
672 4698 953 4771 εὖπλοήσοι
980 4698 1072 4757 καὶ
1100 4698 1324 4781 σκάφος,

196 4774 259 4841 οὗ
284 4782 445 4861 μηδὲν
471 4785 735 4865 ἀγώγιμον
764 4790 799 4859 ἡ
824 4786 1081 4865 πλάστιγξ
1106 4786 1267 4868 φέρει.

204 4870 313 4931 Καὶ
342 4874 400 4953 ζῇ
428 4874 523 4951 μὲν
551 4874 708 4952 ἁγνὸν
728 4878 763 4946 ἡ
794 4875 930 4952 σοφὴ
954 4876 1139 4954 σχεδὸν
1172 4874 1305 4955 βίον,

105 4974 177 5016 tat»
202 4956 445 5037 ἄγευστος
468 4951 600 5021 οὖσα
621 4965 871 5042 νεκρικῶν
901 4962 1316 5043 σπαραγμοίτων.

198 5046 351 5106 Ζώου
376 5048 427 5107 δὲ
457 5048 650 5118 παντὸς
675 5052 776 5131 οὔχ
793 5049 1119 5121 ὑποπτήσσει
1142 5048 1345 5131 θράσος.

83 5129 161 5211 (ιο)
200 5131 501 5205 Ὁπλίζιται
527 5136 631 5221 γὰρ
654 5140 900 5221 ἀσφαλῶς
923 5141 1001 5219 τῷ
1022 5137 1267 5220 κεντρίῳ,

1728 485 1779 532 et
1798 481 2096 548 deprehenso
2118 487 2288 538 messis
2304 493 2607 553 perceptore.

1723 583 1940 622 amarum
1963 573 2122 624 reddit
2144 575 2237 625 mel
2260 589 2526 627 comesum.

1725 659 1825 709 Alis
1840 660 1966 709 enim
1989 663 2107 724 tergi
2131 665 2402 727 percutiens
2494 679 2508 692 ·

1720 759 1750 794 a
1768 746 1897 797 furto
1915 750 2089 800 avertit
2114 750 2252 802 illum
2278 752 2604 804 verberatum.

1722 837 1839 886 Post
1858 836 2006 888 breve
2025 843 2190 890 autem
2213 843 2404 905 tempus
2419 841 2577 892 denuo
2596 841 2782 893 irruens

1722 927 1989 975 extremam
2007 940 2197 990 poenam
2219 928 2304 978 dat
2319 934 2585 993 corruptor.
2627 931 2634 936 '

1724 1013 1993 1076 Oportebat
2010 1015 2138 1066 enim
2161 1016 2340 1080 ipsum,
2359 1021 2416 1068 ut
2437 1019 2618 1069 alatum
2637 1021 2822 1084 lupum,

1724 1112 1868 1163 apum
1890 1102 2070 1154 actricis
2088 1103 2325 1168 incidet-03

1723 1193 1807 1238 aut
1828 1190 1989 1253 potius
2005 1192 2258 1256 oportebat
2274 1206 2388 1244 eum
2404 1177 2504 1245 non
2525 1199 2772 1246 assuetum
2799 1194 2862 1246 ad
2877 1194 3191 1246 laborandum

1722 1289 1886 1340 apum
1905 1277 2251 1332 laboriosarum
2273 1281 2449 1332 aculeis
2467 1282 2655 1333 confici.

2426 1459 2582 1470 ’—

1915 1543 1989 1594 ao
2033 1533 2173 1611 (29).
2215 1537 2320 1596 m:
2360 1536 2637 1599 Amans
2678 1539 3104 1601 mannans,

1719 1703 1861 1754 Aliud
1880 1707 2042 1756 autern
2063 1721 2215 1770 genus
2237 1709 2366 1760 iners
2383 1724 2494 1761 cum
2513 1712 2588 1762 bis
2613 1725 2708 1762 una
2729 1711 2898 1765 vivens

1729 1792 1911 1842 involat
1932 1794 2128 1856 quidem
2145 1798 2384 1860 splendori
2405 1799 2576 1850 florum
2589 1837 2607 1864 ‚

1720 1894 1815 1932 non
1840 1887 1998 1945 potest
2017 1895 2132 1934 vero
2149 1887 2292 1936 etiam
2308 1887 2481 1950 tingere
2504 1888 2644 1940 dulce
2661 1889 2773 1939 mel.

1721 1971 1849 2019 cura
1867 1974 2028 2021 tamen
2047 1973 2255 2034 gratuita
2276 1973 2536 2038 opitulatur

1719 2070 1883 2120 apum
1907 2073 2216 2124 operosarum
2235 2061 2526 2113 circumfuso
2543 2063 2737 2126 agmini.

1720 2145 1825 2195 Alia
1842 2146 1970 2196 enim
1993 2148 2182 2198 illarum
2202 2163 2342 2213 aquae
2359 2151 2523 2212 gerula
2543 2152 2802 2214 invenitur,

1720 2235 1935 2285 canalem
1957 2236 2207 2288 intendens
2225 2237 2460 2301 glandulis
2471 2276 2486 2301 ,

1722 2327 1775 2372 ut
1799 2323 1850 2372 in
1872 2323 1978 2387 ipso
1997 2325 2213 2376 thalamo
2237 2326 2358 2378 bene
2377 2327 2559 2378 babens

1719 2423 1777 2473 ge
1812 2412 1908 2461 eris
1925 2412 2149 2477 princeps
2170 2414 2362 2464 abunde
2385 2415 2537 2465 bibat.

1721 2425 1892 2556 Mihin
1915 2500 2070 2551 fronte
2087 2501 2318 2552 bombum
2343 2502 2454 2553 lacit
2474 2508 2525 2554 et
2545 2504 2728 2554 emittit
2750 2506 2996 2568 examina,

1721 2588 1771 2636 et
1788 2599 1961 2650 agmen
1983 2589 2119 2640 ducit
2141 2603 2254 2640 cum
2272 2596 2374 2640 arte
2395 2590 2588 2641 militari
2611 2592 2660 2641 in
2679 2591 2944 2644 itineribus.

1720 2674 1825 2724 Alia
1846 2689 1952 2738 prae
1974 2679 2148 2741 quovis
2167 2679 2358 2729 erudito
2376 2679 2663 2742 Hippocrate

1728 2767 2028 2814 mortuarum
2050 2779 2195 2828 apum
2217 2781 2365 2818 onera
2391 2773 2636 2831 exportat,

1722 2864 1783 2900 ne
1806 2851 2011 2902 alvearia
2028 2854 2188 2904 tabem
2207 2854 2414 2905 habeant
2431 2869 2488 2906 ex
2516 2856 2783 2920 putredine.

1721 2940 1823 2991 Alia
1846 2954 1962 2992 vero
1987 2943 2211 3006 quaedam
2229 2945 2498 2995 insomnem
2522 2946 2784 2997 contribuit
2799 2946 3038 3013 laborem,

1692 3099 1697 3103 Ι
1719 3029 1953 3080 custodioe
1979 3031 2192 3094 diligenti
2211 3033 2519 3097 assiduitate,

1604 3180 1611 3187 .
1718 3130 1779 3167 ne
1805 3117 2093 3182 laboriosas,
2117 3120 2234 3171 dum
2260 3122 2535 3184 dormiunt,

1718 3205 1871 3255 latens
1889 3206 2060 3272 aliquis
2077 3208 2299 3261 inimicus
2321 3211 2500 3261 incidat
2515 3211 2576 3262 de
2594 3216 2733 3263 nocte
2744 3250 2759 3275 ,

1720 3296 1770 3343 et
1790 3296 1948 3344 tantas
1967 3294 2162 3346 divitias
2183 3298 2392 3361 ipsarum
2417 3300 2586 3363 rapiat.

1718 3384 1950 3440 Quisnam
1965 3421 1980 3446 ,
1999 3399 2082 3435 rex
2097 3422 2112 3448 ,
2131 3400 2276 3450 apum
2299 3388 2520 3439 naturam

1720 3484 1983 3533 praesagam
2000 3473 2208 3524 reddidit
2223 3474 2284 3525 ad
2305 3474 2593 3526 descensum
2616 3476 2843 3527 imbrium

1718 3560 1926 3623 Tot-pere
1945 3561 2071 3611 euim
2091 3561 2223 3613 dicat
2242 3563 2444 3627 aliquis,
2469 3565 2550 3629 qui
2575 3580 2786 3629 proesens
2809 3566 3006 3628 viderit,

1718 3659 1857 3710 apem
1878 3652 2020 3697 antea
2037 3648 2324 3700 laboriosam
2337 3688 2354 3713 ,
2380 3652 2527 3714 l'n‘gus
2548 3654 2964 3717 proesentientem3

1716 3740 1773 3785 ut
1788 3736 1934 3785 etiam
1959 3738 2178 3801 agricolis
2201 3752 2258 3789 ac
2275 3740 2549 3803 pastoribus
2569 3741 2756 3793 rusticis

1610 3836 1619 3844 ·
1716 3835 1906 3884 gravem
1927 3830 2255 3889 tempestatem
2277 3828 2439 3891 pingat
2457 3843 2540 3893 per
2559 3830 2669 3879 coeli
2689 3831 2990 3881 serenitatem

1717 3912 2110 3974 patefactionibus
2129 3916 2232 3965 suis
2256 3930 2451 3979 prorsus
2471 3916 2694 3967 fatidicis.

1655 4060 1663 4067 ,
1715 4001 1835 4050 Nam
1860 4004 1972 4051 tum
1989 4000 2040 4051 in
2061 4002 2166 4065 ipso
2184 4016 2326 4066 opere
2349 4005 2483 4054 tarda
2501 4011 2574 4056 est

1716 4092 1765 4137 et
1788 4088 1934 4138 breve
1961 4093 2154 4153 tempus
2173 4085 2424 4153 progressa
2449 4107 2507 4143 ex
2525 4094 2761 4157 alveario,

1715 4176 1910 4239 quando
1927 4176 2087 4249 pabuli
2118 4178 2234 4228 hora
2256 4181 2488 4243 coegerit,

1716 4277 1887 4314 rursus
1909 4264 2041 4315 dorni
2063 4266 2272 4317 excubat
2289 4268 2556 4331 proecidens
2576 4283 2788 4321 cursum.

1714 4351 1887 4401 Evolat
1905 4358 2066 4403 autern
2085 4354 2318 4405 adversus
2338 4362 2508 4406 ventos

1716 4443 1913 4503 portans
1935 4441 2138 4506 pedibus
2159 4442 2378 4507 lapillum
2397 4444 2636 4519 quendam
2649 4480 2666 4509 ,

1716 4536 1943 4594 tanquam
1957 4531 2204 4581 saburram
2221 4545 2334 4581 curn
2350 4532 2558 4597 pondere
2577 4536 2818 4596 sumptam
2835 4534 2895 4583 ad
2911 4534 3276 4598 navigationem.

1714 4632 1773 4667 ne
1795 4619 1965 4669 levitas
1983 4632 2070 4669 sua
2087 4619 2330 4671 auferatur
2349 4625 2620 4672 ventorum
2640 4624 2897 4673 momentis
2912 4661 2926 4677 .

1714 4706 1909 4757 Minime
1927 4708 2056 4757 enim
2074 4708 2220 4757 etiam
2238 4710 2416 4773 scapha
2434 4709 2557 4760 bene
2578 4710 2808 4773 navigarit
2820 4747 2835 4773 ,

1714 4796 1853 4857 cujus
1870 4794 1981 4845 lanx
1999 4810 2098 4845 non
2119 4796 2213 4847 sert
2229 4797 2360 4860 quod
2380 4804 2674 4849 momentum
2696 4798 2854 4849 saciat.

1714 4886 1777 4933 Et
1794 4882 1914 4933 vivit
1930 4884 2122 4947 quidem
2142 4886 2332 4948 sapiens
2350 4890 2562 4935 sanctam
2584 4886 2684 4936 fere
2699 4887 2846 4937 vitam
2859 4922 2876 4950 ,

1712 4983 1764 5021 se
1782 4970 2026 5022 abstinens
2048 4972 2109 5022 ab
2127 4986 2214 5023 esu
2233 4974 2616 5026 morticinorum.

1714 5062 1777 5109 At
1793 5060 1889 5109 vivi
1907 5060 2161 5122 cujuslibet
2178 5060 2510 5112 fortitudinem
2527 5075 2624 5112 non
2643 5062 2855 5113 metuit.-

1715 5148 1941 5201 Firmiter
1959 5149 2090 5201 enim
2107 5153 2320 5200 armatur
2342 5150 2516 5205 aculeo
