<?xml version="1.0" encoding="UTF-8"?>
<!DOCTYPE html PUBLIC "-//W3C//DTD XHTML 1.0 Transitional//EN"
    "http://www.w3.org/TR/xhtml1/DTD/xhtml1-transitional.dtd">
<html xmlns="http://www.w3.org/1999/xhtml" xml:lang="en" lang="en">
 <head>
  <title>
</title>
<meta http-equiv="Content-Type" content="text/html;charset=utf-8" />
  <meta name='ocr-system' content='tesseract 3.04.00' />
  <meta name='ocr-capabilities' content='ocr_page ocr_carea ocr_par ocr_line ocrx_word'/>
</head>
<body>
  <div class='ocr_page' id='page_1' title='image "./poetbucolicietd00ameigoog_0015.png"; bbox 0 0 3767 5825; ppageno 0'>
   <div class='ocr_carea' id='block_1_1' title="bbox 369 409 3563 2749">
    <p class='ocr_par' dir='ltr' id='par_1_1' title="bbox 369 409 3563 2749">
     <span class='ocr_line' id='line_1_1' title="bbox 1736 409 3544 477; baseline 0.003 -6"><span class='ocrx_word' id='word_1_1' title='bbox 1736 409 2173 473; x_wconf 75' lang='lat' dir='ltr'><strong>PRAEFATJO.</strong></span> <span class='ocrx_word' id='word_1_2' title='bbox 3507 436 3544 477; x_wconf 79' lang='lat' dir='ltr'><strong>v</strong></span> 
     </span>
     <span class='ocr_line' id='line_1_2' title="bbox 390 540 3538 638; baseline -0.001 -25"><span class='ocrx_word' id='word_1_3' title='bbox 390 541 712 615; x_wconf 83' lang='lat' dir='ltr'><strong>modeste</strong></span> <span class='ocrx_word' id='word_1_4' title='bbox 757 558 1159 615; x_wconf 88' lang='lat' dir='ltr'><strong>correctum</strong></span> <span class='ocrx_word' id='word_1_5' title='bbox 1229 566 1314 613; x_wconf 88' lang='lat' dir='ltr'><strong>ex</strong></span> <span class='ocrx_word' id='word_1_6' title='bbox 1383 540 1647 638; x_wconf 90' lang='lat' dir='ltr'><strong>opibus</strong></span> <span class='ocrx_word' id='word_1_7' title='bbox 1691 540 2232 613; x_wconf 85' lang='lat' dir='ltr'><strong>Gaisfordianis.</strong></span> <span class='ocrx_word' id='word_1_8' title='bbox 2288 540 2501 627; x_wconf 86' lang='lat' dir='ltr'><strong>Quod</strong></span> <span class='ocrx_word' id='word_1_9' title='bbox 2571 556 2653 613; x_wconf 90' lang='lat' dir='ltr'><strong>ut</strong></span> <span class='ocrx_word' id='word_1_10' title='bbox 2714 566 2806 614; x_wconf 91' lang='lat' dir='ltr'><strong>eo</strong></span> <span class='ocrx_word' id='word_1_11' title='bbox 2882 545 3147 614; x_wconf 89' lang='lat' dir='ltr'><strong>certius</strong></span> <span class='ocrx_word' id='word_1_12' title='bbox 3186 540 3538 627; x_wconf 75' lang='lat' dir='ltr'><strong>efficeret,</strong></span> 
     </span>
     <span class='ocr_line' id='line_1_3' title="bbox 383 663 3537 773; baseline -0.001 -38"><span class='ocrx_word' id='word_1_13' title='bbox 383 664 630 736; x_wconf 90' lang='lat' dir='ltr'><strong>denuo</strong></span> <span class='ocrx_word' id='word_1_14' title='bbox 695 666 1004 762; x_wconf 84' lang='lat' dir='ltr'><strong>inspexit</strong></span> <span class='ocrx_word' id='word_1_15' title='bbox 1048 666 1293 761; x_wconf 91' lang='lat' dir='ltr'><strong>copias</strong></span> <span class='ocrx_word' id='word_1_16' title='bbox 1347 664 2002 773; x_wconf 71' lang='lat' dir='ltr'><strong>Sanctamandanas</strong></span> <span class='ocrx_word' id='word_1_17' title='bbox 2062 681 2133 735; x_wconf 93' lang='lat' dir='ltr'><strong>et</strong></span> <span class='ocrx_word' id='word_1_18' title='bbox 2182 665 2692 754; x_wconf 89' lang='lat' dir='ltr'><strong>Dorvillianas,</strong></span> <span class='ocrx_word' id='word_1_19' title='bbox 2755 690 2923 761; x_wconf 84' lang='lat' dir='ltr'><strong>quae</strong></span> <span class='ocrx_word' id='word_1_20' title='bbox 2971 666 3045 736; x_wconf 91' lang='lat' dir='ltr'><strong>in</strong></span> <span class='ocrx_word' id='word_1_21' title='bbox 3098 663 3537 735; x_wconf 68' lang='lat' dir='ltr'>Bibliotheca</span> 
     </span>
     <span class='ocr_line' id='line_1_4' title="bbox 387 796 3539 893; baseline -0.001 -25"><span class='ocrx_word' id='word_1_22' title='bbox 387 796 769 893; x_wconf 86' lang='lat' dir='ltr'><strong>Bodlejana</strong></span> <span class='ocrx_word' id='word_1_23' title='bbox 829 812 1300 869; x_wconf 74' lang='lat' dir='ltr'><strong>asservantur.</strong></span> <span class='ocrx_word' id='word_1_24' title='bbox 1379 803 1724 868; x_wconf 80' lang='lat' dir='ltr'><strong>Praeterea</strong></span> <span class='ocrx_word' id='word_1_25' title='bbox 1794 798 2075 893; x_wconf 80' lang='lat' dir='ltr'>aliquot</span> <span class='ocrx_word' id='word_1_26' title='bbox 2156 797 2443 867; x_wconf 91' lang='lat' dir='ltr'><strong>codices</strong></span> <span class='ocrx_word' id='word_1_27' title='bbox 2520 797 2945 893; x_wconf 82' lang='lat' dir='ltr'><strong>Anglicanos</strong></span> <span class='ocrx_word' id='word_1_28' title='bbox 3010 797 3289 893; x_wconf 89' lang='lat' dir='ltr'><strong>primus</strong></span> <span class='ocrx_word' id='word_1_29' title='bbox 3364 819 3539 866; x_wconf 91' lang='lat' dir='ltr'><strong>con-</strong></span> 
     </span>
     <span class='ocr_line' id='line_1_5' title="bbox 385 926 3539 1027; baseline -0.001 -28"><span class='ocrx_word' id='word_1_30' title='bbox 385 928 548 1000; x_wconf 90' lang='lat' dir='ltr'><strong>tulit</strong></span> <span class='ocrx_word' id='word_1_31' title='bbox 594 954 678 1000; x_wconf 89' lang='lat' dir='ltr'><strong>ac</strong></span> <span class='ocrx_word' id='word_1_32' title='bbox 727 928 1134 1027; x_wconf 84' lang='lat' dir='ltr'><strong>descripsit.</strong></span> <span class='ocrx_word' id='word_1_33' title='bbox 1171 928 1309 999; x_wconf 91' lang='lat' dir='ltr'><strong>Sed</strong></span> <span class='ocrx_word' id='word_1_34' title='bbox 1345 953 1434 999; x_wconf 86' lang='lat' dir='ltr'><strong>ex</strong></span> <span class='ocrx_word' id='word_1_35' title='bbox 1476 928 1821 1000; x_wconf 91' lang='lat' dir='ltr'><strong>omnibus</strong></span> <span class='ocrx_word' id='word_1_36' title='bbox 1866 927 2241 1000; x_wconf 85' lang='lat' dir='ltr'>codicibus</span> <span class='ocrx_word' id='word_1_37' title='bbox 2276 928 2510 999; x_wconf 91' lang='lat' dir='ltr'><strong>attulit</strong></span> <span class='ocrx_word' id='word_1_38' title='bbox 2548 927 2651 1023; x_wconf 91' lang='lat' dir='ltr'><strong>(id</strong></span> <span class='ocrx_word' id='word_1_39' title='bbox 2689 926 2887 1024; x_wconf 91' lang='lat' dir='ltr'><strong>quod</strong></span> <span class='ocrx_word' id='word_1_40' title='bbox 2936 926 3336 999; x_wconf 92' lang='lat' dir='ltr'><strong>dolendum</strong></span> <span class='ocrx_word' id='word_1_41' title='bbox 3381 928 3539 1019; x_wconf 67' lang='lat' dir='ltr'><strong>est]-</strong></span> 
     </span>
     <span class='ocr_line' id='line_1_6' title="bbox 377 1060 3534 1160; baseline -0.001 -29"><span class='ocrx_word' id='word_1_42' title='bbox 377 1084 646 1159; x_wconf 85' lang='lat' dir='ltr'><strong>paucas</strong></span> <span class='ocrx_word' id='word_1_43' title='bbox 704 1060 1215 1133; x_wconf 89' lang='lat' dir='ltr'><strong>tantummodo</strong></span> <span class='ocrx_word' id='word_1_44' title='bbox 1273 1063 1640 1160; x_wconf 87' lang='lat' dir='ltr'><strong>scripturae</strong></span> <span class='ocrx_word' id='word_1_45' title='bbox 1711 1062 2198 1151; x_wconf 79' lang='lat' dir='ltr'><strong>diversitateS,</strong></span> <span class='ocrx_word' id='word_1_46' title='bbox 2275 1061 2892 1158; x_wconf 86' lang='lat' dir='ltr'>quemadmodum</span> <span class='ocrx_word' id='word_1_47' title='bbox 2967 1062 3119 1160; x_wconf 89' lang='lat' dir='ltr'><strong>ipse</strong></span> <span class='ocrx_word' id='word_1_48' title='bbox 3199 1061 3275 1131; x_wconf 91' lang='lat' dir='ltr'><strong>in</strong></span> <span class='ocrx_word' id='word_1_49' title='bbox 3341 1060 3534 1157; x_wconf 82' lang='lat' dir='ltr'><strong>praes.</strong></span> 
     </span>
     <span class='ocr_line' id='line_1_7' title="bbox 375 1193 3537 1291; baseline -0.001 -26"><span class='ocrx_word' id='word_1_50' title='bbox 375 1218 458 1291; x_wconf 89' lang='lat' dir='ltr'><strong>p.</strong></span> <span class='ocrx_word' id='word_1_51' title='bbox 497 1197 673 1266; x_wconf 83' lang='lat' dir='ltr'><strong>XIV.</strong></span> <span class='ocrx_word' id='word_1_52' title='bbox 704 1194 1088 1291; x_wconf 83' lang='lat' dir='ltr'><strong>profitetur</strong></span> <span class='ocrx_word' id='word_1_53' title='bbox 1117 1226 1152 1260; x_wconf 79' lang='grc' dir='ltr'><strong>α</strong></span> <span class='ocrx_word' id='word_1_54' title='bbox 1175 1196 1675 1267; x_wconf 83' lang='lat' dir='ltr'><strong>annotationes</strong></span> <span class='ocrx_word' id='word_1_55' title='bbox 1711 1220 1876 1267; x_wconf 92' lang='lat' dir='ltr'><strong>suas</strong></span> <span class='ocrx_word' id='word_1_56' title='bbox 1923 1221 2069 1266; x_wconf 92' lang='lat' dir='ltr'><strong>non</strong></span> <span class='ocrx_word' id='word_1_57' title='bbox 2122 1210 2269 1266; x_wconf 89' lang='lat' dir='ltr'><strong>tam</strong></span> <span class='ocrx_word' id='word_1_58' title='bbox 2304 1196 2379 1265; x_wconf 92' lang='lat' dir='ltr'><strong>in</strong></span> <span class='ocrx_word' id='word_1_59' title='bbox 2419 1194 2851 1266; x_wconf 89' lang='lat' dir='ltr'><strong>lectionibus</strong></span> <span class='ocrx_word' id='word_1_60' title='bbox 2886 1218 2975 1265; x_wconf 84' lang='lat' dir='ltr'><strong>ex</strong></span> <span class='ocrx_word' id='word_1_61' title='bbox 3008 1193 3537 1289; x_wconf 86' lang='lat' dir='ltr'><strong>Manuscripto-</strong></span> 
     </span>
     <span class='ocr_line' id='line_1_8' title="bbox 373 1323 3513 1425; baseline -0 -30"><span class='ocrx_word' id='word_1_62' title='bbox 373 1350 546 1396; x_wconf 80' lang='lat' dir='ltr'><strong>rum</strong></span> <span class='ocrx_word' id='word_1_63' title='bbox 593 1351 790 1424; x_wconf 89' lang='lat' dir='ltr'><strong>penu</strong></span> <span class='ocrx_word' id='word_1_64' title='bbox 832 1326 1381 1424; x_wconf 79' lang='lat' dir='ltr'><strong>depromendiS,</strong></span> <span class='ocrx_word' id='word_1_65' title='bbox 1434 1352 1652 1423; x_wconf 87' lang='lat' dir='ltr'><strong>quam</strong></span> <span class='ocrx_word' id='word_1_66' title='bbox 1703 1328 1776 1398; x_wconf 91' lang='lat' dir='ltr'><strong>in</strong></span> <span class='ocrx_word' id='word_1_67' title='bbox 1823 1329 2030 1398; x_wconf 90' lang='lat' dir='ltr'><strong>novis</strong></span> <span class='ocrx_word' id='word_1_68' title='bbox 2065 1326 2685 1398; x_wconf 81' lang='lat' dir='ltr'><strong>emendationibus</strong></span> <span class='ocrx_word' id='word_1_69' title='bbox 2732 1326 2844 1397; x_wconf 91' lang='lat' dir='ltr'><strong>vel</strong></span> <span class='ocrx_word' id='word_1_70' title='bbox 2887 1323 3390 1425; x_wconf 82' lang='lat' dir='ltr'><strong>proponendis</strong></span> <span class='ocrx_word' id='word_1_71' title='bbox 3425 1350 3513 1396; x_wconf 92' lang='lat' dir='ltr'><strong>ve</strong></span> 
     </span>
     <span class='ocr_line' id='line_1_9' title="bbox 373 1456 3532 1557; baseline -0.001 -30"><span class='ocrx_word' id='word_1_72' title='bbox 373 1457 935 1531; x_wconf 84' lang='lat' dir='ltr'><strong>corroborandis</strong></span> <span class='ocrx_word' id='word_1_73' title='bbox 979 1460 1461 1556; x_wconf 80' lang='lat' dir='ltr'><strong>maximopere</strong></span> <span class='ocrx_word' id='word_1_74' title='bbox 1503 1461 1852 1531; x_wconf 78' lang='lat' dir='ltr'><strong>versari».</strong></span> <span class='ocrx_word' id='word_1_75' title='bbox 1918 1466 2015 1530; x_wconf 83' lang='lat' dir='ltr'><strong>Ac</strong></span> <span class='ocrx_word' id='word_1_76' title='bbox 2054 1460 2381 1556; x_wconf 88' lang='lat' dir='ltr'><strong>profecto</strong></span> <span class='ocrx_word' id='word_1_77' title='bbox 2428 1459 2819 1557; x_wconf 88' lang='lat' dir='ltr'><strong>permultas</strong></span> <span class='ocrx_word' id='word_1_78' title='bbox 2865 1459 2938 1529; x_wconf 92' lang='lat' dir='ltr'><strong>in</strong></span> <span class='ocrx_word' id='word_1_79' title='bbox 2995 1456 3322 1529; x_wconf 75' lang='lat' dir='ltr'><strong>medium</strong></span> <span class='ocrx_word' id='word_1_80' title='bbox 3368 1480 3532 1551; x_wconf 89' lang='lat' dir='ltr'><strong>pro-</strong></span> 
     </span>
     <span class='ocr_line' id='line_1_10' title="bbox 373 1588 3531 1689; baseline -0.001 -30"><span class='ocrx_word' id='word_1_81' title='bbox 373 1588 545 1661; x_wconf 91' lang='lat' dir='ltr'><strong>tulit</strong></span> <span class='ocrx_word' id='word_1_82' title='bbox 587 1592 1062 1688; x_wconf 78' lang='lat' dir='ltr'><strong>suspicioneS,</strong></span> <span class='ocrx_word' id='word_1_83' title='bbox 1109 1617 1267 1689; x_wconf 83' lang='lat' dir='ltr'><strong>quae</strong></span> <span class='ocrx_word' id='word_1_84' title='bbox 1304 1590 1651 1688; x_wconf 86' lang='lat' dir='ltr'><strong>insignem</strong></span> <span class='ocrx_word' id='word_1_85' title='bbox 1710 1592 2003 1664; x_wconf 86' lang='lat' dir='ltr'><strong>editoris</strong></span> <span class='ocrx_word' id='word_1_86' title='bbox 2059 1594 2463 1666; x_wconf 80' lang='lat' dir='ltr'><strong>doctrinam</strong></span> <span class='ocrx_word' id='word_1_87' title='bbox 2524 1608 2593 1663; x_wconf 93' lang='lat' dir='ltr'><strong>et</strong></span> <span class='ocrx_word' id='word_1_88' title='bbox 2652 1594 3098 1688; x_wconf 84' lang='lat' dir='ltr'><strong>sagacitatem</strong></span> <span class='ocrx_word' id='word_1_89' title='bbox 3146 1614 3531 1663; x_wconf 85' lang='lat' dir='ltr'><strong>common-</strong></span> 
     </span>
     <span class='ocr_line' id='line_1_11' title="bbox 371 1725 3532 1823; baseline -0.001 -28"><span class='ocrx_word' id='word_1_90' title='bbox 371 1740 628 1797; x_wconf 80' lang='lat' dir='ltr'><strong>strant.</strong></span> <span class='ocrx_word' id='word_1_91' title='bbox 686 1729 796 1797; x_wconf 93' lang='lat' dir='ltr'><strong>De</strong></span> <span class='ocrx_word' id='word_1_92' title='bbox 842 1727 926 1797; x_wconf 90' lang='lat' dir='ltr'><strong>iis</strong></span> <span class='ocrx_word' id='word_1_93' title='bbox 967 1740 1202 1797; x_wconf 91' lang='lat' dir='ltr'><strong>autem</strong></span> <span class='ocrx_word' id='word_1_94' title='bbox 1257 1727 1693 1821; x_wconf 88' lang='lat' dir='ltr'><strong>conjecturis</strong></span> <span class='ocrx_word' id='word_1_95' title='bbox 1757 1727 1972 1798; x_wconf 91' lang='lat' dir='ltr'><strong>sicuti</strong></span> <span class='ocrx_word' id='word_1_96' title='bbox 2034 1728 2518 1799; x_wconf 90' lang='lat' dir='ltr'><strong>communiter</strong></span> <span class='ocrx_word' id='word_1_97' title='bbox 2563 1725 2939 1823; x_wconf 91' lang='lat' dir='ltr'><strong>quomodo</strong></span> <span class='ocrx_word' id='word_1_98' title='bbox 2981 1727 3055 1797; x_wconf 89' lang='lat' dir='ltr'><strong>in</strong></span> <span class='ocrx_word' id='word_1_99' title='bbox 3117 1741 3273 1797; x_wconf 93' lang='lat' dir='ltr'><strong>toto</strong></span> <span class='ocrx_word' id='word_1_100' title='bbox 3309 1747 3532 1822; x_wconf 89' lang='lat' dir='ltr'><strong>opere</strong></span> 
     </span>
     <span class='ocr_line' id='line_1_12' title="bbox 371 1855 3525 1947; baseline 0.001 -22"><span class='ocrx_word' id='word_1_101' title='bbox 371 1856 754 1929; x_wconf 87' lang='lat' dir='ltr'><strong>tractando</strong></span> <span class='ocrx_word' id='word_1_102' title='bbox 799 1874 1120 1929; x_wconf 90' lang='lat' dir='ltr'><strong>versatus</strong></span> <span class='ocrx_word' id='word_1_103' title='bbox 1155 1861 1278 1947; x_wconf 91' lang='lat' dir='ltr'><strong>sit,</strong></span> <span class='ocrx_word' id='word_1_104' title='bbox 1310 1859 1447 1930; x_wconf 90' lang='lat' dir='ltr'><strong>alio</strong></span> <span class='ocrx_word' id='word_1_105' title='bbox 1494 1860 1657 1930; x_wconf 90' lang='lat' dir='ltr'><strong>loco</strong></span> <span class='ocrx_word' id='word_1_106' title='bbox 1701 1861 2101 1931; x_wconf 84' lang='lat' dir='ltr'><strong>accuratius</strong></span> <span class='ocrx_word' id='word_1_107' title='bbox 2130 1860 2387 1931; x_wconf 91' lang='lat' dir='ltr'><strong>dicam.</strong></span> <span class='ocrx_word' id='word_1_108' title='bbox 2420 1864 2672 1930; x_wconf 84' lang='lat' dir='ltr'><strong>Praeter</strong></span> <span class='ocrx_word' id='word_1_109' title='bbox 2700 1857 3262 1930; x_wconf 71' lang='lat' dir='ltr'><strong>&#39;Wordsworthii</strong></span> <span class='ocrx_word' id='word_1_110' title='bbox 3286 1855 3525 1928; x_wconf 72' lang='lat' dir='ltr'><strong>studia</strong></span> 
     </span>
     <span class='ocr_line' id='line_1_13' title="bbox 369 1986 3524 2090; baseline 0.001 -33"><span class='ocrx_word' id='word_1_111' title='bbox 369 1992 484 2061; x_wconf 90' lang='lat' dir='ltr'><strong>uti</strong></span> <span class='ocrx_word' id='word_1_112' title='bbox 527 1990 701 2061; x_wconf 87' lang='lat' dir='ltr'><strong>mihi</strong></span> <span class='ocrx_word' id='word_1_113' title='bbox 725 1991 926 2062; x_wconf 92' lang='lat' dir='ltr'><strong>licuit</strong></span> <span class='ocrx_word' id='word_1_114' title='bbox 965 1986 1284 2062; x_wconf 72' lang='lat' dir='ltr'><strong>editione</strong></span> <span class='ocrx_word' id='word_1_115' title='bbox 1310 2015 1469 2087; x_wconf 83' lang='lat' dir='ltr'><strong>quae</strong></span> <span class='ocrx_word' id='word_1_116' title='bbox 1504 1991 1770 2088; x_wconf 88' lang='lat' dir='ltr'><strong>prodiit</strong></span> <span class='ocrx_word' id='word_1_117' title='bbox 1797 1993 1894 2062; x_wconf 90' lang='lat' dir='ltr'><strong>ita</strong></span> <span class='ocrx_word' id='word_1_118' title='bbox 1935 1992 2280 2090; x_wconf 89' lang='lat' dir='ltr'><strong>inscripta</strong></span> <span class='ocrx_word' id='word_1_119' title='bbox 2317 2019 2334 2062; x_wconf 73' lang='grc' dir='ltr'><strong>ε</strong></span> <span class='ocrx_word' id='word_1_120' title='bbox 2384 1991 2736 2063; x_wconf 72' lang='lat' dir='ltr'><strong>Theocriti</strong></span> <span class='ocrx_word' id='word_1_121' title='bbox 2765 1994 3116 2063; x_wconf 81' lang='lat' dir='ltr'><strong>Carmina.</strong></span> <span class='ocrx_word' id='word_1_122' title='bbox 3156 1993 3524 2063; x_wconf 63' lang='lat' dir='ltr'><strong>Recens-uit</strong></span> 
     </span>
     <span class='ocr_line' id='line_1_14' title="bbox 377 2116 3519 2223; baseline -0 -29"><span class='ocrx_word' id='word_1_123' title='bbox 377 2123 922 2219; x_wconf 70' lang='lat' dir='ltr'><strong>Christophorus</strong></span> <span class='ocrx_word' id='word_1_124' title='bbox 956 2123 1258 2221; x_wconf 81' lang='lat' dir='ltr'><strong>Ziegler.</strong></span> <span class='ocrx_word' id='word_1_125' title='bbox 1318 2123 1650 2223; x_wconf 80' lang='lat' dir='ltr'><strong>Tubingoe</strong></span> <span class='ocrx_word' id='word_1_126' title='bbox 1660 2177 1682 2209; x_wconf 93' lang='lat'><strong>,</strong></span> <span class='ocrx_word' id='word_1_127' title='bbox 1707 2116 1750 2193; x_wconf 66' lang='grc' dir='ltr'><strong>ἰ</strong></span> <span class='ocrx_word' id='word_1_128' title='bbox 1769 2125 1935 2209; x_wconf 90' lang='grc'><strong>844.</strong></span> <span class='ocrx_word' id='word_1_129' title='bbox 1993 2124 2347 2219; x_wconf 88' lang='lat' dir='ltr'><strong>Zieglerus</strong></span> <span class='ocrx_word' id='word_1_130' title='bbox 2378 2125 2721 2219; x_wconf 75' lang='lat' dir='ltr'><strong>egregiam</strong></span> <span class='ocrx_word' id='word_1_131' title='bbox 2778 2123 3166 2194; x_wconf 81' lang='lat' dir='ltr'><strong>Theocrito</strong></span> <span class='ocrx_word' id='word_1_132' title='bbox 3226 2148 3519 2220; x_wconf 90' lang='lat' dir='ltr'><strong>operam</strong></span> 
     </span>
     <span class='ocr_line' id='line_1_15' title="bbox 369 2253 3563 2351; baseline 0.001 -29"><span class='ocrx_word' id='word_1_133' title='bbox 369 2255 744 2351; x_wconf 81' lang='lat' dir='ltr'><strong>praestitit,</strong></span> <span class='ocrx_word' id='word_1_134' title='bbox 805 2253 1006 2351; x_wconf 89' lang='lat' dir='ltr'><strong>quod</strong></span> <span class='ocrx_word' id='word_1_135' title='bbox 1065 2269 1137 2324; x_wconf 89' lang='lat' dir='ltr'><strong>et</strong></span> <span class='ocrx_word' id='word_1_136' title='bbox 1204 2254 1486 2325; x_wconf 78' lang='lat' dir='ltr'><strong>Italicos</strong></span> <span class='ocrx_word' id='word_1_137' title='bbox 1545 2254 1834 2325; x_wconf 89' lang='lat' dir='ltr'><strong>codices</strong></span> <span class='ocrx_word' id='word_1_138' title='bbox 1905 2254 2149 2325; x_wconf 93' lang='lat' dir='ltr'><strong>denuo</strong></span> <span class='ocrx_word' id='word_1_139' title='bbox 2232 2254 2537 2325; x_wconf 86' lang='lat' dir='ltr'><strong>excussit</strong></span> <span class='ocrx_word' id='word_1_140' title='bbox 2592 2270 2662 2325; x_wconf 91' lang='lat' dir='ltr'><strong>et</strong></span> <span class='ocrx_word' id='word_1_141' title='bbox 2730 2255 3077 2350; x_wconf 90' lang='lat' dir='ltr'><strong>integram</strong></span> <span class='ocrx_word' id='word_1_142' title='bbox 3157 2254 3563 2351; x_wconf 86' lang='lat' dir='ltr'><strong>scripturae·</strong></span> 
     </span>
     <span class='ocr_line' id='line_1_16' title="bbox 369 2384 3521 2480; baseline 0 -25"><span class='ocrx_word' id='word_1_143' title='bbox 369 2384 918 2480; x_wconf 88' lang='lat' dir='ltr'><strong>discrepantiam</strong></span> <span class='ocrx_word' id='word_1_144' title='bbox 983 2410 1070 2455; x_wconf 90' lang='lat' dir='ltr'><strong>ex</strong></span> <span class='ocrx_word' id='word_1_145' title='bbox 1120 2385 1205 2455; x_wconf 88' lang='lat' dir='ltr'><strong>iis</strong></span> <span class='ocrx_word' id='word_1_146' title='bbox 1250 2386 1623 2457; x_wconf 87' lang='lat' dir='ltr'><strong>collectam</strong></span> <span class='ocrx_word' id='word_1_147' title='bbox 1673 2411 1840 2456; x_wconf 91' lang='lat' dir='ltr'><strong>cum</strong></span> <span class='ocrx_word' id='word_1_148' title='bbox 1874 2386 2267 2457; x_wconf 89' lang='lat' dir='ltr'><strong>lectoribus</strong></span> <span class='ocrx_word' id='word_1_149' title='bbox 2307 2387 2887 2457; x_wconf 88' lang='lat' dir='ltr'><strong>communicavit.</strong></span> <span class='ocrx_word' id='word_1_150' title='bbox 2934 2390 3082 2458; x_wconf 85' lang='lat' dir='ltr'><strong>Hac</strong></span> <span class='ocrx_word' id='word_1_151' title='bbox 3113 2402 3355 2457; x_wconf 89' lang='lat' dir='ltr'><strong>autem</strong></span> <span class='ocrx_word' id='word_1_152' title='bbox 3401 2410 3521 2455; x_wconf 90' lang='lat' dir='ltr'><strong>su-</strong></span> 
     </span>
     <span class='ocr_line' id='line_1_17' title="bbox 371 2516 3520 2617; baseline 0 -31"><span class='ocrx_word' id='word_1_153' title='bbox 371 2516 727 2613; x_wconf 88' lang='lat' dir='ltr'><strong>pellectile</strong></span> <span class='ocrx_word' id='word_1_154' title='bbox 762 2520 1155 2587; x_wconf 89' lang='lat' dir='ltr'><strong>instructus</strong></span> <span class='ocrx_word' id='word_1_155' title='bbox 1199 2541 1335 2587; x_wconf 90' lang='lat' dir='ltr'><strong>nec</strong></span> <span class='ocrx_word' id='word_1_156' title='bbox 1392 2533 1817 2612; x_wconf 89' lang='lat' dir='ltr'><strong>aspernatus</strong></span> <span class='ocrx_word' id='word_1_157' title='bbox 1859 2543 2019 2615; x_wconf 85' lang='lat' dir='ltr'><strong>quae</strong></span> <span class='ocrx_word' id='word_1_158' title='bbox 2063 2518 2178 2590; x_wconf 89' lang='lat' dir='ltr'><strong>alii</strong></span> <span class='ocrx_word' id='word_1_159' title='bbox 2235 2520 2474 2590; x_wconf 86' lang='lat' dir='ltr'><strong>sobrie</strong></span> <span class='ocrx_word' id='word_1_160' title='bbox 2526 2520 3024 2617; x_wconf 89' lang='lat' dir='ltr'><strong>disputarunt,</strong></span> <span class='ocrx_word' id='word_1_161' title='bbox 3079 2545 3307 2615; x_wconf 91' lang='lat' dir='ltr'><strong>quum</strong></span> <span class='ocrx_word' id='word_1_162' title='bbox 3368 2520 3520 2615; x_wconf 86' lang='lat' dir='ltr'><strong>ipse</strong></span> 
     </span>
     <span class='ocr_line' id='line_1_18' title="bbox 371 2647 3519 2749; baseline 0.002 -32"><span class='ocrx_word' id='word_1_163' title='bbox 371 2647 725 2745; x_wconf 87' lang='lat' dir='ltr'><strong>permulta</strong></span> <span class='ocrx_word' id='word_1_164' title='bbox 777 2647 1138 2719; x_wconf 89' lang='lat' dir='ltr'><strong>subtiliter</strong></span> <span class='ocrx_word' id='word_1_165' title='bbox 1173 2648 1515 2735; x_wconf 87' lang='lat' dir='ltr'><strong>restituit,</strong></span> <span class='ocrx_word' id='word_1_166' title='bbox 1573 2664 1726 2719; x_wconf 91' lang='lat' dir='ltr'><strong>tum</strong></span> <span class='ocrx_word' id='word_1_167' title='bbox 1782 2649 1935 2719; x_wconf 88' lang='lat' dir='ltr'><strong>aliis</strong></span> <span class='ocrx_word' id='word_1_168' title='bbox 1984 2651 2347 2722; x_wconf 89' lang='lat' dir='ltr'><strong>materiam</strong></span> <span class='ocrx_word' id='word_1_169' title='bbox 2391 2651 2918 2749; x_wconf 83' lang='lat' dir='ltr'><strong>suppeditavit,</strong></span> <span class='ocrx_word' id='word_1_170' title='bbox 2980 2676 3123 2747; x_wconf 83' lang='lat' dir='ltr'><strong>qua</strong></span> <span class='ocrx_word' id='word_1_171' title='bbox 3174 2651 3519 2749; x_wconf 89' lang='lat' dir='ltr'><strong>deprava-</strong></span> 
     </span>
    </p>
   </div>
   <div class='ocr_carea' id='block_1_2' title="bbox 368 2778 3519 3005">
    <p class='ocr_par' dir='ltr' id='par_1_2' title="bbox 368 2778 3519 3005">
     <span class='ocr_line' id='line_1_19' title="bbox 369 2778 3519 2879; baseline 0.001 -30"><span class='ocrx_word' id='word_1_172' title='bbox 369 2780 642 2850; x_wconf 88' lang='lat' dir='ltr'><strong>tissima</strong></span> <span class='ocrx_word' id='word_1_173' title='bbox 683 2778 836 2850; x_wconf 85' lang='lat' dir='ltr'><strong>haec</strong></span> <span class='ocrx_word' id='word_1_174' title='bbox 877 2782 1199 2852; x_wconf 89' lang='lat' dir='ltr'><strong>carmina</strong></span> <span class='ocrx_word' id='word_1_175' title='bbox 1244 2781 1618 2877; x_wconf 88' lang='lat' dir='ltr'><strong>paullatim</strong></span> <span class='ocrx_word' id='word_1_176' title='bbox 1649 2780 1771 2872; x_wconf 23' lang='lat' dir='ltr'><strong>‘ad</strong></span> <span class='ocrx_word' id='word_1_177' title='bbox 1819 2783 2179 2853; x_wconf 83' lang='lat' dir='ltr'><strong>saniorem</strong></span> <span class='ocrx_word' id='word_1_178' title='bbox 2240 2783 2541 2855; x_wconf 89' lang='lat' dir='ltr'><strong>formam</strong></span> <span class='ocrx_word' id='word_1_179' title='bbox 2600 2798 3033 2854; x_wconf 85' lang='lat' dir='ltr'><strong>revocarent.</strong></span> <span class='ocrx_word' id='word_1_180' title='bbox 3096 2788 3200 2854; x_wconf 92' lang='lat' dir='ltr'><strong>De</strong></span> <span class='ocrx_word' id='word_1_181' title='bbox 3254 2784 3519 2879; x_wconf 83' lang='lat' dir='ltr'><strong>quibus</strong></span> 
     </span>
     <span class='ocr_line' id='line_1_20' title="bbox 368 2900 3518 3005; baseline 0.002 -34"><span class='ocrx_word' id='word_1_182' title='bbox 368 2900 588 2974; x_wconf 85' lang='lat' dir='ltr'><strong>rebus</strong></span> <span class='ocrx_word' id='word_1_183' title='bbox 628 2929 855 3000; x_wconf 90' lang='lat' dir='ltr'><strong>quum</strong></span> <span class='ocrx_word' id='word_1_184' title='bbox 889 2904 1032 2976; x_wconf 89' lang='lat' dir='ltr'><strong>alio</strong></span> <span class='ocrx_word' id='word_1_185' title='bbox 1074 2906 1239 2977; x_wconf 92' lang='lat' dir='ltr'><strong>loco</strong></span> <span class='ocrx_word' id='word_1_186' title='bbox 1285 2907 1709 2979; x_wconf 91' lang='lat' dir='ltr'><strong>sententiam</strong></span> <span class='ocrx_word' id='word_1_187' title='bbox 1770 2932 2006 2978; x_wconf 89' lang='lat' dir='ltr'><strong>meam</strong></span> <span class='ocrx_word' id='word_1_188' title='bbox 2060 2911 2194 2978; x_wconf 91' lang='lat' dir='ltr'><strong>sim</strong></span> <span class='ocrx_word' id='word_1_189' title='bbox 2249 2908 2476 2980; x_wconf 81' lang='lat' dir='ltr'><strong>fusius</strong></span> <span class='ocrx_word' id='word_1_190' title='bbox 2514 2911 3002 3005; x_wconf 80' lang='lat' dir='ltr'><strong>exposituruS,</strong></span> <span class='ocrx_word' id='word_1_191' title='bbox 3044 2906 3351 2980; x_wconf 83' lang='lat' dir='ltr'><strong>sufficiet</strong></span> <span class='ocrx_word' id='word_1_192' title='bbox 3395 2909 3518 2980; x_wconf 90' lang='lat' dir='ltr'><strong>hic</strong></span> 
     </span>
    </p>
   </div>
   <div class='ocr_carea' id='block_1_3' title="bbox 345 3034 3513 4470">
    <p class='ocr_par' dir='ltr' id='par_1_3' title="bbox 345 3034 3513 4470">
     <span class='ocr_line' id='line_1_21' title="bbox 364 3034 3512 3140; baseline 0.003 -36"><span class='ocrx_word' id='word_1_193' title='bbox 364 3034 765 3124; x_wconf 88' lang='lat' dir='ltr'><strong>addidisse,</strong></span> <span class='ocrx_word' id='word_1_194' title='bbox 809 3061 925 3107; x_wconf 92' lang='lat' dir='ltr'><strong>me</strong></span> <span class='ocrx_word' id='word_1_195' title='bbox 977 3038 1512 3110; x_wconf 82' lang='lat' dir='ltr'><strong>recensionibus</strong></span> <span class='ocrx_word' id='word_1_196' title='bbox 1569 3039 2129 3111; x_wconf 85' lang='lat' dir='ltr'><strong>duumvirorum</strong></span> <span class='ocrx_word' id='word_1_197' title='bbox 2172 3041 2724 3112; x_wconf 90' lang='lat' dir='ltr'><strong>Wordsworthii</strong></span> <span class='ocrx_word' id='word_1_198' title='bbox 2771 3057 2984 3137; x_wconf 89' lang='lat' dir='ltr'><strong>atque</strong></span> <span class='ocrx_word' id='word_1_199' title='bbox 3020 3043 3310 3138; x_wconf 87' lang='lat' dir='ltr'><strong>Ziegleri</strong></span> <span class='ocrx_word' id='word_1_200' title='bbox 3352 3069 3512 3140; x_wconf 87' lang='lat' dir='ltr'><strong>per-</strong></span> 
     </span>
     <span class='ocr_line' id='line_1_22' title="bbox 363 3161 3513 3270; baseline 0.003 -34"><span class='ocrx_word' id='word_1_201' title='bbox 363 3161 651 3237; x_wconf 89' lang='lat' dir='ltr'><strong>motum</strong></span> <span class='ocrx_word' id='word_1_202' title='bbox 693 3193 852 3264; x_wconf 82' lang='lat' dir='ltr'><strong>quae</strong></span> <span class='ocrx_word' id='word_1_203' title='bbox 887 3171 1300 3266; x_wconf 89' lang='lat' dir='ltr'><strong>scripserim</strong></span> <span class='ocrx_word' id='word_1_204' title='bbox 1337 3171 1582 3243; x_wconf 91' lang='lat' dir='ltr'><strong>denuo</strong></span> <span class='ocrx_word' id='word_1_205' title='bbox 1638 3174 2075 3244; x_wconf 87' lang='lat' dir='ltr'><strong>examinasse</strong></span> <span class='ocrx_word' id='word_1_206' title='bbox 2098 3226 2117 3261; x_wconf 88' lang='lat'><strong>,</strong></span> <span class='ocrx_word' id='word_1_207' title='bbox 2150 3189 2225 3244; x_wconf 92' lang='lat' dir='ltr'><strong>et</strong></span> <span class='ocrx_word' id='word_1_208' title='bbox 2259 3173 2618 3270; x_wconf 88' lang='lat' dir='ltr'><strong>quidquid</strong></span> <span class='ocrx_word' id='word_1_209' title='bbox 2647 3200 2733 3245; x_wconf 94' lang='lat' dir='ltr'><strong>ex</strong></span> <span class='ocrx_word' id='word_1_210' title='bbox 2770 3190 3069 3270; x_wconf 89' lang='lat' dir='ltr'><strong>utraque</strong></span> <span class='ocrx_word' id='word_1_211' title='bbox 3103 3179 3513 3270; x_wconf 65' lang='lat' dir='ltr'><strong>recensione</strong></span> 
     </span>
     <span class='ocr_line' id='line_1_23' title="bbox 361 3298 3511 3392; baseline 0.004 -23"><span class='ocrx_word' id='word_1_212' title='bbox 361 3298 741 3370; x_wconf 90' lang='lat' dir='ltr'><strong>didicerim</strong></span> <span class='ocrx_word' id='word_1_213' title='bbox 785 3299 1092 3372; x_wconf 84' lang='lat' dir='ltr'><strong>fideliter</strong></span> <span class='ocrx_word' id='word_1_214' title='bbox 1134 3302 1595 3392; x_wconf 89' lang='lat' dir='ltr'><strong>indicavisse,</strong></span> <span class='ocrx_word' id='word_1_215' title='bbox 1643 3321 1718 3375; x_wconf 92' lang='lat' dir='ltr'><strong>ut</strong></span> <span class='ocrx_word' id='word_1_216' title='bbox 1751 3305 2125 3376; x_wconf 89' lang='lat' dir='ltr'><strong>hominem</strong></span> <span class='ocrx_word' id='word_1_217' title='bbox 2169 3305 2373 3378; x_wconf 90' lang='lat' dir='ltr'><strong>decet</strong></span> <span class='ocrx_word' id='word_1_218' title='bbox 2408 3309 2720 3379; x_wconf 87' lang='lat' dir='ltr'><strong>veritatis</strong></span> <span class='ocrx_word' id='word_1_219' title='bbox 2761 3324 3143 3379; x_wconf 86' lang='lat' dir='ltr'><strong>amantem.</strong></span> <span class='ocrx_word' id='word_1_220' title='bbox 3193 3314 3280 3380; x_wconf 88' lang='lat' dir='ltr'><strong>Et</strong></span> <span class='ocrx_word' id='word_1_221' title='bbox 3308 3312 3381 3382; x_wconf 91' lang='lat' dir='ltr'><strong>in</strong></span> <span class='ocrx_word' id='word_1_222' title='bbox 3428 3312 3511 3381; x_wconf 73' lang='lat' dir='ltr'><strong>iis.</strong></span> 
     </span>
     <span class='ocr_line' id='line_1_24' title="bbox 357 3431 3506 3535; baseline 0.004 -34"><span class='ocrx_word' id='word_1_223' title='bbox 357 3456 662 3528; x_wconf 87' lang='lat' dir='ltr'><strong>quoque</strong></span> <span class='ocrx_word' id='word_1_224' title='bbox 705 3431 915 3521; x_wconf 79' lang='lat' dir='ltr'><strong>lociS,</strong></span> <span class='ocrx_word' id='word_1_225' title='bbox 949 3434 1022 3502; x_wconf 92' lang='lat' dir='ltr'><strong>in</strong></span> <span class='ocrx_word' id='word_1_226' title='bbox 1065 3433 1336 3530; x_wconf 91' lang='lat' dir='ltr'><strong>quibus</strong></span> <span class='ocrx_word' id='word_1_227' title='bbox 1369 3461 1485 3506; x_wconf 91' lang='lat' dir='ltr'><strong>me</strong></span> <span class='ocrx_word' id='word_1_228' title='bbox 1525 3435 1634 3506; x_wconf 94' lang='lat' dir='ltr'><strong>vel</strong></span> <span class='ocrx_word' id='word_1_229' title='bbox 1663 3461 1828 3508; x_wconf 91' lang='lat' dir='ltr'><strong>cum</strong></span> <span class='ocrx_word' id='word_1_230' title='bbox 1867 3453 2179 3535; x_wconf 89' lang='lat' dir='ltr'><strong>utroque</strong></span> <span class='ocrx_word' id='word_1_231' title='bbox 2207 3440 2313 3510; x_wconf 93' lang='lat' dir='ltr'><strong>vel</strong></span> <span class='ocrx_word' id='word_1_232' title='bbox 2354 3465 2520 3511; x_wconf 88' lang='lat' dir='ltr'><strong>cum</strong></span> <span class='ocrx_word' id='word_1_233' title='bbox 2552 3443 2897 3512; x_wconf 89' lang='lat' dir='ltr'><strong>alterutro</strong></span> <span class='ocrx_word' id='word_1_234' title='bbox 2939 3445 3506 3518; x_wconf 87' lang='lat' dir='ltr'><strong>consentientem</strong></span> 
     </span>
     <span class='ocr_line' id='line_1_25' title="bbox 352 3567 3509 3678; baseline 0.005 -41"><span class='ocrx_word' id='word_1_235' title='bbox 352 3567 651 3653; x_wconf 87' lang='lat' dir='ltr'><strong>inveni,</strong></span> <span class='ocrx_word' id='word_1_236' title='bbox 696 3569 990 3638; x_wconf 89' lang='lat' dir='ltr'><strong>nomina</strong></span> <span class='ocrx_word' id='word_1_237' title='bbox 1034 3592 1282 3639; x_wconf 91' lang='lat' dir='ltr'><strong>eorum</strong></span> <span class='ocrx_word' id='word_1_238' title='bbox 1321 3569 1466 3641; x_wconf 83' lang='lat' dir='ltr'><strong>fere</strong></span> <span class='ocrx_word' id='word_1_239' title='bbox 1505 3595 1788 3666; x_wconf 89' lang='lat' dir='ltr'><strong>semper</strong></span> <span class='ocrx_word' id='word_1_240' title='bbox 1835 3572 2135 3644; x_wconf 89' lang='lat' dir='ltr'><strong>honoris</strong></span> <span class='ocrx_word' id='word_1_241' title='bbox 2184 3599 2431 3645; x_wconf 88' lang='lat' dir='ltr'><strong>caussa</strong></span> <span class='ocrx_word' id='word_1_242' title='bbox 2473 3578 2802 3671; x_wconf 90' lang='lat' dir='ltr'><strong>apposui.</strong></span> <span class='ocrx_word' id='word_1_243' title='bbox 2865 3581 3088 3649; x_wconf 90' lang='lat' dir='ltr'><strong>Porro</strong></span> <span class='ocrx_word' id='word_1_244' title='bbox 3133 3606 3223 3651; x_wconf 90' lang='lat' dir='ltr'><strong>ne</strong></span> <span class='ocrx_word' id='word_1_245' title='bbox 3264 3605 3509 3678; x_wconf 89' lang='lat' dir='ltr'><strong>super-</strong></span> 
     </span>
     <span class='ocr_line' id='line_1_26' title="bbox 353 3697 3507 3806; baseline 0.005 -38"><span class='ocrx_word' id='word_1_246' title='bbox 353 3697 511 3768; x_wconf 88' lang='lat' dir='ltr'><strong>flua</strong></span> <span class='ocrx_word' id='word_1_247' title='bbox 564 3699 943 3794; x_wconf 78' lang='lat' dir='ltr'><strong>proderem</strong></span> <span class='ocrx_word' id='word_1_248' title='bbox 976 3713 1098 3771; x_wconf 89' lang='lat' dir='ltr'><strong>aut</strong></span> <span class='ocrx_word' id='word_1_249' title='bbox 1135 3700 1225 3773; x_wconf 89' lang='lat' dir='ltr'><strong>ab</strong></span> <span class='ocrx_word' id='word_1_250' title='bbox 1256 3701 1412 3773; x_wconf 88' lang='lat' dir='ltr'><strong>aliis</strong></span> <span class='ocrx_word' id='word_1_251' title='bbox 1444 3701 1588 3796; x_wconf 85' lang='lat' dir='ltr'><strong>jam</strong></span> <span class='ocrx_word' id='word_1_252' title='bbox 1618 3705 1794 3774; x_wconf 87' lang='lat' dir='ltr'><strong>satis</strong></span> <span class='ocrx_word' id='word_1_253' title='bbox 1821 3705 2196 3801; x_wconf 88' lang='lat' dir='ltr'><strong>explanata</strong></span> <span class='ocrx_word' id='word_1_254' title='bbox 2224 3707 2457 3778; x_wconf 91' lang='lat' dir='ltr'><strong>inutili</strong></span> <span class='ocrx_word' id='word_1_255' title='bbox 2490 3709 2710 3779; x_wconf 91' lang='lat' dir='ltr'><strong>modo</strong></span> <span class='ocrx_word' id='word_1_256' title='bbox 2754 3713 3148 3806; x_wconf 79' lang='lat' dir='ltr'><strong>repeterem</strong></span> <span class='ocrx_word' id='word_1_257' title='bbox 3171 3767 3190 3802; x_wconf 90' lang='lat'><strong>,</strong></span> <span class='ocrx_word' id='word_1_258' title='bbox 3237 3717 3507 3786; x_wconf 87' lang='lat' dir='ltr'><strong>resecui</strong></span> 
     </span>
     <span class='ocr_line' id='line_1_27' title="bbox 349 3827 3508 3934; baseline 0.004 -34"><span class='ocrx_word' id='word_1_259' title='bbox 349 3827 636 3926; x_wconf 81' lang='lat' dir='ltr'><strong>aliquot</strong></span> <span class='ocrx_word' id='word_1_260' title='bbox 664 3828 1163 3902; x_wconf 88' lang='lat' dir='ltr'><strong>adnotationes</strong></span> <span class='ocrx_word' id='word_1_261' title='bbox 1202 3858 1242 3904; x_wconf 88' lang='lat' dir='ltr'><strong>a</strong></span> <span class='ocrx_word' id='word_1_262' title='bbox 1284 3857 1399 3905; x_wconf 92' lang='lat' dir='ltr'><strong>me</strong></span> <span class='ocrx_word' id='word_1_263' title='bbox 1425 3849 1630 3904; x_wconf 88' lang='lat' dir='ltr'><strong>antea</strong></span> <span class='ocrx_word' id='word_1_264' title='bbox 1670 3837 1967 3932; x_wconf 87' lang='lat' dir='ltr'><strong>scriptas</strong></span> <span class='ocrx_word' id='word_1_265' title='bbox 1998 3838 2128 3932; x_wconf 86' lang='lat' dir='ltr'><strong>(t),</strong></span> <span class='ocrx_word' id='word_1_266' title='bbox 2169 3840 2341 3934; x_wconf 91' lang='lat' dir='ltr'><strong>quia</strong></span> <span class='ocrx_word' id='word_1_267' title='bbox 2373 3839 2639 3910; x_wconf 81' lang='lat' dir='ltr'><strong>eaedem</strong></span> <span class='ocrx_word' id='word_1_268' title='bbox 2680 3867 2794 3912; x_wconf 91' lang='lat' dir='ltr'><strong>res</strong></span> <span class='ocrx_word' id='word_1_269' title='bbox 2818 3867 3017 3914; x_wconf 91' lang='lat' dir='ltr'><strong>nunc</strong></span> <span class='ocrx_word' id='word_1_270' title='bbox 3044 3844 3136 3917; x_wconf 87' lang='lat' dir='ltr'><strong>ab</strong></span> <span class='ocrx_word' id='word_1_271' title='bbox 3164 3846 3508 3917; x_wconf 84' lang='lat' dir='ltr'><strong>alterutro</strong></span> 
     </span>
     <span class='ocr_line' id='line_1_28' title="bbox 349 3962 3503 4066; baseline 0.006 -36"><span class='ocrx_word' id='word_1_272' title='bbox 349 3974 560 4031; x_wconf 87' lang='lat' dir='ltr'><strong>recte</strong></span> <span class='ocrx_word' id='word_1_273' title='bbox 607 3962 969 4058; x_wconf 84' lang='lat' dir='ltr'><strong>explicatae</strong></span> <span class='ocrx_word' id='word_1_274' title='bbox 1019 3979 1225 4054; x_wconf 89' lang='lat' dir='ltr'><strong>sunt,</strong></span> <span class='ocrx_word' id='word_1_275' title='bbox 1264 3981 1334 4036; x_wconf 93' lang='lat' dir='ltr'><strong>et</strong></span> <span class='ocrx_word' id='word_1_276' title='bbox 1380 3967 1451 4036; x_wconf 91' lang='lat' dir='ltr'><strong>in</strong></span> <span class='ocrx_word' id='word_1_277' title='bbox 1486 3991 1731 4037; x_wconf 88' lang='lat' dir='ltr'><strong>earum</strong></span> <span class='ocrx_word' id='word_1_278' title='bbox 1771 3968 2014 4038; x_wconf 89' lang='lat' dir='ltr'><strong>locum</strong></span> <span class='ocrx_word' id='word_1_279' title='bbox 2043 3995 2303 4065; x_wconf 87' lang='lat' dir='ltr'><strong>paucas</strong></span> <span class='ocrx_word' id='word_1_280' title='bbox 2332 3973 2504 4043; x_wconf 91' lang='lat' dir='ltr'><strong>alias</strong></span> <span class='ocrx_word' id='word_1_281' title='bbox 2552 3973 3092 4046; x_wconf 88' lang='lat' dir='ltr'><strong>observationes</strong></span> <span class='ocrx_word' id='word_1_282' title='bbox 3127 3978 3503 4066; x_wconf 72' lang='lat' dir='ltr'><strong>substitui,</strong></span> 
     </span>
     <span class='ocr_line' id='line_1_29' title="bbox 345 4093 3500 4188; baseline 0.007 -27"><span class='ocrx_word' id='word_1_283' title='bbox 345 4117 666 4188; x_wconf 87' lang='lat' dir='ltr'><strong>quarum</strong></span> <span class='ocrx_word' id='word_1_284' title='bbox 703 4093 1204 4166; x_wconf 87' lang='lat' dir='ltr'><strong>addendarum</strong></span> <span class='ocrx_word' id='word_1_285' title='bbox 1239 4096 1456 4168; x_wconf 90' lang='lat' dir='ltr'><strong>iidem</strong></span> <span class='ocrx_word' id='word_1_286' title='bbox 1495 4098 1807 4170; x_wconf 90' lang='lat' dir='ltr'><strong>editores</strong></span> <span class='ocrx_word' id='word_1_287' title='bbox 1857 4100 2033 4171; x_wconf 91' lang='lat' dir='ltr'><strong>mihi</strong></span> <span class='ocrx_word' id='word_1_288' title='bbox 2077 4103 2537 4174; x_wconf 87' lang='lat' dir='ltr'><strong>occasionem</strong></span> <span class='ocrx_word' id='word_1_289' title='bbox 2582 4105 3031 4178; x_wconf 87' lang='lat' dir='ltr'><strong>obtulerunt.</strong></span> <span class='ocrx_word' id='word_1_290' title='bbox 3058 4113 3235 4180; x_wconf 92' lang='lat' dir='ltr'><strong>Nam</strong></span> <span class='ocrx_word' id='word_1_291' title='bbox 3270 4109 3500 4182; x_wconf 85' lang='lat' dir='ltr'><strong>brevi-</strong></span> 
     </span>
     <span class='ocr_line' id='line_1_30' title="bbox 349 4215 3503 4336; baseline 0.005 -43"><span class='ocrx_word' id='word_1_292' title='bbox 349 4224 530 4294; x_wconf 86' lang='lat' dir='ltr'><strong>tatis</strong></span> <span class='ocrx_word' id='word_1_293' title='bbox 582 4223 948 4297; x_wconf 90' lang='lat' dir='ltr'><strong>studiosus</strong></span> <span class='ocrx_word' id='word_1_294' title='bbox 991 4228 1330 4299; x_wconf 88' lang='lat' dir='ltr'><strong>constitui</strong></span> <span class='ocrx_word' id='word_1_295' title='bbox 1372 4228 1554 4300; x_wconf 89' lang='lat' dir='ltr'><strong>nihil</strong></span> <span class='ocrx_word' id='word_1_296' title='bbox 1601 4255 1933 4318; x_wconf 90' lang='lat' dir='ltr'><strong>monere,</strong></span> <span class='ocrx_word' id='word_1_297' title='bbox 1991 4233 2126 4305; x_wconf 89' lang='lat' dir='ltr'><strong>nisi</strong></span> <span class='ocrx_word' id='word_1_298' title='bbox 2184 4215 2274 4306; x_wconf 91' lang='lat' dir='ltr'><strong>de</strong></span> <span class='ocrx_word' id='word_1_299' title='bbox 2321 4260 2484 4307; x_wconf 94' lang='lat' dir='ltr'><strong>meo</strong></span> <span class='ocrx_word' id='word_1_300' title='bbox 2529 4236 2871 4309; x_wconf 83' lang='lat' dir='ltr'><strong>haberem</strong></span> <span class='ocrx_word' id='word_1_301' title='bbox 2922 4265 3085 4336; x_wconf 83' lang='lat' dir='ltr'><strong>quae</strong></span> <span class='ocrx_word' id='word_1_302' title='bbox 3127 4241 3503 4314; x_wconf 81' lang='lat' dir='ltr'><strong>observatu</strong></span> 
     </span>
     <span class='ocr_line' id='line_1_31' title="bbox 353 4353 3505 4470; baseline 0.008 -47"><span class='ocrx_word' id='word_1_303' title='bbox 353 4353 556 4425; x_wconf 90' lang='lat' dir='ltr'><strong>haud</strong></span> <span class='ocrx_word' id='word_1_304' title='bbox 609 4381 902 4453; x_wconf 90' lang='lat' dir='ltr'><strong>prorsus</strong></span> <span class='ocrx_word' id='word_1_305' title='bbox 972 4359 1262 4456; x_wconf 88' lang='lat' dir='ltr'><strong>indigna</strong></span> <span class='ocrx_word' id='word_1_306' title='bbox 1321 4361 1758 4435; x_wconf 87' lang='lat' dir='ltr'><strong>viderentur.</strong></span> <span class='ocrx_word' id='word_1_307' title='bbox 1824 4365 2045 4453; x_wconf 88' lang='lat' dir='ltr'><strong>Quod</strong></span> <span class='ocrx_word' id='word_1_308' title='bbox 2101 4383 2180 4438; x_wconf 92' lang='lat' dir='ltr'><strong>ut</strong></span> <span class='ocrx_word' id='word_1_309' title='bbox 2239 4394 2327 4440; x_wconf 94' lang='lat' dir='ltr'><strong>eo</strong></span> <span class='ocrx_word' id='word_1_310' title='bbox 2382 4370 2635 4441; x_wconf 90' lang='lat' dir='ltr'><strong>melius</strong></span> <span class='ocrx_word' id='word_1_311' title='bbox 2699 4373 3163 4470; x_wconf 89' lang='lat' dir='ltr'><strong>perspiciatur</strong></span> <span class='ocrx_word' id='word_1_312' title='bbox 3216 4391 3286 4446; x_wconf 89' lang='lat' dir='ltr'><strong>et</strong></span> <span class='ocrx_word' id='word_1_313' title='bbox 3342 4401 3505 4446; x_wconf 90' lang='lat' dir='ltr'><strong>cum</strong></span> 
     </span>
    </p>
   </div>
   <div class='ocr_carea' id='block_1_4' title="bbox 345 4611 3505 5229">
    <p class='ocr_par' dir='ltr' id='par_1_4' title="bbox 345 4611 3505 5229">
     <span class='ocr_line' id='line_1_32' title="bbox 433 4611 3505 4715; baseline 0.009 -47"><span class='ocrx_word' id='word_1_314' title='bbox 433 4611 522 4690; x_wconf 81' lang='grc' dir='ltr'><strong>(ι)</strong></span> <span class='ocrx_word' id='word_1_315' title='bbox 561 4613 748 4671; x_wconf 81' lang='lat' dir='ltr'><strong>Etiam</strong></span> <span class='ocrx_word' id='word_1_316' title='bbox 789 4615 994 4674; x_wconf 86' lang='lat' dir='ltr'><strong>multas</strong></span> <span class='ocrx_word' id='word_1_317' title='bbox 1020 4618 1328 4692; x_wconf 87' lang='lat' dir='ltr'><strong>lectiones,</strong></span> <span class='ocrx_word' id='word_1_318' title='bbox 1360 4639 1502 4696; x_wconf 83' lang='lat' dir='ltr'><strong>quas</strong></span> <span class='ocrx_word' id='word_1_319' title='bbox 1544 4641 1612 4678; x_wconf 87' lang='lat' dir='ltr'><strong>ex</strong></span> <span class='ocrx_word' id='word_1_320' title='bbox 1656 4623 1784 4679; x_wconf 86' lang='lat' dir='ltr'><strong>edd.</strong></span> <span class='ocrx_word' id='word_1_321' title='bbox 1819 4625 2121 4683; x_wconf 81' lang='lat' dir='ltr'><strong>Cratandri</strong></span> <span class='ocrx_word' id='word_1_322' title='bbox 2158 4639 2217 4684; x_wconf 88' lang='lat' dir='ltr'><strong>et</strong></span> <span class='ocrx_word' id='word_1_323' title='bbox 2253 4626 2427 4684; x_wconf 91' lang='lat' dir='ltr'><strong>Brub.</strong></span> <span class='ocrx_word' id='word_1_324' title='bbox 2462 4639 2865 4703; x_wconf 85' lang='lat' dir='ltr'><strong>enotaveram,</strong></span> <span class='ocrx_word' id='word_1_325' title='bbox 2902 4649 3101 4690; x_wconf 88' lang='lat' dir='ltr'><strong>rursus</strong></span> <span class='ocrx_word' id='word_1_326' title='bbox 3128 4633 3344 4710; x_wconf 88' lang='lat' dir='ltr'><strong>delevi,</strong></span> <span class='ocrx_word' id='word_1_327' title='bbox 3372 4637 3505 4715; x_wconf 74' lang='lat' dir='ltr'><strong>quia</strong></span> 
     </span>
     <span class='ocr_line' id='line_1_33' title="bbox 345 4719 3501 4814; baseline 0.007 -34"><span class='ocrx_word' id='word_1_328' title='bbox 345 4719 648 4796; x_wconf 79' lang='lat' dir='ltr'><strong>Zieglerus</strong></span> <span class='ocrx_word' id='word_1_329' title='bbox 671 4720 794 4798; x_wconf 86' lang='lat' dir='ltr'><strong>jam</strong></span> <span class='ocrx_word' id='word_1_330' title='bbox 821 4720 1186 4781; x_wconf 76' lang='lat' dir='ltr'><strong>collationem</strong></span> <span class='ocrx_word' id='word_1_331' title='bbox 1222 4723 1350 4783; x_wconf 86' lang='lat' dir='ltr'><strong>edd.</strong></span> <span class='ocrx_word' id='word_1_332' title='bbox 1379 4729 1598 4784; x_wconf 85' lang='lat' dir='ltr'><strong>Camer.</strong></span> <span class='ocrx_word' id='word_1_333' title='bbox 1631 4747 1680 4784; x_wconf 84' lang='lat' dir='ltr'><strong>a.</strong></span> <span class='ocrx_word' id='word_1_334' title='bbox 1717 4729 1866 4785; x_wconf 83' lang='lat'>1530</span> <span class='ocrx_word' id='word_1_335' title='bbox 1894 4743 1953 4788; x_wconf 89' lang='lat' dir='ltr'><strong>et</strong></span> <span class='ocrx_word' id='word_1_336' title='bbox 1986 4730 2160 4788; x_wconf 89' lang='lat' dir='ltr'><strong>Brub.</strong></span> <span class='ocrx_word' id='word_1_337' title='bbox 2200 4733 2349 4800; x_wconf 75' lang='lat'><strong>1545</strong></span> <span class='ocrx_word' id='word_1_338' title='bbox 2388 4753 2517 4791; x_wconf 91' lang='lat' dir='ltr'><strong>cum</strong></span> <span class='ocrx_word' id='word_1_339' title='bbox 2554 4733 2867 4794; x_wconf 85' lang='lat' dir='ltr'><strong>lectoribus</strong></span> <span class='ocrx_word' id='word_1_340' title='bbox 2896 4743 3369 4814; x_wconf 87' lang='lat' dir='ltr'><strong>communicavit,</strong></span> <span class='ocrx_word' id='word_1_341' title='bbox 3398 4747 3501 4803; x_wconf 83' lang='lat' dir='ltr'><strong>etsi</strong></span> 
     </span>
     <span class='ocr_line' id='line_1_34' title="bbox 345 4827 3503 4919; baseline 0.009 -36"><span class='ocrx_word' id='word_1_342' title='bbox 345 4827 632 4884; x_wconf 81' lang='lat' dir='ltr'><strong>nonnulla</strong></span> <span class='ocrx_word' id='word_1_343' title='bbox 663 4829 814 4884; x_wconf 86' lang='lat' dir='ltr'><strong>scitu</strong></span> <span class='ocrx_word' id='word_1_344' title='bbox 843 4827 996 4886; x_wconf 88' lang='lat' dir='ltr'><strong>haud</strong></span> <span class='ocrx_word' id='word_1_345' title='bbox 1030 4828 1266 4908; x_wconf 84' lang='lat' dir='ltr'><strong>indigna</strong></span> <span class='ocrx_word' id='word_1_346' title='bbox 1298 4833 1684 4910; x_wconf 77' lang='lat' dir='ltr'><strong>praetermisit.</strong></span> <span class='ocrx_word' id='word_1_347' title='bbox 1719 4835 1862 4892; x_wconf 86' lang='lat' dir='ltr'><strong>Nam</strong></span> <span class='ocrx_word' id='word_1_348' title='bbox 1899 4835 2075 4894; x_wconf 89' lang='lat' dir='ltr'><strong>editio</strong></span> <span class='ocrx_word' id='word_1_349' title='bbox 2100 4842 2253 4896; x_wconf 85' lang='lat' dir='ltr'><strong>Crat.</strong></span> <span class='ocrx_word' id='word_1_350' title='bbox 2288 4839 2591 4898; x_wconf 78' lang='lat' dir='ltr'><strong>maximam</strong></span> <span class='ocrx_word' id='word_1_351' title='bbox 2624 4855 2843 4919; x_wconf 85' lang='lat' dir='ltr'><strong>partem</strong></span> <span class='ocrx_word' id='word_1_352' title='bbox 2884 4849 3171 4907; x_wconf 88' lang='lat' dir='ltr'><strong>consentit</strong></span> <span class='ocrx_word' id='word_1_353' title='bbox 3208 4872 3337 4909; x_wconf 90' lang='lat' dir='ltr'><strong>cum</strong></span> <span class='ocrx_word' id='word_1_354' title='bbox 3379 4852 3503 4912; x_wconf 86' lang='lat' dir='ltr'><strong>cdi-</strong></span> 
     </span>
     <span class='ocr_line' id='line_1_35' title="bbox 349 4931 3499 5031; baseline 0.009 -41"><span class='ocrx_word' id='word_1_355' title='bbox 349 4931 518 4990; x_wconf 82' lang='lat' dir='ltr'><strong>tione</strong></span> <span class='ocrx_word' id='word_1_356' title='bbox 541 4931 874 5004; x_wconf 74' lang='lat' dir='ltr'><strong>canuerat-ii,</strong></span> <span class='ocrx_word' id='word_1_357' title='bbox 893 4943 950 4990; x_wconf 90' lang='lat' dir='ltr'><strong>et</strong></span> <span class='ocrx_word' id='word_1_358' title='bbox 968 4933 1057 4992; x_wconf 90' lang='lat' dir='ltr'><strong>ed.</strong></span> <span class='ocrx_word' id='word_1_359' title='bbox 1081 4933 1254 4993; x_wconf 82' lang='lat' dir='ltr'><strong>Brub.</strong></span> <span class='ocrx_word' id='word_1_360' title='bbox 1274 4955 1326 4993; x_wconf 92' lang='lat' dir='ltr'><strong>a.</strong></span> <span class='ocrx_word' id='word_1_361' title='bbox 1355 4935 1501 4994; x_wconf 83' lang='lat'>1553</span> <span class='ocrx_word' id='word_1_362' title='bbox 1521 4937 1594 4994; x_wconf 90' lang='lat' dir='ltr'><strong>ab</strong></span> <span class='ocrx_word' id='word_1_363' title='bbox 1612 4958 1676 4994; x_wconf 78' lang='lat' dir='ltr'><strong>ra</strong></span> <span class='ocrx_word' id='word_1_364' title='bbox 1699 4957 1826 5016; x_wconf 86' lang='lat' dir='ltr'><strong>quae</strong></span> <span class='ocrx_word' id='word_1_365' title='bbox 1850 4939 2068 5016; x_wconf 89' lang='lat' dir='ltr'><strong>prodiit</strong></span> <span class='ocrx_word' id='word_1_366' title='bbox 2086 4961 2135 4998; x_wconf 91' lang='lat' dir='ltr'><strong>a.</strong></span> <span class='ocrx_word' id='word_1_367' title='bbox 2167 4962 2187 4998; x_wconf 86' lang='lat'>1</span> <span class='ocrx_word' id='word_1_368' title='bbox 2201 4943 2335 5016; x_wconf 69' lang='lat'><strong>545,</strong></span> <span class='ocrx_word' id='word_1_369' title='bbox 2352 4943 2640 5025; x_wconf 85' lang='lat' dir='ltr'><strong>descripta</strong></span> <span class='ocrx_word' id='word_1_370' title='bbox 2664 4947 2738 5006; x_wconf 85' lang='lat' dir='ltr'><strong>ab</strong></span> <span class='ocrx_word' id='word_1_371' title='bbox 2762 4953 2838 5009; x_wconf 82' lang='lat' dir='ltr'><strong>A.</strong></span> <span class='ocrx_word' id='word_1_372' title='bbox 2857 4953 3113 5009; x_wconf 83' lang='lat' dir='ltr'><strong>Jacobsio</strong></span> <span class='ocrx_word' id='word_1_373' title='bbox 3134 4974 3191 5031; x_wconf 91' lang='lat' dir='ltr'><strong>p.</strong></span> <span class='ocrx_word' id='word_1_374' title='bbox 3213 4961 3499 5019; x_wconf 77' lang='lat' dir='ltr'>XXXVII</span> 
     </span>
     <span class='ocr_line' id='line_1_36' title="bbox 345 5035 3501 5144; baseline 0.011 -54"><span class='ocrx_word' id='word_1_375' title='bbox 345 5057 511 5115; x_wconf 60' lang='lat' dir='ltr'><strong>sqq„</strong></span> <span class='ocrx_word' id='word_1_376' title='bbox 540 5036 684 5094; x_wconf 86' lang='lat' dir='ltr'><strong>nihil</strong></span> <span class='ocrx_word' id='word_1_377' title='bbox 717 5035 942 5096; x_wconf 81' lang='lat' dir='ltr'><strong>diversa</strong></span> <span class='ocrx_word' id='word_1_378' title='bbox 974 5053 1078 5098; x_wconf 89' lang='lat' dir='ltr'><strong>est.</strong></span> <span class='ocrx_word' id='word_1_379' title='bbox 1107 5045 1231 5120; x_wconf 83' lang='lat' dir='ltr'><strong>Ego</strong></span> <span class='ocrx_word' id='word_1_380' title='bbox 1271 5045 1330 5099; x_wconf 87' lang='lat' dir='ltr'><strong>in</strong></span> <span class='ocrx_word' id='word_1_381' title='bbox 1360 5043 1466 5101; x_wconf 89' lang='lat' dir='ltr'><strong>hac</strong></span> <span class='ocrx_word' id='word_1_382' title='bbox 1503 5064 1567 5103; x_wconf 88' lang='lat' dir='ltr'><strong>re</strong></span> <span class='ocrx_word' id='word_1_383' title='bbox 1597 5058 1658 5102; x_wconf 85' lang='lat' dir='ltr'><strong>ut</strong></span> <span class='ocrx_word' id='word_1_384' title='bbox 1688 5044 1828 5103; x_wconf 90' lang='lat' dir='ltr'><strong>alibi</strong></span> <span class='ocrx_word' id='word_1_385' title='bbox 1856 5047 2200 5124; x_wconf 87' lang='lat' dir='ltr'><strong>plerumque</strong></span> <span class='ocrx_word' id='word_1_386' title='bbox 2234 5069 2329 5107; x_wconf 87' lang='lat' dir='ltr'><strong>eas</strong></span> <span class='ocrx_word' id='word_1_387' title='bbox 2361 5055 2758 5113; x_wconf 87' lang='lat' dir='ltr'><strong>tantummodo</strong></span> <span class='ocrx_word' id='word_1_388' title='bbox 2801 5058 3231 5122; x_wconf 87' lang='lat' dir='ltr'><strong>observationes</strong></span> <span class='ocrx_word' id='word_1_389' title='bbox 3266 5065 3501 5144; x_wconf 86' lang='lat' dir='ltr'><strong>reliqui,</strong></span> 
     </span>
     <span class='ocr_line' id='line_1_37' title="bbox 347 5142 2457 5229; baseline 0.008 -27"><span class='ocrx_word' id='word_1_390' title='bbox 347 5145 410 5202; x_wconf 83' lang='lat' dir='ltr'><strong>in</strong></span> <span class='ocrx_word' id='word_1_391' title='bbox 438 5142 656 5220; x_wconf 82' lang='lat' dir='ltr'><strong>quibus</strong></span> <span class='ocrx_word' id='word_1_392' title='bbox 677 5142 848 5202; x_wconf 83' lang='lat' dir='ltr'><strong>tacite</strong></span> <span class='ocrx_word' id='word_1_393' title='bbox 883 5146 972 5204; x_wconf 86' lang='lat' dir='ltr'><strong>vel</strong></span> <span class='ocrx_word' id='word_1_394' title='bbox 999 5147 1272 5226; x_wconf 88' lang='lat' dir='ltr'><strong>supplere</strong></span> <span class='ocrx_word' id='word_1_395' title='bbox 1295 5151 1387 5208; x_wconf 79' lang='lat' dir='ltr'><strong>vel</strong></span> <span class='ocrx_word' id='word_1_396' title='bbox 1417 5152 1703 5229; x_wconf 86' lang='lat' dir='ltr'><strong>corrigere</strong></span> <span class='ocrx_word' id='word_1_397' title='bbox 1733 5154 1893 5210; x_wconf 86' lang='lat' dir='ltr'><strong>volui</strong></span> <span class='ocrx_word' id='word_1_398' title='bbox 1914 5151 1987 5210; x_wconf 86' lang='lat' dir='ltr'><strong>ab</strong></span> <span class='ocrx_word' id='word_1_399' title='bbox 2014 5153 2139 5212; x_wconf 86' lang='lat' dir='ltr'><strong>aliis</strong></span> <span class='ocrx_word' id='word_1_400' title='bbox 2167 5155 2457 5218; x_wconf 76' lang='lat' dir='ltr'><strong>adnotata.</strong></span> 
     </span>
    </p>
   </div>
  </div>
 </body>
</html>
