<?xml version="1.0" encoding="UTF-8"?>
<!DOCTYPE html PUBLIC "-//W3C//DTD XHTML 1.0 Transitional//EN"
    "http://www.w3.org/TR/xhtml1/DTD/xhtml1-transitional.dtd">
<html xmlns="http://www.w3.org/1999/xhtml" xml:lang="en" lang="en">
 <head>
  <title>
</title>
<meta http-equiv="Content-Type" content="text/html;charset=utf-8" />
  <meta name='ocr-system' content='tesseract 3.04.00' />
  <meta name='ocr-capabilities' content='ocr_page ocr_carea ocr_par ocr_line ocrx_word'/>
</head>
<body>
  <div class='ocr_page' id='page_1' title='image "./poetbucolicietd00ameigoog_0621.png"; bbox 0 0 3767 5825; ppageno 0'>
   <div class='ocr_carea' id='block_1_1' title="bbox 1033 336 3313 425">
    <p class='ocr_par' dir='ltr' id='par_1_1' title="bbox 1033 336 3313 425">
     <span class='ocr_line' id='line_1_1' title="bbox 1033 336 3313 425; baseline -0.003 -18"><span class='ocrx_word' id='word_1_1' title='bbox 1033 336 1832 409; x_wconf 73' lang='lat' dir='ltr'><strong>MANETHONIANOBUM</strong></span> <span class='ocrx_word' id='word_1_2' title='bbox 1873 346 2011 406; x_wconf 78' lang='lat' dir='ltr'>Lm.</span> <span class='ocrx_word' id='word_1_3' title='bbox 2056 344 2155 406; x_wconf 87' lang='lat' dir='ltr'>VI.</span> <span class='ocrx_word' id='word_1_4' title='bbox 2203 343 2392 425; x_wconf 89' lang='lat'>[111.]</span> <span class='ocrx_word' id='word_1_5' title='bbox 3240 344 3313 401; x_wconf 79' lang='grc'>65</span> 
     </span>
    </p>
   </div>
   <div class='ocr_carea' id='block_1_2' title="bbox 41 473 1636 1527">
    <p class='ocr_par' dir='ltr' id='par_1_2' title="bbox 94 473 1570 732">
     <span class='ocr_line' id='line_1_2' title="bbox 94 473 1570 560; baseline 0.003 -26"><span class='ocrx_word' id='word_1_6' title='bbox 94 474 290 554; x_wconf 72' lang='grc' dir='ltr'>ἄρσενι</span> <span class='ocrx_word' id='word_1_7' title='bbox 318 477 364 533; x_wconf 89' lang='grc' dir='ltr'>δ’</span> <span class='ocrx_word' id='word_1_8' title='bbox 389 478 441 534; x_wconf 83' lang='grc' dir='ltr'>ἐν</span> <span class='ocrx_word' id='word_1_9' title='bbox 461 474 578 557; x_wconf 81' lang='grc' dir='ltr'>ζῶῳ</span> <span class='ocrx_word' id='word_1_10' title='bbox 604 473 856 554; x_wconf 71' lang='grc' dir='ltr'>Κύπρις</span> <span class='ocrx_word' id='word_1_11' title='bbox 876 475 1026 537; x_wconf 84' lang='grc' dir='ltr'>πέλοι</span> <span class='ocrx_word' id='word_1_12' title='bbox 1051 480 1102 537; x_wconf 81' lang='grc' dir='ltr'>ἐν</span> <span class='ocrx_word' id='word_1_13' title='bbox 1133 477 1378 558; x_wconf 84' lang='grc' dir='ltr'>Κρόνου</span> <span class='ocrx_word' id='word_1_14' title='bbox 1408 478 1535 560; x_wconf 78' lang='grc' dir='ltr'>οἴκῳ</span> <span class='ocrx_word' id='word_1_15' title='bbox 1553 526 1570 557; x_wconf 83' lang='grc'>,</span> 
     </span>
     <span class='ocr_line' id='line_1_3' title="bbox 95 563 1454 646; baseline 0.003 -24"><span class='ocrx_word' id='word_1_16' title='bbox 95 566 235 641; x_wconf 83' lang='grc' dir='ltr'>μηδ’</span> <span class='ocrx_word' id='word_1_17' title='bbox 261 564 382 623; x_wconf 76' lang='grc' dir='ltr'>ὅσον</span> <span class='ocrx_word' id='word_1_18' title='bbox 407 563 706 644; x_wconf 79' lang='grc' dir='ltr'>ἀμφοτέρας</span> <span class='ocrx_word' id='word_1_19' title='bbox 728 568 814 635; x_wconf 89' lang='grc' dir='ltr'>Ζη</span> <span class='ocrx_word' id='word_1_20' title='bbox 829 566 929 631; x_wconf 84' lang='grc' dir='ltr'>νὸς</span> <span class='ocrx_word' id='word_1_21' title='bbox 953 566 1454 646; x_wconf 84' lang='grc' dir='ltr'>καταδερκομένοιο,</span> 
     </span>
     <span class='ocr_line' id='line_1_4' title="bbox 95 652 1421 732; baseline 0.002 -21"><span class='ocrx_word' id='word_1_22' title='bbox 95 652 317 731; x_wconf 78' lang='grc' dir='ltr'>στείρας</span> <span class='ocrx_word' id='word_1_23' title='bbox 345 653 432 723; x_wconf 80' lang='grc' dir='ltr'>ἠδ’</span> <span class='ocrx_word' id='word_1_24' title='bbox 461 652 677 719; x_wconf 77' lang='grc' dir='ltr'>ἀτόκους</span> <span class='ocrx_word' id='word_1_25' title='bbox 702 659 868 728; x_wconf 74' lang='grc' dir='ltr'>τῆμος</span> <span class='ocrx_word' id='word_1_26' title='bbox 900 654 1126 726; x_wconf 80' lang='grc' dir='ltr'>θήκαντο</span> <span class='ocrx_word' id='word_1_27' title='bbox 1153 659 1421 732; x_wconf 88' lang='grc' dir='ltr'>γυναῖκας.</span> 
     </span>
    </p>

    <p class='ocr_par' dir='ltr' id='par_1_3' title="bbox 41 731 1636 997">
     <span class='ocr_line' id='line_1_5' title="bbox 41 731 1636 823; baseline 0.004 -26"><span class='ocrx_word' id='word_1_28' title='bbox 41 766 67 803; x_wconf 74' lang='grc' dir='ltr'>ι</span> <span class='ocrx_word' id='word_1_29' title='bbox 183 740 391 798; x_wconf 79' lang='grc' dir='ltr'>ὁππότε</span> <span class='ocrx_word' id='word_1_30' title='bbox 419 740 467 799; x_wconf 81' lang='grc' dir='ltr'>δ’</span> <span class='ocrx_word' id='word_1_31' title='bbox 492 731 560 798; x_wconf 72' lang='grc' dir='ltr'>αὗ</span> <span class='ocrx_word' id='word_1_32' title='bbox 581 740 750 801; x_wconf 83' lang='grc' dir='ltr'>Φαίν</span> <span class='ocrx_word' id='word_1_33' title='bbox 766 765 851 799; x_wconf 91' lang='grc' dir='ltr'>ων</span> <span class='ocrx_word' id='word_1_34' title='bbox 875 742 969 820; x_wconf 75' lang='grc' dir='ltr'>μὲν</span> <span class='ocrx_word' id='word_1_35' title='bbox 995 740 1125 821; x_wconf 74' lang='grc' dir='ltr'>ὑπὲρ</span> <span class='ocrx_word' id='word_1_36' title='bbox 1150 741 1364 823; x_wconf 87' lang='grc' dir='ltr'>κέντρου</span> <span class='ocrx_word' id='word_1_37' title='bbox 1389 742 1636 819; x_wconf 82' lang='grc' dir='ltr'>μεσάτοιο</span> 
     </span>
     <span class='ocr_line' id='line_1_6' title="bbox 93 817 1466 910; baseline 0.002 -25"><span class='ocrx_word' id='word_1_38' title='bbox 93 830 348 901; x_wconf 48' lang='lat' dir='ltr'><strong>terami,</strong></span> <span class='ocrx_word' id='word_1_39' title='bbox 369 830 446 908; x_wconf 73' lang='grc' dir='ltr'>τῷ</span> <span class='ocrx_word' id='word_1_40' title='bbox 471 828 518 887; x_wconf 78' lang='grc' dir='ltr'>δ’</span> <span class='ocrx_word' id='word_1_41' title='bbox 544 817 670 886; x_wconf 62' lang='grc' dir='ltr'>αὖτε</span> <span class='ocrx_word' id='word_1_42' title='bbox 694 827 1082 907; x_wconf 88' lang='grc' dir='ltr'>καταντιπέρην</span> <span class='ocrx_word' id='word_1_43' title='bbox 1106 829 1466 910; x_wconf 76' lang='grc' dir='ltr'>Ἀφροδίτη,</span> 
     </span>
     <span class='ocr_line' id='line_1_7' title="bbox 93 915 1326 997; baseline 0.002 -22"><span class='ocrx_word' id='word_1_44' title='bbox 93 916 226 988; x_wconf 81' lang='grc' dir='ltr'>ἤτοι</span> <span class='ocrx_word' id='word_1_45' title='bbox 255 916 526 997; x_wconf 75' lang='grc' dir='ltr'>ἀπείρητοι</span> <span class='ocrx_word' id='word_1_46' title='bbox 549 915 740 975; x_wconf 81' lang='grc' dir='ltr'>τεκέων</span> <span class='ocrx_word' id='word_1_47' title='bbox 774 916 860 975; x_wconf 80' lang='grc' dir='ltr'>ἐπὶ</span> <span class='ocrx_word' id='word_1_48' title='bbox 878 916 1060 997; x_wconf 81' lang='grc' dir='ltr'>πάγχυ</span> <span class='ocrx_word' id='word_1_49' title='bbox 1087 915 1326 994; x_wconf 82' lang='grc' dir='ltr'>γένοντο,</span> 
     </span>
    </p>

    <p class='ocr_par' dir='ltr' id='par_1_4' title="bbox 97 1003 1426 1085">
     <span class='ocr_line' id='line_1_8' title="bbox 97 1003 1426 1085; baseline 0.004 -23"><span class='ocrx_word' id='word_1_50' title='bbox 97 1005 136 1075; x_wconf 78' lang='grc' dir='ltr'>ἢ</span> <span class='ocrx_word' id='word_1_51' title='bbox 171 1004 440 1085; x_wconf 73' lang='grc' dir='ltr'>φθείρουσι</span> <span class='ocrx_word' id='word_1_52' title='bbox 465 1003 617 1075; x_wconf 75' lang='grc' dir='ltr'>γονὰς</span> <span class='ocrx_word' id='word_1_53' title='bbox 637 1004 741 1063; x_wconf 79' lang='grc' dir='ltr'>ἀπὸ</span> <span class='ocrx_word' id='word_1_54' title='bbox 767 1004 1017 1085; x_wconf 80' lang='grc' dir='ltr'>γαστέρος</span> <span class='ocrx_word' id='word_1_55' title='bbox 1040 1008 1426 1081; x_wconf 76' lang='grc' dir='ltr'>ὧμοτοκοῧσαι.</span> 
     </span>
    </p>

    <p class='ocr_par' dir='ltr' id='par_1_5' title="bbox 41 1089 1598 1527">
     <span class='ocr_line' id='line_1_9' title="bbox 41 1089 1505 1175; baseline 0.001 -23"><span class='ocrx_word' id='word_1_56' title='bbox 41 1114 68 1152; x_wconf 82' lang='lat' dir='ltr'><strong>o</strong></span> <span class='ocrx_word' id='word_1_57' title='bbox 97 1095 146 1150; x_wconf 83' lang='grc' dir='ltr'>εἰ</span> <span class='ocrx_word' id='word_1_58' title='bbox 163 1093 223 1150; x_wconf 82' lang='grc' dir='ltr'>,δ’</span> <span class='ocrx_word' id='word_1_59' title='bbox 250 1092 427 1159; x_wconf 82' lang='grc' dir='ltr'>ἐσθλὸς</span> <span class='ocrx_word' id='word_1_60' title='bbox 451 1089 727 1151; x_wconf 85' lang='grc' dir='ltr'>Φαέθων</span> <span class='ocrx_word' id='word_1_61' title='bbox 758 1092 919 1152; x_wconf 84' lang='grc' dir='ltr'>τοῖσίν</span> <span class='ocrx_word' id='word_1_62' title='bbox 948 1093 996 1169; x_wconf 86' lang='grc' dir='ltr'>γ’</span> <span class='ocrx_word' id='word_1_63' title='bbox 1026 1094 1372 1175; x_wconf 78' lang='grc' dir='ltr'>ἐπιμάρτυρος</span> <span class='ocrx_word' id='word_1_64' title='bbox 1396 1094 1505 1167; x_wconf 82' lang='grc' dir='ltr'>εἴη,</span> 
     </span>
     <span class='ocr_line' id='line_1_10' title="bbox 99 1178 1307 1262; baseline 0.003 -24"><span class='ocrx_word' id='word_1_65' title='bbox 99 1178 351 1261; x_wconf 85' lang='grc' dir='ltr'>ψευδέσιν</span> <span class='ocrx_word' id='word_1_66' title='bbox 383 1180 624 1239; x_wconf 73' lang='grc' dir='ltr'>ὠδίνεσσι</span> <span class='ocrx_word' id='word_1_67' title='bbox 655 1180 823 1262; x_wconf 80' lang='grc' dir='ltr'>λάθρῃ</span> <span class='ocrx_word' id='word_1_68' title='bbox 847 1180 1050 1239; x_wconf 78' lang='grc' dir='ltr'>παίδων</span> <span class='ocrx_word' id='word_1_69' title='bbox 1078 1182 1307 1260; x_wconf 89' lang='grc' dir='ltr'>ἐγένοντο</span> 
     </span>
     <span class='ocr_line' id='line_1_11' title="bbox 102 1266 1372 1347; baseline 0.004 -23"><span class='ocrx_word' id='word_1_70' title='bbox 102 1268 334 1347; x_wconf 77' lang='grc' dir='ltr'>μητέρες</span> <span class='ocrx_word' id='word_1_71' title='bbox 357 1266 644 1346; x_wconf 76' lang='grc' dir='ltr'>ἀλλοτρίων</span> <span class='ocrx_word' id='word_1_72' title='bbox 671 1268 762 1326; x_wconf 84' lang='grc' dir='ltr'>καὶ</span> <span class='ocrx_word' id='word_1_73' title='bbox 793 1269 1096 1341; x_wconf 78' lang='grc' dir='ltr'>ὓποὸλήδην</span> <span class='ocrx_word' id='word_1_74' title='bbox 1117 1271 1372 1329; x_wconf 86' lang='grc' dir='ltr'>ἐτέκοντο.</span> 
     </span>
     <span class='ocr_line' id='line_1_12' title="bbox 101 1355 1504 1438; baseline 0 -23"><span class='ocrx_word' id='word_1_75' title='bbox 101 1360 152 1415; x_wconf 80' lang='grc' dir='ltr'>εἰ</span> <span class='ocrx_word' id='word_1_76' title='bbox 179 1357 226 1415; x_wconf 81' lang='grc' dir='ltr'>δ’</span> <span class='ocrx_word' id='word_1_77' title='bbox 254 1356 361 1437; x_wconf 78' lang='grc' dir='ltr'>ἄρα</span> <span class='ocrx_word' id='word_1_78' title='bbox 383 1355 472 1413; x_wconf 79' lang='grc' dir='ltr'>καὶ</span> <span class='ocrx_word' id='word_1_79' title='bbox 499 1357 552 1414; x_wconf 88' lang='grc' dir='ltr'>Π</span> <span class='ocrx_word' id='word_1_80' title='bbox 569 1355 679 1435; x_wconf 90' lang='grc' dir='ltr'>υρό</span> <span class='ocrx_word' id='word_1_81' title='bbox 698 1380 720 1414; x_wconf 86' lang='grc' dir='ltr'>ε</span> <span class='ocrx_word' id='word_1_82' title='bbox 739 1380 790 1423; x_wconf 91' lang='grc' dir='ltr'>ις</span> <span class='ocrx_word' id='word_1_83' title='bbox 819 1359 1074 1436; x_wconf 83' lang='grc' dir='ltr'>μαλεραῖς</span> <span class='ocrx_word' id='word_1_84' title='bbox 1102 1360 1304 1416; x_wconf 78' lang='grc' dir='ltr'>ἀκτῖσιν</span> <span class='ocrx_word' id='word_1_85' title='bbox 1335 1356 1504 1438; x_wconf 80' lang='grc' dir='ltr'>ὁρῴη,</span> 
     </span>
     <span class='ocr_line' id='line_1_13' title="bbox 97 1441 1598 1527; baseline -0.001 -25"><span class='ocrx_word' id='word_1_86' title='bbox 97 1444 264 1503; x_wconf 81' lang='grc' dir='ltr'>πάντ’</span> <span class='ocrx_word' id='word_1_87' title='bbox 294 1441 567 1525; x_wconf 75' lang='grc' dir='ltr'>ἀναφανδὰ</span> <span class='ocrx_word' id='word_1_88' title='bbox 597 1442 771 1516; x_wconf 83' lang='grc' dir='ltr'>πέλει,</span> <span class='ocrx_word' id='word_1_89' title='bbox 795 1444 922 1522; x_wconf 85' lang='grc' dir='ltr'>τάγε</span> <span class='ocrx_word' id='word_1_90' title='bbox 953 1446 1014 1516; x_wconf 82' lang='grc' dir='ltr'>δὴ</span> <span class='ocrx_word' id='word_1_91' title='bbox 1040 1446 1207 1527; x_wconf 84' lang='grc' dir='ltr'>λάθρῃ</span> <span class='ocrx_word' id='word_1_92' title='bbox 1246 1445 1598 1513; x_wconf 78' lang='grc' dir='ltr'>ἐξετέλεσσαν.</span> 
     </span>
    </p>
   </div>
   <div class='ocr_carea' id='block_1_3' title="bbox 41 1523 1674 1613">
    <p class='ocr_par' dir='ltr' id='par_1_6' title="bbox 41 1523 1674 1613">
     <span class='ocr_line' id='line_1_14' title="bbox 41 1523 1674 1613; baseline -0.002 -22"><span class='ocrx_word' id='word_1_93' title='bbox 41 1554 72 1597; x_wconf 72' lang='grc' dir='ltr'>ι</span> <span class='ocrx_word' id='word_1_94' title='bbox 187 1533 238 1591; x_wconf 76' lang='grc' dir='ltr'>εἰ</span> <span class='ocrx_word' id='word_1_95' title='bbox 261 1530 309 1589; x_wconf 76' lang='grc' dir='ltr'>δ’</span> <span class='ocrx_word' id='word_1_96' title='bbox 329 1532 582 1607; x_wconf 69' lang='grc' dir='ltr'>ἀγαθῶν</span> <span class='ocrx_word' id='word_1_97' title='bbox 610 1529 858 1611; x_wconf 80' lang='grc' dir='ltr'>ἄστρων</span> <span class='ocrx_word' id='word_1_98' title='bbox 880 1533 1314 1613; x_wconf 85' lang='grc' dir='ltr'>παναπόστροφον</span> <span class='ocrx_word' id='word_1_99' title='bbox 1332 1523 1476 1609; x_wconf 71' lang='grc' dir='ltr'>οἶμον</span> <span class='ocrx_word' id='word_1_100' title='bbox 1497 1531 1674 1591; x_wconf 79' lang='grc' dir='ltr'>ἰόντων</span> 
     </span>
    </p>
   </div>
   <div class='ocr_carea' id='block_1_4' title="bbox 98 1616 1494 1965">
    <p class='ocr_par' dir='ltr' id='par_1_7' title="bbox 98 1616 1494 1965">
     <span class='ocr_line' id='line_1_15' title="bbox 99 1616 1436 1701; baseline -0.001 -22"><span class='ocrx_word' id='word_1_101' title='bbox 99 1620 296 1701; x_wconf 74' lang='grc' dir='ltr'>ἀνδρὸς</span> <span class='ocrx_word' id='word_1_102' title='bbox 323 1617 398 1677; x_wconf 73' lang='grc' dir='ltr'>ἔοι</span> <span class='ocrx_word' id='word_1_103' title='bbox 425 1616 637 1695; x_wconf 90' lang='grc' dir='ltr'>γενέθλη</span> <span class='ocrx_word' id='word_1_104' title='bbox 652 1664 668 1689; x_wconf 96' lang='grc'>,</span> <span class='ocrx_word' id='word_1_105' title='bbox 692 1619 798 1677; x_wconf 80' lang='grc' dir='ltr'>τότ’</span> <span class='ocrx_word' id='word_1_106' title='bbox 823 1620 1003 1679; x_wconf 76' lang='grc' dir='ltr'>ἀεικέα</span> <span class='ocrx_word' id='word_1_107' title='bbox 1023 1619 1149 1698; x_wconf 84' lang='grc' dir='ltr'>ἔργα</span> <span class='ocrx_word' id='word_1_108' title='bbox 1173 1622 1406 1679; x_wconf 76' lang='grc' dir='ltr'>τελοῦσιν</span> <span class='ocrx_word' id='word_1_109' title='bbox 1422 1644 1436 1657; x_wconf 88' lang='grc'><em>·</em></span> 
     </span>
     <span class='ocr_line' id='line_1_16' title="bbox 98 1704 1430 1787; baseline 0 -21"><span class='ocrx_word' id='word_1_110' title='bbox 98 1706 391 1787; x_wconf 74' lang='grc' dir='ltr'>κέρσαντες</span> <span class='ocrx_word' id='word_1_111' title='bbox 413 1704 518 1785; x_wconf 72' lang='grc' dir='ltr'>γὰρ</span> <span class='ocrx_word' id='word_1_112' title='bbox 545 1708 752 1785; x_wconf 74' lang='grc' dir='ltr'>ἀχρεῖον</span> <span class='ocrx_word' id='word_1_113' title='bbox 776 1710 860 1765; x_wconf 77' lang='grc' dir='ltr'>ἑοῦ</span> <span class='ocrx_word' id='word_1_114' title='bbox 893 1708 997 1767; x_wconf 76' lang='grc' dir='ltr'>ἀπὸ</span> <span class='ocrx_word' id='word_1_115' title='bbox 1029 1707 1271 1784; x_wconf 82' lang='grc' dir='ltr'>σώματος</span> <span class='ocrx_word' id='word_1_116' title='bbox 1299 1708 1430 1766; x_wconf 82' lang='grc' dir='ltr'>αἰδῶ</span> 
     </span>
     <span class='ocr_line' id='line_1_17' title="bbox 100 1794 1494 1873; baseline -0.001 -18"><span class='ocrx_word' id='word_1_117' title='bbox 100 1796 203 1855; x_wconf 77' lang='grc' dir='ltr'>καὶ</span> <span class='ocrx_word' id='word_1_118' title='bbox 235 1794 362 1856; x_wconf 78' lang='grc' dir='ltr'>κυσὶ</span> <span class='ocrx_word' id='word_1_119' title='bbox 384 1794 556 1872; x_wconf 80' lang='grc' dir='ltr'>μήδεα</span> <span class='ocrx_word' id='word_1_120' title='bbox 581 1794 750 1861; x_wconf 85' lang='grc' dir='ltr'>δόντες</span> <span class='ocrx_word' id='word_1_121' title='bbox 781 1794 993 1868; x_wconf 85' lang='grc' dir='ltr'>ἑκοντὴν</span> <span class='ocrx_word' id='word_1_122' title='bbox 1013 1797 1137 1873; x_wconf 80' lang='grc' dir='ltr'>ὠμὰ</span> <span class='ocrx_word' id='word_1_123' title='bbox 1157 1797 1445 1870; x_wconf 80' lang='grc' dir='ltr'>δάσασθαι,</span> <span class='ocrx_word' id='word_1_124' title='bbox 1483 1820 1494 1829; x_wconf 80' lang='grc'><strong><em>·</em></strong></span> 
     </span>
     <span class='ocr_line' id='line_1_18' title="bbox 101 1882 1352 1965; baseline -0.002 -20"><span class='ocrx_word' id='word_1_125' title='bbox 101 1885 242 1945; x_wconf 78' lang='grc' dir='ltr'>λιτοὶ</span> <span class='ocrx_word' id='word_1_126' title='bbox 265 1882 556 1965; x_wconf 69' lang='grc' dir='ltr'>ἀγείροντες</span> <span class='ocrx_word' id='word_1_127' title='bbox 575 1892 731 1961; x_wconf 84' lang='grc' dir='ltr'>γαῖαν</span> <span class='ocrx_word' id='word_1_128' title='bbox 749 1885 886 1943; x_wconf 84' lang='grc' dir='ltr'>κατὰ</span> <span class='ocrx_word' id='word_1_129' title='bbox 905 1894 1082 1945; x_wconf 75' lang='grc' dir='ltr'>πᾶσαν</span> <span class='ocrx_word' id='word_1_130' title='bbox 1105 1889 1352 1945; x_wconf 79' lang='grc' dir='ltr'>ἀλῶνται.</span> 
     </span>
    </p>
   </div>
   <div class='ocr_carea' id='block_1_5' title="bbox 41 1962 1676 2145">
    <p class='ocr_par' dir='ltr' id='par_1_8' title="bbox 41 1962 1676 2145">
     <span class='ocr_line' id='line_1_19' title="bbox 41 1962 1676 2055; baseline -0.006 -16"><span class='ocrx_word' id='word_1_131' title='bbox 41 2001 76 2039; x_wconf 77' lang='grc' dir='ltr'>ιι</span> <span class='ocrx_word' id='word_1_132' title='bbox 195 1974 376 2041; x_wconf 75' lang='grc' dir='ltr'>ὅσσαις</span> <span class='ocrx_word' id='word_1_133' title='bbox 399 1974 446 2031; x_wconf 75' lang='grc' dir='ltr'>δ’</span> <span class='ocrx_word' id='word_1_134' title='bbox 478 1962 603 2031; x_wconf 60' lang='grc' dir='ltr'>αὖτε</span> <span class='ocrx_word' id='word_1_135' title='bbox 620 1972 851 2051; x_wconf 64' lang='grc' dir='ltr'>γυναιξὶν</span> <span class='ocrx_word' id='word_1_136' title='bbox 867 1971 930 2033; x_wconf 70' lang='grc' dir='ltr'><strong>Ἀ</strong></span> <span class='ocrx_word' id='word_1_137' title='bbox 948 1999 1058 2055; x_wconf 85' lang='grc' dir='ltr'>ρης</span> <span class='ocrx_word' id='word_1_138' title='bbox 1082 1974 1357 2035; x_wconf 77' lang='grc' dir='ltr'>Φαέθων</span> <span class='ocrx_word' id='word_1_139' title='bbox 1380 1978 1430 2033; x_wconf 90' lang='grc' dir='ltr'>τ’</span> <span class='ocrx_word' id='word_1_140' title='bbox 1453 1972 1540 2033; x_wconf 78' lang='grc' dir='ltr'>ἐπὶ</span> <span class='ocrx_word' id='word_1_141' title='bbox 1559 1972 1676 2031; x_wconf 86' lang='grc' dir='ltr'>κέν-</span> 
     </span>
     <span class='ocr_line' id='line_1_20' title="bbox 101 2059 1676 2145; baseline -0.002 -23"><span class='ocrx_word' id='word_1_142' title='bbox 101 2062 384 2143; x_wconf 80' lang='grc' dir='ltr'>αἶπυτάτῳ</span> <span class='ocrx_word' id='word_1_143' title='bbox 409 2059 676 2140; x_wconf 77' lang='grc' dir='ltr'>βεὸάωσι,</span> <span class='ocrx_word' id='word_1_144' title='bbox 708 2061 1004 2145; x_wconf 74' lang='grc' dir='ltr'>Κυθήρης</span> <span class='ocrx_word' id='word_1_145' title='bbox 1036 2068 1089 2123; x_wconf 85' lang='grc' dir='ltr'>ἐν</span> <span class='ocrx_word' id='word_1_146' title='bbox 1119 2062 1369 2144; x_wconf 86' lang='grc' dir='ltr'>Κρόνου</span> <span class='ocrx_word' id='word_1_147' title='bbox 1397 2061 1525 2145; x_wconf 77' lang='grc' dir='ltr'>οἴκῳ</span> <span class='ocrx_word' id='word_1_148' title='bbox 1545 2062 1676 2143; x_wconf 80' lang='grc' dir='ltr'>[τρῳ</span> 
     </span>
    </p>
   </div>
   <div class='ocr_carea' id='block_1_6' title="bbox 99 2148 1494 2411">
    <p class='ocr_par' dir='ltr' id='par_1_9' title="bbox 99 2148 1494 2411">
     <span class='ocr_line' id='line_1_21' title="bbox 99 2148 1401 2235; baseline 0.001 -25"><span class='ocrx_word' id='word_1_149' title='bbox 99 2150 448 2235; x_wconf 74' lang='grc' dir='ltr'>φαινομένης,</span> <span class='ocrx_word' id='word_1_150' title='bbox 480 2152 638 2208; x_wconf 74' lang='grc' dir='ltr'>αὐτοῦ</span> <span class='ocrx_word' id='word_1_151' title='bbox 664 2173 718 2208; x_wconf 87' lang='grc' dir='ltr'>τε</span> <span class='ocrx_word' id='word_1_152' title='bbox 751 2150 954 2231; x_wconf 85' lang='grc' dir='ltr'>Κρόνου</span> <span class='ocrx_word' id='word_1_153' title='bbox 975 2148 1092 2232; x_wconf 77' lang='grc' dir='ltr'>ζώῳ</span> <span class='ocrx_word' id='word_1_154' title='bbox 1121 2154 1174 2211; x_wconf 87' lang='grc' dir='ltr'>ἐν</span> <span class='ocrx_word' id='word_1_155' title='bbox 1203 2154 1401 2223; x_wconf 80' lang='grc' dir='ltr'>ἐκείνης</span> 
     </span>
     <span class='ocr_line' id='line_1_22' title="bbox 100 2234 1494 2324; baseline -0.003 -21"><span class='ocrx_word' id='word_1_156' title='bbox 100 2241 420 2324; x_wconf 74' lang='grc' dir='ltr'>δερκομένου</span> <span class='ocrx_word' id='word_1_157' title='bbox 445 2240 721 2300; x_wconf 77' lang='grc' dir='ltr'>Φαέθοντα</span> <span class='ocrx_word' id='word_1_158' title='bbox 747 2238 1159 2317; x_wconf 86' lang='grc' dir='ltr'>μεσουρανέοντα</span> <span class='ocrx_word' id='word_1_159' title='bbox 1188 2238 1279 2299; x_wconf 81' lang='grc' dir='ltr'>καὶ</span> <span class='ocrx_word' id='word_1_160' title='bbox 1307 2234 1494 2320; x_wconf 81' lang='grc' dir='ltr'>Ἄρην,</span> 
     </span>
     <span class='ocr_line' id='line_1_23' title="bbox 99 2326 1489 2411; baseline 0.001 -23"><span class='ocrx_word' id='word_1_161' title='bbox 99 2336 261 2411; x_wconf 77' lang='grc' dir='ltr'>τῇσιν</span> <span class='ocrx_word' id='word_1_162' title='bbox 284 2332 438 2409; x_wconf 82' lang='grc' dir='ltr'>Μοῖρ’</span> <span class='ocrx_word' id='word_1_163' title='bbox 466 2326 591 2400; x_wconf 78' lang='grc' dir='ltr'>ὀλοὴ</span> <span class='ocrx_word' id='word_1_164' title='bbox 614 2328 810 2388; x_wconf 87' lang='grc' dir='ltr'>τέκνων</span> <span class='ocrx_word' id='word_1_165' title='bbox 841 2328 1039 2410; x_wconf 77' lang='grc' dir='ltr'>στάχυν</span> <span class='ocrx_word' id='word_1_166' title='bbox 1061 2328 1241 2388; x_wconf 83' lang='grc' dir='ltr'>οὔποτ’</span> <span class='ocrx_word' id='word_1_167' title='bbox 1270 2328 1489 2407; x_wconf 78' lang='grc' dir='ltr'>ἔνειμεν.</span> 
     </span>
    </p>
   </div>
   <div class='ocr_carea' id='block_1_7' title="bbox 41 2414 1675 2588">
    <p class='ocr_par' dir='ltr' id='par_1_10' title="bbox 41 2414 1675 2588">
     <span class='ocr_line' id='line_1_24' title="bbox 41 2414 1675 2497; baseline -0.002 -19"><span class='ocrx_word' id='word_1_168' title='bbox 41 2444 76 2486; x_wconf 66' lang='grc' dir='ltr'>ι</span> <span class='ocrx_word' id='word_1_169' title='bbox 189 2417 354 2479; x_wconf 69' lang='grc' dir='ltr'>Τόσσ*</span> <span class='ocrx_word' id='word_1_170' title='bbox 377 2414 536 2475; x_wconf 75' lang='grc' dir='ltr'>εἰπὼν</span> <span class='ocrx_word' id='word_1_171' title='bbox 554 2416 848 2476; x_wconf 82' lang='grc' dir='ltr'>ἀτέκνων</span> <span class='ocrx_word' id='word_1_172' title='bbox 871 2439 926 2476; x_wconf 87' lang='grc' dir='ltr'>τε</span> <span class='ocrx_word' id='word_1_173' title='bbox 941 2416 1033 2477; x_wconf 81' lang='grc' dir='ltr'>καὶ</span> <span class='ocrx_word' id='word_1_174' title='bbox 1053 2416 1400 2497; x_wconf 78' lang='grc' dir='ltr'>ἅσπέρμων</span> <span class='ocrx_word' id='word_1_175' title='bbox 1417 2416 1536 2497; x_wconf 80' lang='grc' dir='ltr'>περὶ</span> <span class='ocrx_word' id='word_1_176' title='bbox 1553 2440 1588 2497; x_wconf 91' lang='grc' dir='ltr'>φ</span> <span class='ocrx_word' id='word_1_177' title='bbox 1603 2441 1675 2474; x_wconf 89' lang='grc' dir='ltr'>ω-</span> 
     </span>
     <span class='ocr_line' id='line_1_25' title="bbox 101 2504 1672 2588; baseline -0.002 -23"><span class='ocrx_word' id='word_1_178' title='bbox 101 2507 248 2565; x_wconf 78' lang='grc' dir='ltr'>ἄλλα</span> <span class='ocrx_word' id='word_1_179' title='bbox 283 2504 336 2563; x_wconf 83' lang='grc' dir='ltr'>δὲ</span> <span class='ocrx_word' id='word_1_180' title='bbox 356 2504 748 2581; x_wconf 88' lang='grc' dir='ltr'>μαντιπόλοισιν</span> <span class='ocrx_word' id='word_1_181' title='bbox 771 2504 1193 2588; x_wconf 75' lang='grc' dir='ltr'>ἐπιφράσσασθαι</span> <span class='ocrx_word' id='word_1_182' title='bbox 1227 2504 1382 2571; x_wconf 90' lang='grc' dir='ltr'>ἐάσας</span> <span class='ocrx_word' id='word_1_183' title='bbox 1393 2550 1408 2577; x_wconf 95' lang='grc'>,</span> <span class='ocrx_word' id='word_1_184' title='bbox 1493 2506 1548 2583; x_wconf 90' lang='grc' dir='ltr'>[τ</span> <span class='ocrx_word' id='word_1_185' title='bbox 1559 2508 1602 2563; x_wconf 81' lang='grc' dir='ltr'><em>ὦ</em></span> <span class='ocrx_word' id='word_1_186' title='bbox 1613 2528 1638 2561; x_wconf 92' lang='grc' dir='ltr'>ν</span> <span class='ocrx_word' id='word_1_187' title='bbox 1657 2549 1672 2581; x_wconf 90' lang='grc'>,</span> 
     </span>
    </p>
   </div>
   <div class='ocr_carea' id='block_1_8' title="bbox 41 2591 1527 4260">
    <p class='ocr_par' dir='ltr' id='par_1_11' title="bbox 41 2591 1527 4260">
     <span class='ocr_line' id='line_1_26' title="bbox 101 2591 1388 2675; baseline -0.001 -23"><span class='ocrx_word' id='word_1_188' title='bbox 101 2593 278 2652; x_wconf 75' lang='grc' dir='ltr'>αὐτίκ’</span> <span class='ocrx_word' id='word_1_189' title='bbox 303 2593 506 2674; x_wconf 82' lang='grc' dir='ltr'>ἀδελφ</span> <span class='ocrx_word' id='word_1_190' title='bbox 522 2616 545 2650; x_wconf 87' lang='grc' dir='ltr'>ε</span> <span class='ocrx_word' id='word_1_191' title='bbox 562 2596 669 2651; x_wconf 84' lang='grc' dir='ltr'>ιῶν</span> <span class='ocrx_word' id='word_1_192' title='bbox 697 2591 830 2661; x_wconf 81' lang='grc' dir='ltr'>λέξω</span> <span class='ocrx_word' id='word_1_193' title='bbox 853 2596 965 2661; x_wconf 81' lang='grc' dir='ltr'>πῶς</span> <span class='ocrx_word' id='word_1_194' title='bbox 983 2592 1045 2653; x_wconf 78' lang='grc' dir='ltr'>ἄν</span> <span class='ocrx_word' id='word_1_195' title='bbox 1069 2618 1128 2652; x_wconf 86' lang='grc' dir='ltr'>κε</span> <span class='ocrx_word' id='word_1_196' title='bbox 1162 2592 1388 2675; x_wconf 79' lang='grc' dir='ltr'>φράσαιο</span> 
     </span>
     <span class='ocr_line' id='line_1_27' title="bbox 99 2680 1459 2763; baseline -0.001 -22"><span class='ocrx_word' id='word_1_197' title='bbox 99 2680 363 2752; x_wconf 79' lang='grc' dir='ltr'>πληθύν</span> <span class='ocrx_word' id='word_1_198' title='bbox 379 2726 394 2754; x_wconf 93' lang='grc'>,</span> <span class='ocrx_word' id='word_1_199' title='bbox 424 2681 680 2739; x_wconf 77' lang='grc' dir='ltr'>δππόσσοι</span> <span class='ocrx_word' id='word_1_200' title='bbox 705 2704 762 2740; x_wconf 90' lang='grc' dir='ltr'>τε</span> <span class='ocrx_word' id='word_1_201' title='bbox 787 2685 910 2759; x_wconf 80' lang='grc' dir='ltr'>μιῆς</span> <span class='ocrx_word' id='word_1_202' title='bbox 932 2682 1038 2741; x_wconf 78' lang='grc' dir='ltr'>ἀπὸ</span> <span class='ocrx_word' id='word_1_203' title='bbox 1065 2683 1290 2763; x_wconf 86' lang='grc' dir='ltr'>γαστρὸς</span> <span class='ocrx_word' id='word_1_204' title='bbox 1315 2682 1459 2740; x_wconf 83' lang='grc' dir='ltr'>ἔασιν</span> 
     </span>
     <span class='ocr_line' id='line_1_28' title="bbox 98 2765 1411 2850; baseline -0.001 -22"><span class='ocrx_word' id='word_1_205' title='bbox 98 2770 166 2828; x_wconf 80' lang='grc' dir='ltr'>ἔκ</span> <span class='ocrx_word' id='word_1_206' title='bbox 187 2769 234 2827; x_wconf 91' lang='grc' dir='ltr'>τ’</span> <span class='ocrx_word' id='word_1_207' title='bbox 263 2768 385 2827; x_wconf 75' lang='grc' dir='ltr'>οἴων</span> <span class='ocrx_word' id='word_1_208' title='bbox 417 2768 674 2850; x_wconf 81' lang='grc' dir='ltr'>πατέρων,</span> <span class='ocrx_word' id='word_1_209' title='bbox 698 2765 883 2836; x_wconf 81' lang='grc' dir='ltr'>ὅσσους</span> <span class='ocrx_word' id='word_1_210' title='bbox 905 2768 952 2827; x_wconf 83' lang='grc' dir='ltr'>τ’</span> <span class='ocrx_word' id='word_1_211' title='bbox 971 2768 1153 2847; x_wconf 81' lang='grc' dir='ltr'>ἐπιμὶξ</span> <span class='ocrx_word' id='word_1_212' title='bbox 1178 2771 1411 2828; x_wconf 82' lang='grc' dir='ltr'>ἐτέκοντο</span> 
     </span>
     <span class='ocr_line' id='line_1_29' title="bbox 41 2856 1380 2938; baseline 0.001 -23"><span class='ocrx_word' id='word_1_213' title='bbox 41 2888 70 2924; x_wconf 85' lang='lat'><strong>0</strong></span> <span class='ocrx_word' id='word_1_214' title='bbox 99 2857 327 2938; x_wconf 79' lang='grc' dir='ltr'>μητέρες</span> <span class='ocrx_word' id='word_1_215' title='bbox 354 2857 608 2917; x_wconf 85' lang='grc' dir='ltr'>ἀλλοίοισι</span> <span class='ocrx_word' id='word_1_216' title='bbox 632 2856 762 2938; x_wconf 88' lang='grc' dir='ltr'>παρ’</span> <span class='ocrx_word' id='word_1_217' title='bbox 789 2858 1035 2938; x_wconf 79' lang='grc' dir='ltr'>ἀνδράσιν</span> <span class='ocrx_word' id='word_1_218' title='bbox 1066 2860 1380 2930; x_wconf 85' lang='grc' dir='ltr'>εὐνηθεῖσαι.</span> 
     </span>
     <span class='ocr_line' id='line_1_30' title="bbox 190 2942 1459 3026; baseline -0.002 -22"><span class='ocrx_word' id='word_1_219' title='bbox 190 2949 242 3004; x_wconf 85' lang='grc' dir='ltr'>ἐν</span> <span class='ocrx_word' id='word_1_220' title='bbox 263 2950 410 3026; x_wconf 77' lang='grc' dir='ltr'>θυμῷ</span> <span class='ocrx_word' id='word_1_221' title='bbox 439 2944 502 3016; x_wconf 82' lang='grc' dir='ltr'>δὴ</span> <span class='ocrx_word' id='word_1_222' title='bbox 533 2947 719 3024; x_wconf 77' lang='grc' dir='ltr'>πρῶτα</span> <span class='ocrx_word' id='word_1_223' title='bbox 738 2942 880 3024; x_wconf 82' lang='grc' dir='ltr'>χρεὼ</span> <span class='ocrx_word' id='word_1_224' title='bbox 904 2947 1189 3025; x_wconf 73' lang='grc' dir='ltr'>φράζεσθαι</span> <span class='ocrx_word' id='word_1_225' title='bbox 1219 2944 1459 3024; x_wconf 81' lang='grc' dir='ltr'>ἀριθμόν,</span> 
     </span>
     <span class='ocr_line' id='line_1_31' title="bbox 95 3027 1422 3114; baseline -0.002 -20"><span class='ocrx_word' id='word_1_226' title='bbox 95 3036 252 3094; x_wconf 82' lang='grc' dir='ltr'>ὅσσοι</span> <span class='ocrx_word' id='word_1_227' title='bbox 277 3036 356 3114; x_wconf 86' lang='grc' dir='ltr'>ἐφ’</span> <span class='ocrx_word' id='word_1_228' title='bbox 387 3033 653 3113; x_wconf 82' lang='grc' dir='ltr'>ὣρονόμου</span> <span class='ocrx_word' id='word_1_229' title='bbox 681 3027 801 3114; x_wconf 78' lang='grc' dir='ltr'>ζῶῳ</span> <span class='ocrx_word' id='word_1_230' title='bbox 825 3032 1050 3114; x_wconf 84' lang='grc' dir='ltr'>τριτάτῳ</span> <span class='ocrx_word' id='word_1_231' title='bbox 1074 3037 1422 3112; x_wconf 82' lang='grc' dir='ltr'>καθορῶνται,</span> 
     </span>
     <span class='ocr_line' id='line_1_32' title="bbox 96 3120 1288 3203; baseline -0.003 -22"><span class='ocrx_word' id='word_1_232' title='bbox 96 3124 166 3194; x_wconf 82' lang='grc' dir='ltr'>ἠὲ</span> <span class='ocrx_word' id='word_1_233' title='bbox 194 3121 587 3202; x_wconf 85' lang='grc' dir='ltr'>μεσουρανέοντι</span> <span class='ocrx_word' id='word_1_234' title='bbox 615 3121 769 3179; x_wconf 89' lang='grc' dir='ltr'>πόσοι</span> <span class='ocrx_word' id='word_1_235' title='bbox 795 3121 1048 3201; x_wconf 80' lang='grc' dir='ltr'>βεὸάασιν</span> <span class='ocrx_word' id='word_1_236' title='bbox 1071 3120 1288 3203; x_wconf 77' lang='grc' dir='ltr'>ὕπερθεν</span> 
     </span>
     <span class='ocr_line' id='line_1_33' title="bbox 97 3208 1527 3291; baseline -0.002 -21"><span class='ocrx_word' id='word_1_237' title='bbox 97 3209 340 3291; x_wconf 79' lang='grc' dir='ltr'>ἅστέρε</span> <span class='ocrx_word' id='word_1_238' title='bbox 355 3235 404 3279; x_wconf 88' lang='grc' dir='ltr'>ς,</span> <span class='ocrx_word' id='word_1_239' title='bbox 427 3209 462 3280; x_wconf 77' lang='grc' dir='ltr'>ἢ</span> <span class='ocrx_word' id='word_1_240' title='bbox 494 3209 761 3291; x_wconf 79' lang='grc' dir='ltr'>σφετέραις</span> <span class='ocrx_word' id='word_1_241' title='bbox 789 3208 1132 3290; x_wconf 87' lang='grc' dir='ltr'>ἐπιμάρτυροί</span> <span class='ocrx_word' id='word_1_242' title='bbox 1160 3212 1261 3268; x_wconf 75' lang='grc' dir='ltr'>εἰσι</span> <span class='ocrx_word' id='word_1_243' title='bbox 1291 3211 1527 3289; x_wconf 83' lang='grc' dir='ltr'>βολῇσιν.</span> 
     </span>
     <span class='ocr_line' id='line_1_34' title="bbox 41 3296 1370 3376; baseline -0.002 -18"><span class='ocrx_word' id='word_1_244' title='bbox 41 3325 68 3364; x_wconf 71' lang='grc' dir='ltr'>ε</span> <span class='ocrx_word' id='word_1_245' title='bbox 97 3299 302 3358; x_wconf 75' lang='grc' dir='ltr'>ὁππότε</span> <span class='ocrx_word' id='word_1_246' title='bbox 323 3298 367 3355; x_wconf 88' lang='grc' dir='ltr'>δ’</span> <span class='ocrx_word' id='word_1_247' title='bbox 393 3297 445 3366; x_wconf 84' lang='grc' dir='ltr'>ἐξ</span> <span class='ocrx_word' id='word_1_248' title='bbox 471 3296 609 3376; x_wconf 78' lang='grc' dir='ltr'>ὥρης</span> <span class='ocrx_word' id='word_1_249' title='bbox 635 3297 878 3374; x_wconf 86' lang='grc' dir='ltr'>τριτάτου</span> <span class='ocrx_word' id='word_1_250' title='bbox 907 3299 954 3355; x_wconf 87' lang='grc' dir='ltr'>τ’</span> <span class='ocrx_word' id='word_1_251' title='bbox 983 3297 1090 3356; x_wconf 74' lang='grc' dir='ltr'>ἀπὸ</span> <span class='ocrx_word' id='word_1_252' title='bbox 1113 3297 1370 3368; x_wconf 84' lang='grc' dir='ltr'>δεικήλοιο</span> 
     </span>
     <span class='ocr_line' id='line_1_35' title="bbox 98 3383 1337 3467; baseline -0.003 -21"><span class='ocrx_word' id='word_1_253' title='bbox 98 3388 136 3460; x_wconf 81' lang='grc' dir='ltr'><strong>ἢ</strong></span> <span class='ocrx_word' id='word_1_254' title='bbox 169 3387 314 3446; x_wconf 83' lang='grc' dir='ltr'>ὁπότ’</span> <span class='ocrx_word' id='word_1_255' title='bbox 346 3389 404 3444; x_wconf 83' lang='grc' dir='ltr'>ἐκ</span> <span class='ocrx_word' id='word_1_256' title='bbox 431 3385 661 3465; x_wconf 83' lang='grc' dir='ltr'>κέντροιο</span> <span class='ocrx_word' id='word_1_257' title='bbox 684 3385 800 3444; x_wconf 82' lang='grc' dir='ltr'>τόδε</span> <span class='ocrx_word' id='word_1_258' title='bbox 830 3383 1126 3467; x_wconf 82' lang='grc' dir='ltr'>σκέψασθαι</span> <span class='ocrx_word' id='word_1_259' title='bbox 1145 3383 1337 3466; x_wconf 81' lang='grc' dir='ltr'>ἄρειον,</span> 
     </span>
     <span class='ocr_line' id='line_1_36' title="bbox 101 3472 1526 3556; baseline -0.001 -22"><span class='ocrx_word' id='word_1_260' title='bbox 101 3480 200 3534; x_wconf 77' lang='grc' dir='ltr'>οὐκ</span> <span class='ocrx_word' id='word_1_261' title='bbox 231 3475 412 3533; x_wconf 85' lang='grc' dir='ltr'>ἔλαθεν</span> <span class='ocrx_word' id='word_1_262' title='bbox 436 3474 591 3556; x_wconf 80' lang='grc' dir='ltr'>σοφὸν</span> <span class='ocrx_word' id='word_1_263' title='bbox 614 3474 776 3555; x_wconf 76' lang='grc' dir='ltr'>ἄνδρα</span> <span class='ocrx_word' id='word_1_264' title='bbox 801 3473 891 3533; x_wconf 78' lang='grc' dir='ltr'>καὶ</span> <span class='ocrx_word' id='word_1_265' title='bbox 917 3472 1107 3550; x_wconf 79' lang='grc' dir='ltr'>ἴδμονα</span> <span class='ocrx_word' id='word_1_266' title='bbox 1139 3473 1526 3551; x_wconf 86' lang='grc' dir='ltr'>μαντοσυνάων.</span> 
     </span>
     <span class='ocr_line' id='line_1_37' title="bbox 100 3559 1473 3642; baseline -0.001 -22"><span class='ocrx_word' id='word_1_267' title='bbox 100 3565 177 3631; x_wconf 76' lang='grc' dir='ltr'>ὣς</span> <span class='ocrx_word' id='word_1_268' title='bbox 199 3565 246 3621; x_wconf 89' lang='grc' dir='ltr'>δ’</span> <span class='ocrx_word' id='word_1_269' title='bbox 271 3562 437 3629; x_wconf 79' lang='grc' dir='ltr'>αὕτως</span> <span class='ocrx_word' id='word_1_270' title='bbox 466 3562 684 3642; x_wconf 86' lang='grc' dir='ltr'>σκέψαιο</span> <span class='ocrx_word' id='word_1_271' title='bbox 716 3560 806 3621; x_wconf 76' lang='grc' dir='ltr'>καὶ</span> <span class='ocrx_word' id='word_1_272' title='bbox 833 3559 1005 3629; x_wconf 73' lang='grc' dir='ltr'>ὄσσοις</span> <span class='ocrx_word' id='word_1_273' title='bbox 1038 3562 1260 3642; x_wconf 79' lang='grc' dir='ltr'>ἀστράσι</span> <span class='ocrx_word' id='word_1_274' title='bbox 1281 3563 1473 3634; x_wconf 81' lang='grc' dir='ltr'>Μήνη</span> 
     </span>
     <span class='ocr_line' id='line_1_38' title="bbox 101 3648 1432 3732; baseline -0.005 -21"><span class='ocrx_word' id='word_1_275' title='bbox 101 3650 414 3732; x_wconf 80' lang='grc' dir='ltr'>συμφέρετ’,</span> <span class='ocrx_word' id='word_1_276' title='bbox 443 3648 478 3721; x_wconf 80' lang='grc' dir='ltr'>ἢ</span> <span class='ocrx_word' id='word_1_277' title='bbox 505 3651 704 3710; x_wconf 70' lang='grc' dir='ltr'>ὄσσοισι</span> <span class='ocrx_word' id='word_1_278' title='bbox 727 3651 910 3731; x_wconf 83' lang='grc' dir='ltr'>μέχρις</span> <span class='ocrx_word' id='word_1_279' title='bbox 934 3650 1116 3731; x_wconf 88' lang='grc' dir='ltr'>φάσιος</span> <span class='ocrx_word' id='word_1_280' title='bbox 1139 3649 1402 3727; x_wconf 80' lang='grc' dir='ltr'>συνέμιξεν</span> <span class='ocrx_word' id='word_1_281' title='bbox 1418 3672 1432 3686; x_wconf 91' lang='grc'><em>·</em></span> 
     </span>
     <span class='ocr_line' id='line_1_39' title="bbox 41 3737 1408 3820; baseline -0.004 -18"><span class='ocrx_word' id='word_1_282' title='bbox 41 3765 68 3802; x_wconf 88' lang='lat' dir='ltr'><strong>u</strong></span> <span class='ocrx_word' id='word_1_283' title='bbox 98 3741 318 3806; x_wconf 88' lang='grc' dir='ltr'>τόσσους</span> <span class='ocrx_word' id='word_1_284' title='bbox 345 3737 445 3819; x_wconf 70' lang='grc' dir='ltr'>γὰρ</span> <span class='ocrx_word' id='word_1_285' title='bbox 470 3739 695 3815; x_wconf 79' lang='grc' dir='ltr'>γνωτοὺς</span> <span class='ocrx_word' id='word_1_286' title='bbox 723 3741 900 3820; x_wconf 87' lang='grc' dir='ltr'>Μοῖρα</span> <span class='ocrx_word' id='word_1_287' title='bbox 923 3742 1178 3810; x_wconf 86' lang='grc' dir='ltr'>θνητοῖσιν</span> <span class='ocrx_word' id='word_1_288' title='bbox 1207 3738 1408 3807; x_wconf 83' lang='grc' dir='ltr'>ὀπάζει.</span> 
     </span>
     <span class='ocr_line' id='line_1_40' title="bbox 185 3825 1508 3908; baseline 0 -22"><span class='ocrx_word' id='word_1_289' title='bbox 185 3831 232 3886; x_wconf 82' lang='grc' dir='ltr'>εἷ</span> <span class='ocrx_word' id='word_1_290' title='bbox 257 3829 302 3886; x_wconf 89' lang='grc' dir='ltr'>δ’</span> <span class='ocrx_word' id='word_1_291' title='bbox 325 3827 428 3907; x_wconf 82' lang='grc' dir='ltr'>ἄρα</span> <span class='ocrx_word' id='word_1_292' title='bbox 450 3826 524 3903; x_wconf 81' lang='grc' dir='ltr'>μή</span> <span class='ocrx_word' id='word_1_293' title='bbox 543 3827 832 3908; x_wconf 40' lang='grc' dir='ltr'>τις.Μήνῃ</span> <span class='ocrx_word' id='word_1_294' title='bbox 862 3830 992 3903; x_wconf 75' lang='grc' dir='ltr'>ὁμοῦ</span> <span class='ocrx_word' id='word_1_295' title='bbox 1015 3827 1118 3884; x_wconf 86' lang='grc' dir='ltr'>θέοι</span> <span class='ocrx_word' id='word_1_296' title='bbox 1136 3827 1198 3898; x_wconf 80' lang='grc' dir='ltr'>ἠὲ</span> <span class='ocrx_word' id='word_1_297' title='bbox 1222 3825 1508 3902; x_wconf 85' lang='grc' dir='ltr'>συνάπτοι,</span> 
     </span>
     <span class='ocr_line' id='line_1_41' title="bbox 97 3913 1389 3990; baseline -0.001 -14"><span class='ocrx_word' id='word_1_298' title='bbox 97 3917 286 3976; x_wconf 88' lang='grc' dir='ltr'>τόσσοι</span> <span class='ocrx_word' id='word_1_299' title='bbox 316 3917 404 3974; x_wconf 79' lang='grc' dir='ltr'>ἀπ’</span> <span class='ocrx_word' id='word_1_300' title='bbox 435 3916 658 3974; x_wconf 83' lang='grc' dir='ltr'>ἀλλοίων</span> <span class='ocrx_word' id='word_1_301' title='bbox 683 3916 857 3990; x_wconf 80' lang='grc' dir='ltr'>μικτοὶ</span> <span class='ocrx_word' id='word_1_302' title='bbox 879 3913 1141 3988; x_wconf 85' lang='grc' dir='ltr'>τελέθουσι</span> <span class='ocrx_word' id='word_1_303' title='bbox 1163 3915 1389 3987; x_wconf 69' lang='grc' dir='ltr'>τοκήων.</span> 
     </span>
     <span class='ocr_line' id='line_1_42' title="bbox 188 4002 1454 4085; baseline -0.001 -21"><span class='ocrx_word' id='word_1_304' title='bbox 188 4010 242 4064; x_wconf 80' lang='grc' dir='ltr'>ἐν</span> <span class='ocrx_word' id='word_1_305' title='bbox 273 4003 326 4063; x_wconf 78' lang='grc' dir='ltr'>δὲ</span> <span class='ocrx_word' id='word_1_306' title='bbox 351 4004 596 4080; x_wconf 82' lang='grc' dir='ltr'>δισώμοις</span> <span class='ocrx_word' id='word_1_307' title='bbox 621 4002 768 4063; x_wconf 81' lang='grc' dir='ltr'>ὅσσοι</span> <span class='ocrx_word' id='word_1_308' title='bbox 785 4006 914 4082; x_wconf 76' lang='grc' dir='ltr'>ὁμοῦ</span> <span class='ocrx_word' id='word_1_309' title='bbox 945 4003 1130 4083; x_wconf 79' lang='grc' dir='ltr'>Μήνῃ</span> <span class='ocrx_word' id='word_1_310' title='bbox 1155 4003 1454 4085; x_wconf 80' lang='grc' dir='ltr'>φορέονται,</span> 
     </span>
     <span class='ocr_line' id='line_1_43' title="bbox 101 4090 1380 4176; baseline 0.001 -25"><span class='ocrx_word' id='word_1_311' title='bbox 101 4095 140 4166; x_wconf 75' lang='grc' dir='ltr'>ἢ</span> <span class='ocrx_word' id='word_1_312' title='bbox 176 4091 413 4176; x_wconf 75' lang='grc' dir='ltr'>συναφὴν</span> <span class='ocrx_word' id='word_1_313' title='bbox 441 4090 709 4165; x_wconf 87' lang='grc' dir='ltr'>δείκνυντ’,</span> <span class='ocrx_word' id='word_1_314' title='bbox 737 4091 774 4163; x_wconf 73' lang='grc' dir='ltr'><strong>ἦ</strong></span> <span class='ocrx_word' id='word_1_315' title='bbox 801 4091 1144 4172; x_wconf 84' lang='grc' dir='ltr'>μαρτυρίῃσιν</span> <span class='ocrx_word' id='word_1_316' title='bbox 1174 4096 1380 4173; x_wconf 83' lang='grc' dir='ltr'>ὁρῶσιν,</span> 
     </span>
     <span class='ocr_line' id='line_1_44' title="bbox 41 4179 1348 4260; baseline -0.001 -20"><span class='ocrx_word' id='word_1_317' title='bbox 41 4203 73 4240; x_wconf 61' lang='lat' dir='ltr'><strong>a</strong></span> <span class='ocrx_word' id='word_1_318' title='bbox 100 4181 314 4247; x_wconf 69' lang='grc' dir='ltr'>δισσοὺς</span> <span class='ocrx_word' id='word_1_319' title='bbox 340 4179 450 4259; x_wconf 78' lang='grc' dir='ltr'>οἵγε</span> <span class='ocrx_word' id='word_1_320' title='bbox 466 4179 810 4260; x_wconf 73' lang='grc' dir='ltr'>κασιγνήτους</span> <span class='ocrx_word' id='word_1_321' title='bbox 831 4181 1059 4252; x_wconf 83' lang='grc' dir='ltr'>θνητοῖσι</span> <span class='ocrx_word' id='word_1_322' title='bbox 1087 4179 1348 4258; x_wconf 87' lang='grc' dir='ltr'>νέμουσιν.</span> 
     </span>
    </p>
   </div>
   <div class='ocr_carea' id='block_1_9' title="bbox 187 4267 1668 4350">
    <p class='ocr_par' dir='ltr' id='par_1_12' title="bbox 187 4267 1668 4350">
     <span class='ocr_line' id='line_1_45' title="bbox 187 4267 1668 4350; baseline 0 -22"><span class='ocrx_word' id='word_1_323' title='bbox 187 4273 232 4328; x_wconf 85' lang='grc' dir='ltr'>εἶ</span> <span class='ocrx_word' id='word_1_324' title='bbox 255 4269 298 4327; x_wconf 83' lang='grc' dir='ltr'>δ’</span> <span class='ocrx_word' id='word_1_325' title='bbox 319 4269 508 4336; x_wconf 83' lang='grc' dir='ltr'>ἐθέλοις</span> <span class='ocrx_word' id='word_1_326' title='bbox 536 4269 849 4347; x_wconf 81' lang='grc' dir='ltr'>δεδαῆσθαι,</span> <span class='ocrx_word' id='word_1_327' title='bbox 876 4267 1009 4326; x_wconf 75' lang='grc' dir='ltr'>ἀπαὶ</span> <span class='ocrx_word' id='word_1_328' title='bbox 1039 4268 1277 4349; x_wconf 85' lang='grc' dir='ltr'>πατέρων</span> <span class='ocrx_word' id='word_1_329' title='bbox 1309 4268 1404 4347; x_wconf 83' lang='grc' dir='ltr'>μὲν</span> <span class='ocrx_word' id='word_1_330' title='bbox 1432 4270 1668 4350; x_wconf 86' lang='grc' dir='ltr'>ὁπόσσοι,</span> 
     </span>
    </p>
   </div>
   <div class='ocr_carea' id='block_1_10' title="bbox 104 4354 1499 4440">
    <p class='ocr_par' dir='ltr' id='par_1_13' title="bbox 104 4354 1499 4440">
     <span class='ocr_line' id='line_1_46' title="bbox 104 4354 1499 4440; baseline 0.001 -24"><span class='ocrx_word' id='word_1_331' title='bbox 104 4355 360 4440; x_wconf 81' lang='grc' dir='ltr'>μητρῴης</span> <span class='ocrx_word' id='word_1_332' title='bbox 387 4355 433 4415; x_wconf 74' lang='grc' dir='ltr'>δ’</span> <span class='ocrx_word' id='word_1_333' title='bbox 457 4356 562 4415; x_wconf 77' lang='grc' dir='ltr'>ἀπὸ</span> <span class='ocrx_word' id='word_1_334' title='bbox 581 4356 806 4439; x_wconf 79' lang='grc' dir='ltr'>γαστρὸς</span> <span class='ocrx_word' id='word_1_335' title='bbox 846 4354 956 4416; x_wconf 78' lang='grc' dir='ltr'>ὅσοι</span> <span class='ocrx_word' id='word_1_336' title='bbox 974 4358 1224 4435; x_wconf 86' lang='grc' dir='ltr'>γεγάασιν</span> <span class='ocrx_word' id='word_1_337' title='bbox 1256 4357 1499 4436; x_wconf 82' lang='grc' dir='ltr'>ὅμαιμοι,</span> 
     </span>
    </p>
   </div>
   <div class='ocr_carea' id='block_1_11' title="bbox 41 4542 1568 4979">
    <p class='ocr_par' dir='ltr' id='par_1_14' title="bbox 41 4542 1568 4979">
     <span class='ocr_line' id='line_1_47' title="bbox 103 4542 1529 4626; baseline -0.001 -23"><span class='ocrx_word' id='word_1_338' title='bbox 103 4546 164 4612; x_wconf 80' lang='grc' dir='ltr'>ὃς</span> <span class='ocrx_word' id='word_1_339' title='bbox 191 4544 286 4623; x_wconf 82' lang='grc' dir='ltr'>μὲν</span> <span class='ocrx_word' id='word_1_340' title='bbox 316 4542 418 4623; x_wconf 76' lang='grc' dir='ltr'>γὰρ</span> <span class='ocrx_word' id='word_1_341' title='bbox 438 4543 606 4625; x_wconf 78' lang='grc' dir='ltr'>φαίνει</span> <span class='ocrx_word' id='word_1_342' title='bbox 632 4543 830 4626; x_wconf 77' lang='grc' dir='ltr'>πατρὸς</span> <span class='ocrx_word' id='word_1_343' title='bbox 845 4543 1018 4623; x_wconf 83' lang='grc' dir='ltr'>γόνον,</span> <span class='ocrx_word' id='word_1_344' title='bbox 1047 4549 1084 4615; x_wconf 77' lang='grc' dir='ltr'><strong>ὴ</strong></span> <span class='ocrx_word' id='word_1_345' title='bbox 1110 4543 1154 4602; x_wconf 85' lang='grc' dir='ltr'>δ’</span> <span class='ocrx_word' id='word_1_346' title='bbox 1183 4543 1286 4623; x_wconf 83' lang='grc' dir='ltr'>ἄρα</span> <span class='ocrx_word' id='word_1_347' title='bbox 1317 4545 1529 4625; x_wconf 87' lang='grc' dir='ltr'>μητρός.</span> 
     </span>
     <span class='ocr_line' id='line_1_48' title="bbox 190 4629 1543 4713; baseline 0 -21"><span class='ocrx_word' id='word_1_348' title='bbox 190 4637 237 4692; x_wconf 83' lang='grc' dir='ltr'>εἰ</span> <span class='ocrx_word' id='word_1_349' title='bbox 262 4633 308 4692; x_wconf 87' lang='grc' dir='ltr'>δ’</span> <span class='ocrx_word' id='word_1_350' title='bbox 341 4631 424 4713; x_wconf 78' lang='grc' dir='ltr'>ἄρ’</span> <span class='ocrx_word' id='word_1_351' title='bbox 450 4629 601 4712; x_wconf 75' lang='grc' dir='ltr'>ἄχρις</span> <span class='ocrx_word' id='word_1_352' title='bbox 619 4633 802 4713; x_wconf 86' lang='grc' dir='ltr'>φάσιος</span> <span class='ocrx_word' id='word_1_353' title='bbox 820 4630 897 4710; x_wconf 78' lang='grc' dir='ltr'>μὴ</span> <span class='ocrx_word' id='word_1_354' title='bbox 923 4633 986 4705; x_wconf 83' lang='grc' dir='ltr'>δή</span> <span class='ocrx_word' id='word_1_355' title='bbox 1017 4657 1115 4692; x_wconf 91' lang='grc' dir='ltr'>τινι</span> <span class='ocrx_word' id='word_1_356' title='bbox 1139 4633 1270 4712; x_wconf 83' lang='grc' dir='ltr'>φωτὶ</span> <span class='ocrx_word' id='word_1_357' title='bbox 1290 4633 1543 4692; x_wconf 86' lang='grc' dir='ltr'>συνάπτοι</span> 
     </span>
     <span class='ocr_line' id='line_1_49' title="bbox 41 4718 1410 4805; baseline -0.002 -24"><span class='ocrx_word' id='word_1_358' title='bbox 41 4743 76 4781; x_wconf 80' lang='lat' dir='ltr'><strong>n</strong></span> <span class='ocrx_word' id='word_1_359' title='bbox 102 4721 426 4805; x_wconf 79' lang='grc' dir='ltr'>παμφεγγὴς</span> <span class='ocrx_word' id='word_1_360' title='bbox 457 4720 650 4793; x_wconf 78' lang='grc' dir='ltr'>Μήνη</span> <span class='ocrx_word' id='word_1_361' title='bbox 671 4765 686 4792; x_wconf 90' lang='grc'>,</span> <span class='ocrx_word' id='word_1_362' title='bbox 717 4718 834 4802; x_wconf 80' lang='grc' dir='ltr'>ζώῳ</span> <span class='ocrx_word' id='word_1_363' title='bbox 861 4719 920 4780; x_wconf 84' lang='grc' dir='ltr'>δέ</span> <span class='ocrx_word' id='word_1_364' title='bbox 940 4723 988 4779; x_wconf 89' lang='grc' dir='ltr'>τ’</span> <span class='ocrx_word' id='word_1_365' title='bbox 1012 4720 1222 4781; x_wconf 82' lang='grc' dir='ltr'>ὄπισθεν</span> <span class='ocrx_word' id='word_1_366' title='bbox 1241 4723 1368 4782; x_wconf 79' lang='grc' dir='ltr'>ἰόντι</span> <span class='ocrx_word' id='word_1_367' title='bbox 1405 4735 1410 4738; x_wconf 84' lang='grc'><em>“</em></span> 
     </span>
     <span class='ocr_line' id='line_1_50' title="bbox 104 4806 1568 4890; baseline -0.003 -18"><span class='ocrx_word' id='word_1_368' title='bbox 104 4810 142 4882; x_wconf 74' lang='grc' dir='ltr'>ἢ</span> <span class='ocrx_word' id='word_1_369' title='bbox 171 4816 214 4872; x_wconf 85' lang='grc' dir='ltr'><strong>Κ</strong></span> <span class='ocrx_word' id='word_1_370' title='bbox 239 4810 344 4890; x_wconf 90' lang='grc' dir='ltr'>ρόν</span> <span class='ocrx_word' id='word_1_371' title='bbox 362 4833 422 4877; x_wconf 89' lang='grc' dir='ltr'>ος</span> <span class='ocrx_word' id='word_1_372' title='bbox 447 4806 482 4881; x_wconf 80' lang='grc' dir='ltr'><strong>ἢ</strong></span> <span class='ocrx_word' id='word_1_373' title='bbox 514 4813 608 4871; x_wconf 87' lang='grc' dir='ltr'>Πυ</span> <span class='ocrx_word' id='word_1_374' title='bbox 628 4808 734 4889; x_wconf 88' lang='grc' dir='ltr'>ρόε</span> <span class='ocrx_word' id='word_1_375' title='bbox 750 4832 806 4875; x_wconf 92' lang='grc' dir='ltr'>ις</span> <span class='ocrx_word' id='word_1_376' title='bbox 835 4809 1174 4888; x_wconf 75' lang='grc' dir='ltr'>ἐπιμάρτυροι</span> <span class='ocrx_word' id='word_1_377' title='bbox 1198 4809 1535 4868; x_wconf 80' lang='grc' dir='ltr'>ἰνδάλλωνται</span> <span class='ocrx_word' id='word_1_378' title='bbox 1553 4855 1568 4883; x_wconf 93' lang='grc'>,</span> 
     </span>
     <span class='ocr_line' id='line_1_51' title="bbox 103 4895 1464 4979; baseline 0 -21"><span class='ocrx_word' id='word_1_379' title='bbox 103 4900 142 4971; x_wconf 80' lang='grc' dir='ltr'>ἢ</span> <span class='ocrx_word' id='word_1_380' title='bbox 167 4899 398 4979; x_wconf 82' lang='grc' dir='ltr'>παύρους</span> <span class='ocrx_word' id='word_1_381' title='bbox 425 4902 589 4968; x_wconf 75' lang='grc' dir='ltr'>θῆκαν</span> <span class='ocrx_word' id='word_1_382' title='bbox 617 4897 866 4976; x_wconf 80' lang='grc' dir='ltr'>γνωτούς,</span> <span class='ocrx_word' id='word_1_383' title='bbox 882 4895 919 4969; x_wconf 72' lang='grc' dir='ltr'>ἢ</span> <span class='ocrx_word' id='word_1_384' title='bbox 943 4897 1032 4956; x_wconf 78' lang='grc' dir='ltr'>καὶ</span> <span class='ocrx_word' id='word_1_385' title='bbox 1056 4896 1464 4978; x_wconf 84' lang='grc' dir='ltr'>σπαναδέλφους.</span> 
     </span>
    </p>
   </div>
   <div class='ocr_carea' id='block_1_12' title="bbox 191 4982 1671 5068">
    <p class='ocr_par' dir='ltr' id='par_1_15' title="bbox 191 4982 1671 5068">
     <span class='ocr_line' id='line_1_52' title="bbox 191 4982 1671 5068; baseline -0.002 -22"><span class='ocrx_word' id='word_1_386' title='bbox 191 4993 359 5046; x_wconf 78' lang='grc' dir='ltr'>ταῦτα</span> <span class='ocrx_word' id='word_1_387' title='bbox 385 4985 440 5044; x_wconf 78' lang='grc' dir='ltr'>δὲ</span> <span class='ocrx_word' id='word_1_388' title='bbox 469 4985 698 5067; x_wconf 76' lang='grc' dir='ltr'>ῥέζουσιν</span> <span class='ocrx_word' id='word_1_389' title='bbox 727 4984 820 5045; x_wconf 79' lang='grc' dir='ltr'>καὶ</span> <span class='ocrx_word' id='word_1_390' title='bbox 840 4982 922 5046; x_wconf 75' lang='grc' dir='ltr'>ὅτ’</span> <span class='ocrx_word' id='word_1_391' title='bbox 945 4983 1010 5045; x_wconf 71' lang='grc' dir='ltr'>ἂν</span> <span class='ocrx_word' id='word_1_392' title='bbox 1040 4985 1268 5062; x_wconf 89' lang='grc' dir='ltr'>μεσάτου</span> <span class='ocrx_word' id='word_1_393' title='bbox 1297 4985 1433 5044; x_wconf 83' lang='grc' dir='ltr'>κατὰ</span> <span class='ocrx_word' id='word_1_394' title='bbox 1462 4985 1671 5068; x_wconf 84' lang='grc' dir='ltr'>κέντρου</span> 
     </span>
    </p>
   </div>
   <div class='ocr_carea' id='block_1_13' title="bbox 41 5071 1395 5308">
    <p class='ocr_par' dir='ltr' id='par_1_16' title="bbox 41 5071 1395 5308">
     <span class='ocr_line' id='line_1_53' title="bbox 108 5071 1395 5155; baseline -0.001 -20"><span class='ocrx_word' id='word_1_395' title='bbox 108 5075 236 5147; x_wconf 76' lang='grc' dir='ltr'>ξυνὰ</span> <span class='ocrx_word' id='word_1_396' title='bbox 256 5077 409 5135; x_wconf 87' lang='grc' dir='ltr'>θέωσ’</span> <span class='ocrx_word' id='word_1_397' title='bbox 427 5073 464 5147; x_wconf 80' lang='grc' dir='ltr'>ἢ</span> <span class='ocrx_word' id='word_1_398' title='bbox 486 5073 696 5134; x_wconf 82' lang='grc' dir='ltr'>ὄπισθεν</span> <span class='ocrx_word' id='word_1_399' title='bbox 725 5071 1123 5142; x_wconf 70' lang='grc' dir='ltr'>ἐπαντέλλοπες</span> <span class='ocrx_word' id='word_1_400' title='bbox 1141 5077 1395 5155; x_wconf 76' lang='grc' dir='ltr'>ὁρῶνται,</span> 
     </span>
     <span class='ocr_line' id='line_1_54' title="bbox 41 5159 1348 5242; baseline -0.002 -15"><span class='ocrx_word' id='word_1_401' title='bbox 41 5189 80 5230; x_wconf 68' lang='grc' dir='ltr'>ιι</span> <span class='ocrx_word' id='word_1_402' title='bbox 105 5163 212 5238; x_wconf 71' lang='grc' dir='ltr'>κῆν</span> <span class='ocrx_word' id='word_1_403' title='bbox 241 5163 386 5231; x_wconf 78' lang='grc' dir='ltr'>ἐκτὸς</span> <span class='ocrx_word' id='word_1_404' title='bbox 409 5162 672 5242; x_wconf 85' lang='grc' dir='ltr'>κέντροιο,</span> <span class='ocrx_word' id='word_1_405' title='bbox 696 5160 1038 5242; x_wconf 74' lang='grc' dir='ltr'>κασιγνήτους</span> <span class='ocrx_word' id='word_1_406' title='bbox 1061 5159 1348 5225; x_wconf 75' lang='grc' dir='ltr'>ὀλέκουσιν.</span> 
     </span>
     <span class='ocr_line' id='line_1_55' title="bbox 330 5267 605 5308; baseline -0.004 0"><span class='ocrx_word' id='word_1_407' title='bbox 330 5267 605 5308; x_wconf 68' lang='lat' dir='ltr'>mo</span> 
     </span>
    </p>
   </div>
   <div class='ocr_carea' id='block_1_14' title="bbox 1761 483 3333 4432">
    <p class='ocr_par' dir='ltr' id='par_1_17' title="bbox 1761 483 3333 4432">
     <span class='ocr_line' id='line_1_56' title="bbox 1770 483 3239 549; baseline -0.002 -13"><span class='ocrx_word' id='word_1_408' title='bbox 1770 487 1987 536; x_wconf 77' lang='lat' dir='ltr'><strong>masculo</strong></span> <span class='ocrx_word' id='word_1_409' title='bbox 2006 488 2170 535; x_wconf 84' lang='lat' dir='ltr'><strong>autem</strong></span> <span class='ocrx_word' id='word_1_410' title='bbox 2188 486 2238 534; x_wconf 90' lang='lat' dir='ltr'>in</span> <span class='ocrx_word' id='word_1_411' title='bbox 2259 486 2395 549; x_wconf 72' lang='lat' dir='ltr'><strong>signo</strong></span> <span class='ocrx_word' id='word_1_412' title='bbox 2424 486 2589 535; x_wconf 79' lang='lat' dir='ltr'><strong>Venus</strong></span> <span class='ocrx_word' id='word_1_413' title='bbox 2609 483 2734 534; x_wconf 83' lang='lat' dir='ltr'><strong>adsit</strong></span> <span class='ocrx_word' id='word_1_414' title='bbox 2755 484 2805 533; x_wconf 91' lang='lat' dir='ltr'>iu</span> <span class='ocrx_word' id='word_1_415' title='bbox 2825 487 3045 535; x_wconf 72' lang='lat' dir='ltr'><strong>Saturni</strong></span> <span class='ocrx_word' id='word_1_416' title='bbox 3066 484 3239 545; x_wconf 85' lang='lat' dir='ltr'><strong>domo,</strong></span> 
     </span>
     <span class='ocr_line' id='line_1_57' title="bbox 1767 573 3049 637; baseline -0.003 -12"><span class='ocrx_word' id='word_1_417' title='bbox 1767 588 1828 625; x_wconf 90' lang='lat' dir='ltr'>ue</span> <span class='ocrx_word' id='word_1_418' title='bbox 1848 574 2091 624; x_wconf 85' lang='lat' dir='ltr'><strong>tantillum</strong></span> <span class='ocrx_word' id='word_1_419' title='bbox 2110 573 2306 637; x_wconf 87' lang='lat' dir='ltr'><strong>quidem</strong></span> <span class='ocrx_word' id='word_1_420' title='bbox 2320 576 2579 636; x_wconf 86' lang='lat' dir='ltr'><strong>utramque</strong></span> <span class='ocrx_word' id='word_1_421' title='bbox 2595 575 2719 623; x_wconf 76' lang='lat' dir='ltr'><strong>Jove</strong></span> <span class='ocrx_word' id='word_1_422' title='bbox 2734 573 3049 635; x_wconf 83' lang='lat' dir='ltr'><strong>adspiciente,</strong></span> 
     </span>
     <span class='ocr_line' id='line_1_58' title="bbox 1766 660 3101 724; baseline -0.004 -11"><span class='ocrx_word' id='word_1_423' title='bbox 1766 664 1950 713; x_wconf 77' lang='lat' dir='ltr'><strong>steriles</strong></span> <span class='ocrx_word' id='word_1_424' title='bbox 1968 664 2017 712; x_wconf 88' lang='lat' dir='ltr'>et</span> <span class='ocrx_word' id='word_1_425' title='bbox 2035 663 2440 724; x_wconf 70' lang='lat' dir='ltr'><strong>partus-expertes</strong></span> <span class='ocrx_word' id='word_1_426' title='bbox 2458 665 2576 711; x_wconf 84' lang='lat' dir='ltr'><strong>tuuc</strong></span> <span class='ocrx_word' id='word_1_427' title='bbox 2598 660 2863 711; x_wconf 74' lang='lat' dir='ltr'><strong>effecerunt</strong></span> <span class='ocrx_word' id='word_1_428' title='bbox 2881 661 3101 711; x_wconf 81' lang='lat' dir='ltr'><strong>seminas.</strong></span> 
     </span>
     <span class='ocr_line' id='line_1_59' title="bbox 1835 749 3186 813; baseline -0.003 -11"><span class='ocrx_word' id='word_1_429' title='bbox 1835 751 1925 802; x_wconf 84' lang='lat' dir='ltr'>Ubi</span> <span class='ocrx_word' id='word_1_430' title='bbox 1944 764 2059 800; x_wconf 82' lang='lat' dir='ltr'><strong>vero</strong></span> <span class='ocrx_word' id='word_1_431' title='bbox 2078 753 2339 801; x_wconf 73' lang='lat' dir='ltr'><strong>saturnus</strong></span> <span class='ocrx_word' id='word_1_432' title='bbox 2356 750 2553 813; x_wconf 85' lang='lat' dir='ltr'><strong>quidem</strong></span> <span class='ocrx_word' id='word_1_433' title='bbox 2571 764 2713 813; x_wconf 83' lang='lat' dir='ltr'><strong>anper</strong></span> <span class='ocrx_word' id='word_1_434' title='bbox 2729 752 2951 800; x_wconf 85' lang='lat' dir='ltr'><strong>centrum</strong></span> <span class='ocrx_word' id='word_1_435' title='bbox 2974 749 3186 800; x_wconf 83' lang='lat' dir='ltr'><strong>medium</strong></span> 
     </span>
     <span class='ocr_line' id='line_1_60' title="bbox 1769 836 2615 901; baseline 0 -13"><span class='ocrx_word' id='word_1_436' title='bbox 1769 841 1882 901; x_wconf 78' lang='lat' dir='ltr'><strong>stet,</strong></span> <span class='ocrx_word' id='word_1_437' title='bbox 1904 838 1972 887; x_wconf 90' lang='lat' dir='ltr'><strong>illi</strong></span> <span class='ocrx_word' id='word_1_438' title='bbox 1992 851 2109 887; x_wconf 76' lang='lat' dir='ltr'><strong>vero</strong></span> <span class='ocrx_word' id='word_1_439' title='bbox 2121 836 2406 889; x_wconf 53' lang='lat' dir='ltr'><strong>‹tx-adverso</strong></span> <span class='ocrx_word' id='word_1_440' title='bbox 2434 839 2615 893; x_wconf 71' lang='lat' dir='ltr'><strong>Venus,</strong></span> 
     </span>
     <span class='ocr_line' id='line_1_61' title="bbox 1767 924 2775 989; baseline 0 -14"><span class='ocrx_word' id='word_1_441' title='bbox 1767 929 1854 975; x_wconf 88' lang='lat' dir='ltr'>aut</span> <span class='ocrx_word' id='word_1_442' title='bbox 1874 926 2135 989; x_wconf 65' lang='lat' dir='ltr'><strong>inexperta).</strong></span> <span class='ocrx_word' id='word_1_443' title='bbox 2152 928 2380 989; x_wconf 84' lang='lat' dir='ltr'><strong>partuum</strong></span> <span class='ocrx_word' id='word_1_444' title='bbox 2410 939 2603 988; x_wconf 77' lang='lat' dir='ltr'><strong>prorsus</strong></span> <span class='ocrx_word' id='word_1_445' title='bbox 2622 924 2775 988; x_wconf 79' lang='lat' dir='ltr'><strong>flunt,</strong></span> 
     </span>
     <span class='ocr_line' id='line_1_62' title="bbox 1769 1014 3034 1077; baseline 0.001 -14"><span class='ocrx_word' id='word_1_446' title='bbox 1769 1020 1855 1063; x_wconf 89' lang='lat' dir='ltr'>aut</span> <span class='ocrx_word' id='word_1_447' title='bbox 1871 1014 2080 1077; x_wconf 88' lang='lat' dir='ltr'><strong>perdunt</strong></span> <span class='ocrx_word' id='word_1_448' title='bbox 2103 1015 2272 1063; x_wconf 78' lang='lat' dir='ltr'><strong>soetum</strong></span> <span class='ocrx_word' id='word_1_449' title='bbox 2293 1027 2356 1063; x_wconf 81' lang='lat' dir='ltr'><strong>ex</strong></span> <span class='ocrx_word' id='word_1_450' title='bbox 2380 1016 2518 1063; x_wconf 85' lang='lat' dir='ltr'><strong>utero</strong></span> <span class='ocrx_word' id='word_1_451' title='bbox 2536 1014 3034 1064; x_wconf 74' lang='lat' dir='ltr'><strong>abortum-facientes.</strong></span> 
     </span>
     <span class='ocr_line' id='line_1_63' title="bbox 1768 1101 2686 1164; baseline -0.001 -12"><span class='ocrx_word' id='word_1_452' title='bbox 1768 1102 1852 1152; x_wconf 89' lang='lat' dir='ltr'>Sin</span> <span class='ocrx_word' id='word_1_453' title='bbox 1876 1101 2031 1150; x_wconf 81' lang='lat' dir='ltr'><strong>bonus</strong></span> <span class='ocrx_word' id='word_1_454' title='bbox 2051 1104 2261 1164; x_wconf 70' lang='lat' dir='ltr'><strong>Jupiter</strong></span> <span class='ocrx_word' id='word_1_455' title='bbox 2282 1101 2357 1153; x_wconf 74' lang='lat' dir='ltr'><strong>hle</strong></span> <span class='ocrx_word' id='word_1_456' title='bbox 2372 1102 2506 1152; x_wconf 78' lang='lat' dir='ltr'><strong>testis</strong></span> <span class='ocrx_word' id='word_1_457' title='bbox 2531 1102 2686 1164; x_wconf 75' lang='lat' dir='ltr'><strong>adsit,</strong></span> 
     </span>
     <span class='ocr_line' id='line_1_64' title="bbox 1769 1188 2903 1253; baseline 0.002 -14"><span class='ocrx_word' id='word_1_458' title='bbox 1769 1188 1899 1239; x_wconf 80' lang='lat' dir='ltr'><strong>salsis</strong></span> <span class='ocrx_word' id='word_1_459' title='bbox 1918 1190 2178 1253; x_wconf 83' lang='lat' dir='ltr'><strong>puerperiis</strong></span> <span class='ocrx_word' id='word_1_460' title='bbox 2199 1190 2323 1239; x_wconf 80' lang='lat' dir='ltr'><strong>clam</strong></span> <span class='ocrx_word' id='word_1_461' title='bbox 2346 1190 2610 1241; x_wconf 86' lang='lat' dir='ltr'><strong>liberorum</strong></span> <span class='ocrx_word' id='word_1_462' title='bbox 2628 1192 2769 1241; x_wconf 69' lang='lat' dir='ltr'><strong>factas</strong></span> <span class='ocrx_word' id='word_1_463' title='bbox 2786 1194 2903 1241; x_wconf 80' lang='lat' dir='ltr'><strong>aunt</strong></span> 
     </span>
     <span class='ocr_line' id='line_1_65' title="bbox 1767 1278 2949 1342; baseline 0.002 -16"><span class='ocrx_word' id='word_1_464' title='bbox 1767 1280 1948 1327; x_wconf 85' lang='lat' dir='ltr'><strong>matres</strong></span> <span class='ocrx_word' id='word_1_465' title='bbox 1964 1278 2231 1328; x_wconf 86' lang='lat' dir='ltr'><strong>alienorum</strong></span> <span class='ocrx_word' id='word_1_466' title='bbox 2248 1282 2299 1328; x_wconf 89' lang='lat' dir='ltr'>et</span> <span class='ocrx_word' id='word_1_467' title='bbox 2316 1278 2626 1342; x_wconf 88' lang='lat' dir='ltr'><strong>supponendo</strong></span> <span class='ocrx_word' id='word_1_468' title='bbox 2644 1281 2949 1342; x_wconf 85' lang='lat' dir='ltr'><strong>pepererunt.</strong></span> 
     </span>
     <span class='ocr_line' id='line_1_66' title="bbox 1766 1366 2839 1429; baseline 0 -13"><span class='ocrx_word' id='word_1_469' title='bbox 1766 1367 1849 1416; x_wconf 85' lang='lat' dir='ltr'>Sin</span> <span class='ocrx_word' id='word_1_470' title='bbox 1867 1367 2013 1415; x_wconf 86' lang='lat' dir='ltr'><strong>etiam</strong></span> <span class='ocrx_word' id='word_1_471' title='bbox 2038 1369 2183 1417; x_wconf 71' lang='lat' dir='ltr'><strong>Mars</strong></span> <span class='ocrx_word' id='word_1_472' title='bbox 2195 1366 2392 1417; x_wconf 76' lang='lat' dir='ltr'><strong>fervidis</strong></span> <span class='ocrx_word' id='word_1_473' title='bbox 2418 1367 2563 1417; x_wconf 80' lang='lat' dir='ltr'><strong>radiis</strong></span> <span class='ocrx_word' id='word_1_474' title='bbox 2581 1366 2839 1429; x_wconf 82' lang='lat' dir='ltr'><strong>adspiciat,</strong></span> 
     </span>
     <span class='ocr_line' id='line_1_67' title="bbox 1767 1454 3191 1519; baseline 0.002 -17"><span class='ocrx_word' id='word_1_475' title='bbox 1767 1454 1932 1503; x_wconf 84' lang='lat' dir='ltr'><strong>omnia</strong></span> <span class='ocrx_word' id='word_1_476' title='bbox 1958 1456 2206 1505; x_wconf 77' lang='lat' dir='ltr'><strong>manifeste</strong></span> <span class='ocrx_word' id='word_1_477' title='bbox 2220 1454 2347 1505; x_wconf 82' lang='lat' dir='ltr'><strong>flunt</strong></span> <span class='ocrx_word' id='word_1_478' title='bbox 2357 1492 2374 1516; x_wconf 85' lang='lat'>‚</span> <span class='ocrx_word' id='word_1_479' title='bbox 2392 1469 2502 1517; x_wconf 60' lang='lat' dir='ltr'><strong>qua}</strong></span> <span class='ocrx_word' id='word_1_480' title='bbox 2522 1454 2719 1518; x_wconf 86' lang='lat' dir='ltr'><strong>quidem</strong></span> <span class='ocrx_word' id='word_1_481' title='bbox 2734 1456 2859 1505; x_wconf 87' lang='lat' dir='ltr'><strong>clam</strong></span> <span class='ocrx_word' id='word_1_482' title='bbox 2874 1456 3191 1519; x_wconf 81' lang='lat' dir='ltr'><strong>perfecerunt.</strong></span> 
     </span>
     <span class='ocr_line' id='line_1_68' title="bbox 1831 1543 3242 1606; baseline 0.002 -15"><span class='ocrx_word' id='word_1_483' title='bbox 1831 1543 1914 1592; x_wconf 89' lang='lat' dir='ltr'>Sin</span> <span class='ocrx_word' id='word_1_484' title='bbox 1935 1543 2079 1593; x_wconf 75' lang='lat' dir='ltr'><strong>bonis</strong></span> <span class='ocrx_word' id='word_1_485' title='bbox 2099 1543 2268 1594; x_wconf 75' lang='lat' dir='ltr'><strong>stellis</strong></span> <span class='ocrx_word' id='word_1_486' title='bbox 2288 1556 2731 1606; x_wconf 77' lang='lat' dir='ltr'><strong>prorsus-aversam</strong></span> <span class='ocrx_word' id='word_1_487' title='bbox 2756 1546 2884 1592; x_wconf 77' lang='lat' dir='ltr'><strong>viam</strong></span> <span class='ocrx_word' id='word_1_488' title='bbox 2910 1543 3242 1594; x_wconf 68' lang='lat' dir='ltr'><strong>incedentibus</strong></span> 
     </span>
     <span class='ocr_line' id='line_1_69' title="bbox 1767 1630 2921 1694; baseline 0 -16"><span class='ocrx_word' id='word_1_489' title='bbox 1767 1630 1856 1679; x_wconf 80' lang='lat' dir='ltr'><strong>viri</strong></span> <span class='ocrx_word' id='word_1_490' title='bbox 1874 1631 1938 1681; x_wconf 81' lang='lat' dir='ltr'>sit</span> <span class='ocrx_word' id='word_1_491' title='bbox 1954 1630 2200 1693; x_wconf 71' lang='lat' dir='ltr'><strong>nativitas,</strong></span> <span class='ocrx_word' id='word_1_492' title='bbox 2222 1632 2343 1681; x_wconf 87' lang='lat' dir='ltr'><strong>tuuc</strong></span> <span class='ocrx_word' id='word_1_493' title='bbox 2354 1631 2515 1694; x_wconf 86' lang='lat' dir='ltr'><strong>turpia</strong></span> <span class='ocrx_word' id='word_1_494' title='bbox 2532 1644 2677 1694; x_wconf 86' lang='lat' dir='ltr'><strong>opera</strong></span> <span class='ocrx_word' id='word_1_495' title='bbox 2694 1634 2889 1694; x_wconf 84' lang='lat' dir='ltr'><strong>patrant</strong></span> <span class='ocrx_word' id='word_1_496' title='bbox 2908 1647 2921 1678; x_wconf 90' lang='lat'>:</span> 
     </span>
     <span class='ocr_line' id='line_1_70' title="bbox 1767 1718 3065 1783; baseline 0.001 -16"><span class='ocrx_word' id='word_1_497' title='bbox 1767 1718 2063 1770; x_wconf 73' lang='lat' dir='ltr'><strong>demetente-</strong></span> <span class='ocrx_word' id='word_1_498' title='bbox 2077 1719 2209 1771; x_wconf 84' lang='lat' dir='ltr'><strong>enim</strong></span> <span class='ocrx_word' id='word_1_499' title='bbox 2226 1720 2399 1769; x_wconf 86' lang='lat' dir='ltr'><strong>inutile</strong></span> <span class='ocrx_word' id='word_1_500' title='bbox 2416 1732 2507 1769; x_wconf 85' lang='lat' dir='ltr'>auo</span> <span class='ocrx_word' id='word_1_501' title='bbox 2528 1733 2560 1770; x_wconf 86' lang='lat' dir='ltr'>a</span> <span class='ocrx_word' id='word_1_502' title='bbox 2574 1733 2775 1783; x_wconf 86' lang='lat' dir='ltr'><strong>corpore</strong></span> <span class='ocrx_word' id='word_1_503' title='bbox 2788 1719 3065 1783; x_wconf 85' lang='lat' dir='ltr'><strong>pudendum</strong></span> 
     </span>
     <span class='ocr_line' id='line_1_71' title="bbox 1766 1807 3104 1872; baseline 0.001 -15"><span class='ocrx_word' id='word_1_504' title='bbox 1766 1812 1816 1858; x_wconf 85' lang='lat' dir='ltr'>et</span> <span class='ocrx_word' id='word_1_505' title='bbox 1835 1808 2034 1859; x_wconf 78' lang='lat' dir='ltr'><strong>canibus</strong></span> <span class='ocrx_word' id='word_1_506' title='bbox 2049 1808 2273 1872; x_wconf 74' lang='lat' dir='ltr'><strong>genitalia</strong></span> <span class='ocrx_word' id='word_1_507' title='bbox 2285 1808 2455 1859; x_wconf 75' lang='lat' dir='ltr'><strong>dautes</strong></span> <span class='ocrx_word' id='word_1_508' title='bbox 2480 1808 2607 1858; x_wconf 85' lang='lat' dir='ltr'><strong>ultro</strong></span> <span class='ocrx_word' id='word_1_509' title='bbox 2624 1808 2774 1858; x_wconf 85' lang='lat' dir='ltr'><strong>cruda</strong></span> <span class='ocrx_word' id='word_1_510' title='bbox 2793 1807 3073 1859; x_wconf 82' lang='lat' dir='ltr'><strong>devoranda</strong></span> <span class='ocrx_word' id='word_1_511' title='bbox 3088 1845 3104 1870; x_wconf 89' lang='lat'>,</span> 
     </span>
     <span class='ocr_line' id='line_1_72' title="bbox 1765 1895 3195 1961; baseline 0.001 -15"><span class='ocrx_word' id='word_1_512' title='bbox 1765 1896 1901 1959; x_wconf 77' lang='lat' dir='ltr'><strong>egeni</strong></span> <span class='ocrx_word' id='word_1_513' title='bbox 1927 1895 2407 1959; x_wconf 74' lang='lat' dir='ltr'><strong>stipem-mingentea</strong></span> <span class='ocrx_word' id='word_1_514' title='bbox 2422 1898 2601 1945; x_wconf 87' lang='lat' dir='ltr'><strong>terram</strong></span> <span class='ocrx_word' id='word_1_515' title='bbox 2623 1910 2709 1959; x_wconf 87' lang='lat' dir='ltr'><strong>per</strong></span> <span class='ocrx_word' id='word_1_516' title='bbox 2729 1909 2923 1947; x_wconf 86' lang='lat' dir='ltr'><strong>omnem</strong></span> <span class='ocrx_word' id='word_1_517' title='bbox 2942 1899 3195 1961; x_wconf 65' lang='lat' dir='ltr'><strong>vagantoe.</strong></span> 
     </span>
     <span class='ocr_line' id='line_1_73' title="bbox 1821 1965 3333 2048; baseline 0.003 -15"><span class='ocrx_word' id='word_1_518' title='bbox 1821 1965 2225 2048; x_wconf 57' lang='lat' dir='ltr'><strong>&#39;Quibuscumque</strong></span> <span class='ocrx_word' id='word_1_519' title='bbox 2242 1997 2363 2033; x_wconf 80' lang='lat' dir='ltr'><strong>vero</strong></span> <span class='ocrx_word' id='word_1_520' title='bbox 2374 1984 2656 2034; x_wconf 85' lang='lat' dir='ltr'><strong>mulieribus</strong></span> <span class='ocrx_word' id='word_1_521' title='bbox 2668 1987 2816 2035; x_wconf 72' lang='lat' dir='ltr'><strong>Man</strong></span> <span class='ocrx_word' id='word_1_522' title='bbox 2824 1988 2876 2034; x_wconf 84' lang='lat' dir='ltr'>et</span> <span class='ocrx_word' id='word_1_523' title='bbox 2885 1987 3097 2048; x_wconf 64' lang='lat' dir='ltr'><strong>Jupiter</strong></span> <span class='ocrx_word' id='word_1_524' title='bbox 3106 1986 3158 2035; x_wconf 89' lang='lat' dir='ltr'>iu</span> <span class='ocrx_word' id='word_1_525' title='bbox 3168 1987 3333 2037; x_wconf 70' lang='lat' dir='ltr'><strong>centn</strong></span> 
     </span>
     <span class='ocr_line' id='line_1_74' title="bbox 1765 2072 3076 2136; baseline 0.002 -15"><span class='ocrx_word' id='word_1_526' title='bbox 1765 2085 1957 2122; x_wconf 72' lang='lat' dir='ltr'><strong>maxumo</strong></span> <span class='ocrx_word' id='word_1_527' title='bbox 1979 2072 2386 2136; x_wconf 68' lang='lat' dir='ltr'><strong>ingressi-inerint,</strong></span> <span class='ocrx_word' id='word_1_528' title='bbox 2417 2075 2603 2122; x_wconf 80' lang='lat' dir='ltr'><strong>Venere</strong></span> <span class='ocrx_word' id='word_1_529' title='bbox 2614 2072 2665 2122; x_wconf 88' lang='lat' dir='ltr'>iu</span> <span class='ocrx_word' id='word_1_530' title='bbox 2682 2075 2909 2123; x_wconf 62' lang='lat' dir='ltr'><strong>Saturni</strong></span> <span class='ocrx_word' id='word_1_531' title='bbox 2928 2072 3076 2124; x_wconf 79' lang='lat' dir='ltr'><strong>domo</strong></span> 
     </span>
     <span class='ocr_line' id='line_1_75' title="bbox 1767 2159 3123 2225; baseline 0.003 -16"><span class='ocrx_word' id='word_1_532' title='bbox 1767 2162 2047 2223; x_wconf 73' lang='lat' dir='ltr'><strong>apparente,</strong></span> <span class='ocrx_word' id='word_1_533' title='bbox 2064 2162 2117 2211; x_wconf 87' lang='lat' dir='ltr'>et</span> <span class='ocrx_word' id='word_1_534' title='bbox 2136 2159 2240 2223; x_wconf 72' lang='lat' dir='ltr'><strong>ipso</strong></span> <span class='ocrx_word' id='word_1_535' title='bbox 2263 2163 2470 2210; x_wconf 85' lang='lat' dir='ltr'><strong>saturno</strong></span> <span class='ocrx_word' id='word_1_536' title='bbox 2486 2159 2539 2209; x_wconf 91' lang='lat' dir='ltr'>in</span> <span class='ocrx_word' id='word_1_537' title='bbox 2556 2159 2691 2222; x_wconf 77' lang='lat' dir='ltr'><strong>siguo</strong></span> <span class='ocrx_word' id='word_1_538' title='bbox 2710 2160 2841 2209; x_wconf 78' lang='lat' dir='ltr'><strong>illius</strong></span> <span class='ocrx_word' id='word_1_539' title='bbox 2859 2160 3123 2225; x_wconf 78' lang='lat' dir='ltr'><strong>(veneris)</strong></span> 
     </span>
     <span class='ocr_line' id='line_1_76' title="bbox 1766 2246 3178 2310; baseline 0.004 -16"><span class='ocrx_word' id='word_1_540' title='bbox 1766 2246 2055 2309; x_wconf 74' lang='lat' dir='ltr'><strong>adspicieute</strong></span> <span class='ocrx_word' id='word_1_541' title='bbox 2070 2250 2244 2299; x_wconf 80' lang='lat' dir='ltr'><strong>Jovem</strong></span> <span class='ocrx_word' id='word_1_542' title='bbox 2266 2246 2861 2298; x_wconf 77' lang='lat' dir='ltr'><strong>medio-coelo-veraantem</strong></span> <span class='ocrx_word' id='word_1_543' title='bbox 2880 2250 2931 2299; x_wconf 82' lang='lat' dir='ltr'>et</span> <span class='ocrx_word' id='word_1_544' title='bbox 2947 2252 3150 2299; x_wconf 81' lang='lat' dir='ltr'><strong>Martem</strong></span> <span class='ocrx_word' id='word_1_545' title='bbox 3161 2286 3178 2310; x_wconf 90' lang='lat'><strong>,</strong></span> 
     </span>
     <span class='ocr_line' id='line_1_77' title="bbox 1766 2335 3293 2401; baseline 0.003 -17"><span class='ocrx_word' id='word_1_546' title='bbox 1766 2335 1859 2385; x_wconf 82' lang='lat' dir='ltr'><strong>iliis</strong></span> <span class='ocrx_word' id='word_1_547' title='bbox 1877 2340 2022 2385; x_wconf 83' lang='lat' dir='ltr'><strong>Parca</strong></span> <span class='ocrx_word' id='word_1_548' title='bbox 2040 2336 2305 2399; x_wconf 73' lang='lat' dir='ltr'><strong>perniciosa</strong></span> <span class='ocrx_word' id='word_1_549' title='bbox 2324 2335 2585 2386; x_wconf 82' lang='lat' dir='ltr'><strong>liberorum</strong></span> <span class='ocrx_word' id='word_1_550' title='bbox 2605 2348 2803 2400; x_wconf 74' lang='lat' dir='ltr'><strong>germen</strong></span> <span class='ocrx_word' id='word_1_551' title='bbox 2832 2350 3086 2401; x_wconf 86' lang='lat' dir='ltr'><strong>uunquam</strong></span> <span class='ocrx_word' id='word_1_552' title='bbox 3104 2338 3293 2389; x_wconf 80' lang='lat' dir='ltr'><strong>tribuit.</strong></span> 
     </span>
     <span class='ocr_line' id='line_1_78' title="bbox 1829 2424 3332 2489; baseline 0.002 -15"><span class='ocrx_word' id='word_1_553' title='bbox 1829 2428 2039 2474; x_wconf 84' lang='lat' dir='ltr'><strong>Tantum</strong></span> <span class='ocrx_word' id='word_1_554' title='bbox 2056 2426 2249 2475; x_wconf 72' lang='lat' dir='ltr'><strong>locutus</strong></span> <span class='ocrx_word' id='word_1_555' title='bbox 2260 2424 2323 2475; x_wconf 85' lang='lat' dir='ltr'><strong>de</strong></span> <span class='ocrx_word' id='word_1_556' title='bbox 2331 2425 2479 2489; x_wconf 77' lang='lat' dir='ltr'><strong>prole</strong></span> <span class='ocrx_word' id='word_1_557' title='bbox 2491 2427 2641 2489; x_wconf 83' lang='lat' dir='ltr'><strong>atque</strong></span> <span class='ocrx_word' id='word_1_558' title='bbox 2654 2426 3174 2477; x_wconf 72' lang='lat' dir='ltr'><strong>semine-carentibus</strong></span> <span class='ocrx_word' id='word_1_559' title='bbox 3186 2430 3332 2489; x_wconf 73' lang='lat' dir='ltr'><strong>uiris,</strong></span> 
     </span>
     <span class='ocr_line' id='line_1_79' title="bbox 1766 2512 3091 2579; baseline 0.004 -18"><span class='ocrx_word' id='word_1_560' title='bbox 1766 2515 1927 2562; x_wconf 80' lang='lat' dir='ltr'><strong>cetera</strong></span> <span class='ocrx_word' id='word_1_561' title='bbox 1946 2515 2111 2565; x_wconf 87' lang='lat' dir='ltr'><strong>autem</strong></span> <span class='ocrx_word' id='word_1_562' title='bbox 2130 2513 2323 2563; x_wconf 78' lang='lat' dir='ltr'><strong>vatibus</strong></span> <span class='ocrx_word' id='word_1_563' title='bbox 2338 2512 2762 2565; x_wconf 79' lang='lat' dir='ltr'><strong>animadvertenda</strong></span> <span class='ocrx_word' id='word_1_564' title='bbox 2785 2514 3063 2578; x_wconf 74' lang='lat' dir='ltr'><strong>relinquens</strong></span> <span class='ocrx_word' id='word_1_565' title='bbox 3074 2551 3091 2579; x_wconf 88' lang='lat'><strong>,</strong></span> 
     </span>
     <span class='ocr_line' id='line_1_80' title="bbox 1765 2601 2905 2665; baseline 0.002 -14"><span class='ocrx_word' id='word_1_566' title='bbox 1765 2602 1929 2652; x_wconf 79' lang='lat' dir='ltr'><strong>atatim</strong></span> <span class='ocrx_word' id='word_1_567' title='bbox 1936 2602 2183 2664; x_wconf 75' lang='lat' dir='ltr'><strong>smtmm</strong></span> <span class='ocrx_word' id='word_1_568' title='bbox 2200 2602 2357 2653; x_wconf 85' lang='lat' dir='ltr'><strong>dicam</strong></span> <span class='ocrx_word' id='word_1_569' title='bbox 2378 2601 2627 2664; x_wconf 89' lang='lat' dir='ltr'><strong>quomodo</strong></span> <span class='ocrx_word' id='word_1_570' title='bbox 2646 2616 2905 2665; x_wconf 75' lang='lat' dir='ltr'><strong>cognoscas</strong></span> 
     </span>
     <span class='ocr_line' id='line_1_81' title="bbox 1765 2689 3275 2753; baseline 0 -14"><span class='ocrx_word' id='word_1_571' title='bbox 1765 2689 2159 2741; x_wconf 74' lang='lat' dir='ltr'>multitudinem</span> <span class='ocrx_word' id='word_1_572' title='bbox 2170 2725 2187 2752; x_wconf 88' lang='lat'><strong>,</strong></span> <span class='ocrx_word' id='word_1_573' title='bbox 2206 2691 2257 2738; x_wconf 87' lang='lat' dir='ltr'>et</span> <span class='ocrx_word' id='word_1_574' title='bbox 2273 2692 2607 2753; x_wconf 75' lang='lat' dir='ltr'><strong>quotcumque</strong></span> <span class='ocrx_word' id='word_1_575' title='bbox 2626 2703 2721 2739; x_wconf 88' lang='lat' dir='ltr'>uuo</span> <span class='ocrx_word' id='word_1_576' title='bbox 2739 2703 2800 2739; x_wconf 85' lang='lat' dir='ltr'><strong>ex</strong></span> <span class='ocrx_word' id='word_1_577' title='bbox 2818 2692 2957 2739; x_wconf 83' lang='lat' dir='ltr'><strong>utero</strong></span> <span class='ocrx_word' id='word_1_578' title='bbox 2975 2691 3071 2739; x_wconf 82' lang='lat' dir='ltr'><strong>sint</strong></span> <span class='ocrx_word' id='word_1_579' title='bbox 3267 2735 3275 2746; x_wconf 83' lang='grc'>,</span> 
     </span>
     <span class='ocr_line' id='line_1_82' title="bbox 1766 2778 3305 2847; baseline 0.001 -19"><span class='ocrx_word' id='word_1_580' title='bbox 1766 2782 1816 2828; x_wconf 88' lang='lat' dir='ltr'>et</span> <span class='ocrx_word' id='word_1_581' title='bbox 1837 2792 1901 2827; x_wconf 81' lang='lat' dir='ltr'><strong>ex</strong></span> <span class='ocrx_word' id='word_1_582' title='bbox 1918 2780 2031 2829; x_wconf 79' lang='lat' dir='ltr'><strong>solis</strong></span> <span class='ocrx_word' id='word_1_583' title='bbox 2052 2778 2287 2841; x_wconf 81' lang='lat' dir='ltr'><strong>patribus,</strong></span> <span class='ocrx_word' id='word_1_584' title='bbox 2306 2780 2358 2828; x_wconf 89' lang='lat' dir='ltr'>et</span> <span class='ocrx_word' id='word_1_585' title='bbox 2374 2780 2708 2841; x_wconf 80' lang='lat' dir='ltr'><strong>quotcumque</strong></span> <span class='ocrx_word' id='word_1_586' title='bbox 2734 2780 3004 2841; x_wconf 84' lang='lat' dir='ltr'><strong>promiscue</strong></span> <span class='ocrx_word' id='word_1_587' title='bbox 3017 2778 3207 2841; x_wconf 83' lang='lat' dir='ltr'><strong>pariant</strong></span> <span class='ocrx_word' id='word_1_588' title='bbox 3300 2842 3305 2847; x_wconf 21' lang='grc' dir='ltr'>ι</span> 
     </span>
     <span class='ocr_line' id='line_1_83' title="bbox 1765 2865 2831 2918; baseline 0 -2"><span class='ocrx_word' id='word_1_589' title='bbox 1765 2870 1943 2917; x_wconf 68' lang='lat' dir='ltr'><strong>matrae</strong></span> <span class='ocrx_word' id='word_1_590' title='bbox 1958 2866 2157 2918; x_wconf 75' lang='lat' dir='ltr'><strong>diversis</strong></span> <span class='ocrx_word' id='word_1_591' title='bbox 2173 2878 2284 2916; x_wconf 89' lang='lat' dir='ltr'>cum</span> <span class='ocrx_word' id='word_1_592' title='bbox 2303 2866 2421 2916; x_wconf 74' lang='lat' dir='ltr'><strong>virle</strong></span> <span class='ocrx_word' id='word_1_593' title='bbox 2437 2865 2831 2917; x_wconf 81' lang='lat' dir='ltr'><strong>concumbentes.</strong></span> 
     </span>
     <span class='ocr_line' id='line_1_84' title="bbox 1812 2955 3329 3021; baseline 0.002 -16"><span class='ocrx_word' id='word_1_594' title='bbox 1812 2956 1987 3005; x_wconf 82' lang='lat' dir='ltr'><strong>Animo</strong></span> <span class='ocrx_word' id='word_1_595' title='bbox 2000 2955 2195 3018; x_wconf 89' lang='lat' dir='ltr'><strong>quidem</strong></span> <span class='ocrx_word' id='word_1_596' title='bbox 2208 2955 2419 3018; x_wconf 88' lang='lat' dir='ltr'><strong>primum</strong></span> <span class='ocrx_word' id='word_1_597' title='bbox 2438 2958 2630 3018; x_wconf 84' lang='lat' dir='ltr'><strong>oportet</strong></span> <span class='ocrx_word' id='word_1_598' title='bbox 2652 2956 3031 3007; x_wconf 84' lang='lat' dir='ltr'><strong>animadvertere</strong></span> <span class='ocrx_word' id='word_1_599' title='bbox 3046 2971 3301 3008; x_wconf 84' lang='lat' dir='ltr'><strong>numerum</strong></span> <span class='ocrx_word' id='word_1_600' title='bbox 3312 2995 3329 3021; x_wconf 92' lang='lat'><em>,</em></span> 
     </span>
     <span class='ocr_line' id='line_1_85' title="bbox 1764 3041 2966 3107; baseline 0.001 -15"><span class='ocrx_word' id='word_1_601' title='bbox 1764 3045 1888 3105; x_wconf 87' lang='lat' dir='ltr'><strong>quot</strong></span> <span class='ocrx_word' id='word_1_602' title='bbox 1908 3043 1957 3091; x_wconf 91' lang='lat' dir='ltr'>in</span> <span class='ocrx_word' id='word_1_603' title='bbox 1982 3042 2233 3093; x_wconf 82' lang='lat' dir='ltr'><strong>horouomi</strong></span> <span class='ocrx_word' id='word_1_604' title='bbox 2254 3041 2389 3106; x_wconf 77' lang='lat' dir='ltr'><strong>signo</strong></span> <span class='ocrx_word' id='word_1_605' title='bbox 2408 3043 2551 3093; x_wconf 84' lang='lat' dir='ltr'><strong>tertio</strong></span> <span class='ocrx_word' id='word_1_606' title='bbox 2578 3043 2933 3106; x_wconf 76' lang='lat' dir='ltr'><strong>conspiciantur</strong></span> <span class='ocrx_word' id='word_1_607' title='bbox 2949 3080 2966 3107; x_wconf 89' lang='lat'><strong><em>,</em></strong></span> 
     </span>
     <span class='ocr_line' id='line_1_86' title="bbox 1763 3129 2819 3193; baseline 0.001 -14"><span class='ocrx_word' id='word_1_608' title='bbox 1763 3133 1850 3180; x_wconf 86' lang='lat' dir='ltr'>aut</span> <span class='ocrx_word' id='word_1_609' title='bbox 1867 3129 2209 3181; x_wconf 62' lang='lat' dir='ltr'><strong>in-mediicoeli</strong></span> <span class='ocrx_word' id='word_1_610' title='bbox 2232 3131 2355 3193; x_wconf 90' lang='lat' dir='ltr'><strong>quot</strong></span> <span class='ocrx_word' id='word_1_611' title='bbox 2370 3130 2597 3181; x_wconf 70' lang='lat' dir='ltr'><strong>incedant</strong></span> <span class='ocrx_word' id='word_1_612' title='bbox 2612 3141 2819 3190; x_wconf 76' lang='lat' dir='ltr'><strong>superne</strong></span> 
     </span>
     <span class='ocr_line' id='line_1_87' title="bbox 1764 3217 2775 3281; baseline -0.002 -13"><span class='ocrx_word' id='word_1_613' title='bbox 1764 3219 1946 3281; x_wconf 67' lang='lat' dir='ltr'><strong>stelle,</strong></span> <span class='ocrx_word' id='word_1_614' title='bbox 1968 3221 2055 3268; x_wconf 86' lang='lat' dir='ltr'>aut</span> <span class='ocrx_word' id='word_1_615' title='bbox 2072 3217 2173 3269; x_wconf 75' lang='lat' dir='ltr'><strong>suia</strong></span> <span class='ocrx_word' id='word_1_616' title='bbox 2190 3219 2340 3269; x_wconf 75' lang='lat' dir='ltr'><strong>testea</strong></span> <span class='ocrx_word' id='word_1_617' title='bbox 2356 3217 2591 3268; x_wconf 67' lang='lat' dir='ltr'><strong>exsistant</strong></span> <span class='ocrx_word' id='word_1_618' title='bbox 2614 3217 2775 3268; x_wconf 73' lang='lat' dir='ltr'><strong>radiis.</strong></span> 
     </span>
     <span class='ocr_line' id='line_1_88' title="bbox 1763 3305 2809 3368; baseline -0.001 -13"><span class='ocrx_word' id='word_1_619' title='bbox 1763 3307 1972 3363; x_wconf 85' lang='lat' dir='ltr'><strong>Quando</strong></span> <span class='ocrx_word' id='word_1_620' title='bbox 1988 3309 2150 3356; x_wconf 86' lang='lat' dir='ltr'><strong>autem</strong></span> <span class='ocrx_word' id='word_1_621' title='bbox 2168 3319 2232 3356; x_wconf 85' lang='lat' dir='ltr'><strong>ex</strong></span> <span class='ocrx_word' id='word_1_622' title='bbox 2247 3305 2370 3356; x_wconf 84' lang='lat' dir='ltr'><strong>hora</strong></span> <span class='ocrx_word' id='word_1_623' title='bbox 2388 3309 2439 3356; x_wconf 84' lang='lat' dir='ltr'>et</span> <span class='ocrx_word' id='word_1_624' title='bbox 2459 3317 2490 3355; x_wconf 81' lang='lat' dir='ltr'>a</span> <span class='ocrx_word' id='word_1_625' title='bbox 2506 3305 2652 3356; x_wconf 80' lang='lat' dir='ltr'><strong>tertio</strong></span> <span class='ocrx_word' id='word_1_626' title='bbox 2670 3306 2809 3368; x_wconf 74' lang='lat' dir='ltr'><strong>signo</strong></span> 
     </span>
     <span class='ocr_line' id='line_1_89' title="bbox 1762 3394 2961 3459; baseline 0 -15"><span class='ocrx_word' id='word_1_627' title='bbox 1762 3398 1850 3446; x_wconf 90' lang='lat' dir='ltr'>aut</span> <span class='ocrx_word' id='word_1_628' title='bbox 1864 3396 2061 3459; x_wconf 88' lang='lat' dir='ltr'><strong>quando</strong></span> <span class='ocrx_word' id='word_1_629' title='bbox 2074 3409 2137 3446; x_wconf 82' lang='lat' dir='ltr'><strong>ex</strong></span> <span class='ocrx_word' id='word_1_630' title='bbox 2159 3399 2327 3446; x_wconf 85' lang='lat' dir='ltr'><strong>centro</strong></span> <span class='ocrx_word' id='word_1_631' title='bbox 2339 3394 2389 3444; x_wconf 92' lang='lat' dir='ltr'>id</span> <span class='ocrx_word' id='word_1_632' title='bbox 2404 3395 2661 3446; x_wconf 72' lang='lat' dir='ltr'><strong>observare</strong></span> <span class='ocrx_word' id='word_1_633' title='bbox 2680 3395 2853 3444; x_wconf 71' lang='lat' dir='ltr'><strong>melius</strong></span> <span class='ocrx_word' id='word_1_634' title='bbox 2873 3395 2961 3456; x_wconf 85' lang='lat' dir='ltr'><strong>sit,</strong></span> 
     </span>
     <span class='ocr_line' id='line_1_90' title="bbox 1764 3481 3184 3547; baseline 0.001 -15"><span class='ocrx_word' id='word_1_635' title='bbox 1764 3497 1861 3533; x_wconf 87' lang='lat' dir='ltr'>non</span> <span class='ocrx_word' id='word_1_636' title='bbox 1879 3485 1999 3534; x_wconf 86' lang='lat' dir='ltr'><strong>latet</strong></span> <span class='ocrx_word' id='word_1_637' title='bbox 2022 3483 2309 3546; x_wconf 82' lang='lat' dir='ltr'><strong>prudentem</strong></span> <span class='ocrx_word' id='word_1_638' title='bbox 2333 3483 2493 3533; x_wconf 79' lang='lat' dir='ltr'><strong>virum</strong></span> <span class='ocrx_word' id='word_1_639' title='bbox 2516 3487 2567 3534; x_wconf 87' lang='lat' dir='ltr'>et</span> <span class='ocrx_word' id='word_1_640' title='bbox 2588 3481 2796 3547; x_wconf 65' lang='lat' dir='ltr'><strong>pet-imm</strong></span> <span class='ocrx_word' id='word_1_641' title='bbox 2818 3481 3184 3533; x_wconf 80' lang='lat' dir='ltr'><strong>divinationum.</strong></span> 
     </span>
     <span class='ocr_line' id='line_1_91' title="bbox 1763 3571 2719 3636; baseline 0.001 -13"><span class='ocrx_word' id='word_1_642' title='bbox 1763 3575 1837 3623; x_wconf 87' lang='lat' dir='ltr'>lta</span> <span class='ocrx_word' id='word_1_643' title='bbox 1853 3573 2000 3622; x_wconf 85' lang='lat' dir='ltr'><strong>etiam</strong></span> <span class='ocrx_word' id='word_1_644' title='bbox 2022 3573 2247 3624; x_wconf 67' lang='lat' dir='ltr'><strong>observes</strong></span> <span class='ocrx_word' id='word_1_645' title='bbox 2260 3574 2385 3636; x_wconf 89' lang='lat' dir='ltr'><strong>quot</strong></span> <span class='ocrx_word' id='word_1_646' title='bbox 2398 3571 2550 3624; x_wconf 79' lang='lat' dir='ltr'><strong>stellis</strong></span> <span class='ocrx_word' id='word_1_647' title='bbox 2572 3575 2719 3624; x_wconf 73' lang='lat' dir='ltr'><strong>Luna</strong></span> 
     </span>
     <span class='ocr_line' id='line_1_92' title="bbox 1761 3659 3329 3724; baseline -0.003 -12"><span class='ocrx_word' id='word_1_648' title='bbox 1761 3661 2126 3723; x_wconf 73' lang='lat' dir='ltr'><strong>simu-seratur,</strong></span> <span class='ocrx_word' id='word_1_649' title='bbox 2140 3664 2228 3711; x_wconf 86' lang='lat' dir='ltr'>aut</span> <span class='ocrx_word' id='word_1_650' title='bbox 2244 3663 2366 3724; x_wconf 85' lang='lat' dir='ltr'><strong>quot</strong></span> <span class='ocrx_word' id='word_1_651' title='bbox 2389 3661 2595 3724; x_wconf 73' lang='lat' dir='ltr'><strong>(stellis)</strong></span> <span class='ocrx_word' id='word_1_652' title='bbox 2610 3659 2857 3724; x_wconf 73' lang='lat' dir='ltr'><strong>usque-ad</strong></span> <span class='ocrx_word' id='word_1_653' title='bbox 2874 3660 3203 3722; x_wconf 74' lang='lat' dir='ltr'><strong>apparentiam</strong></span> <span class='ocrx_word' id='word_1_654' title='bbox 3218 3672 3329 3708; x_wconf 86' lang='lat' dir='ltr'><strong>con-</strong></span> 
     </span>
     <span class='ocr_line' id='line_1_93' title="bbox 1761 3745 3327 3810; baseline -0.003 -10"><span class='ocrx_word' id='word_1_655' title='bbox 1761 3752 1836 3800; x_wconf 89' lang='lat' dir='ltr'>tot</span> <span class='ocrx_word' id='word_1_656' title='bbox 1853 3749 1983 3800; x_wconf 86' lang='lat' dir='ltr'><strong>enim</strong></span> <span class='ocrx_word' id='word_1_657' title='bbox 2008 3751 2176 3800; x_wconf 73' lang='lat' dir='ltr'><strong>iratres</strong></span> <span class='ocrx_word' id='word_1_658' title='bbox 2196 3754 2346 3800; x_wconf 80' lang='lat' dir='ltr'><strong>Parca</strong></span> <span class='ocrx_word' id='word_1_659' title='bbox 2363 3749 2646 3799; x_wconf 84' lang='lat' dir='ltr'><strong>mortalibus</strong></span> <span class='ocrx_word' id='word_1_660' title='bbox 2667 3749 2880 3810; x_wconf 82' lang='lat' dir='ltr'><strong>largitur.</strong></span> <span class='ocrx_word' id='word_1_661' title='bbox 2950 3745 3327 3810; x_wconf 82' lang='lat' dir='ltr'><strong>[gressa-luerit;</strong></span> 
     </span>
     <span class='ocr_line' id='line_1_94' title="bbox 1826 3833 3327 3901; baseline -0.004 -12"><span class='ocrx_word' id='word_1_662' title='bbox 1826 3840 1878 3889; x_wconf 90' lang='lat' dir='ltr'>Sl</span> <span class='ocrx_word' id='word_1_663' title='bbox 1890 3853 2007 3889; x_wconf 79' lang='lat' dir='ltr'><strong>vero</strong></span> <span class='ocrx_word' id='word_1_664' title='bbox 2016 3839 2149 3888; x_wconf 83' lang='lat' dir='ltr'><strong>nulia</strong></span> <span class='ocrx_word' id='word_1_665' title='bbox 2162 3839 2180 3900; x_wconf 92' lang='lat'>(</span> <span class='ocrx_word' id='word_1_666' title='bbox 2193 3837 2360 3901; x_wconf 79' lang='lat' dir='ltr'><strong>atella)</strong></span> <span class='ocrx_word' id='word_1_667' title='bbox 2374 3839 2535 3888; x_wconf 65' lang='lat' dir='ltr'><strong>unae</strong></span> <span class='ocrx_word' id='word_1_668' title='bbox 2548 3837 2689 3886; x_wconf 86' lang='lat' dir='ltr'><strong>simul</strong></span> <span class='ocrx_word' id='word_1_669' title='bbox 2700 3837 2863 3885; x_wconf 86' lang='lat' dir='ltr'><strong>currat</strong></span> <span class='ocrx_word' id='word_1_670' title='bbox 2875 3837 2961 3884; x_wconf 87' lang='lat' dir='ltr'>aut</span> <span class='ocrx_word' id='word_1_671' title='bbox 2973 3833 3327 3897; x_wconf 70' lang='lat' dir='ltr'><strong>congrediatur,</strong></span> 
     </span>
     <span class='ocr_line' id='line_1_95' title="bbox 1762 3920 2794 3986; baseline -0.014 -7"><span class='ocrx_word' id='word_1_672' title='bbox 1762 3931 1836 3978; x_wconf 86' lang='lat' dir='ltr'>tot</span> <span class='ocrx_word' id='word_1_673' title='bbox 1853 3943 1883 3978; x_wconf 91' lang='lat' dir='ltr'>a</span> <span class='ocrx_word' id='word_1_674' title='bbox 1901 3927 2100 3978; x_wconf 64' lang='lat' dir='ltr'><strong>diversis</strong></span> <span class='ocrx_word' id='word_1_675' title='bbox 2115 3925 2256 3976; x_wconf 80' lang='lat' dir='ltr'><strong>mixti</strong></span> <span class='ocrx_word' id='word_1_676' title='bbox 2277 3925 2489 3976; x_wconf 82' lang='lat' dir='ltr'><strong>evadunt</strong></span> <span class='ocrx_word' id='word_1_677' title='bbox 2504 3920 2794 3986; x_wconf 79' lang='lat' dir='ltr'><strong>parentibus.</strong></span> 
     </span>
     <span class='ocr_line' id='line_1_96' title="bbox 1825 4012 3264 4077; baseline -0.003 -11"><span class='ocrx_word' id='word_1_678' title='bbox 1825 4020 1880 4067; x_wconf 90' lang='lat' dir='ltr'><strong>ln</strong></span> <span class='ocrx_word' id='word_1_679' title='bbox 1898 4015 2227 4077; x_wconf 67' lang='lat' dir='ltr'><strong>bicon-poribus</strong></span> <span class='ocrx_word' id='word_1_680' title='bbox 2239 4017 2403 4064; x_wconf 84' lang='lat' dir='ltr'><strong>autem</strong></span> <span class='ocrx_word' id='word_1_681' title='bbox 2422 4015 2543 4075; x_wconf 84' lang='lat' dir='ltr'><strong>quot</strong></span> <span class='ocrx_word' id='word_1_682' title='bbox 2556 4012 2836 4061; x_wconf 87' lang='lat' dir='ltr'><strong>simul-cum</strong></span> <span class='ocrx_word' id='word_1_683' title='bbox 2861 4015 3010 4064; x_wconf 78' lang='lat' dir='ltr'><strong>Luna</strong></span> <span class='ocrx_word' id='word_1_684' title='bbox 3030 4012 3264 4075; x_wconf 70' lang='lat' dir='ltr'><strong>l&#39;eraumr,</strong></span> 
     </span>
     <span class='ocr_line' id='line_1_97' title="bbox 1762 4099 3140 4170; baseline -0.002 -16"><span class='ocrx_word' id='word_1_685' title='bbox 1762 4107 1848 4155; x_wconf 83' lang='lat' dir='ltr'>aut</span> <span class='ocrx_word' id='word_1_686' title='bbox 1861 4107 2143 4170; x_wconf 76' lang='lat' dir='ltr'><strong>contactum</strong></span> <span class='ocrx_word' id='word_1_687' title='bbox 2158 4101 2418 4153; x_wconf 78' lang='lat' dir='ltr'><strong>ostendant</strong></span> <span class='ocrx_word' id='word_1_688' title='bbox 2444 4105 2530 4150; x_wconf 88' lang='lat' dir='ltr'>aut</span> <span class='ocrx_word' id='word_1_689' title='bbox 2553 4100 2839 4150; x_wconf 72' lang='lat' dir='ltr'><strong>testimoniis</strong></span> <span class='ocrx_word' id='word_1_690' title='bbox 2856 4099 3140 4164; x_wconf 67' lang='lat' dir='ltr'><strong>adspiciunt,</strong></span> 
     </span>
     <span class='ocr_line' id='line_1_98' title="bbox 1762 4190 2749 4256; baseline -0.004 -12"><span class='ocrx_word' id='word_1_691' title='bbox 1762 4194 1977 4256; x_wconf 75' lang='lat' dir='ltr'><strong>geminos</strong></span> <span class='ocrx_word' id='word_1_692' title='bbox 1992 4194 2097 4244; x_wconf 82' lang='lat' dir='ltr'><strong>istae</strong></span> <span class='ocrx_word' id='word_1_693' title='bbox 2116 4193 2289 4243; x_wconf 67' lang='lat' dir='ltr'><strong>naue·</strong></span> <span class='ocrx_word' id='word_1_694' title='bbox 2308 4190 2596 4240; x_wconf 78' lang='lat' dir='ltr'><strong>mortalibus</strong></span> <span class='ocrx_word' id='word_1_695' title='bbox 2616 4190 2749 4240; x_wconf 87' lang='lat' dir='ltr'><strong>dant.</strong></span> 
     </span>
     <span class='ocr_line' id='line_1_99' title="bbox 1824 4279 3137 4342; baseline -0.008 -10"><span class='ocrx_word' id='word_1_696' title='bbox 1824 4285 1909 4332; x_wconf 85' lang='lat' dir='ltr'>Sin</span> <span class='ocrx_word' id='word_1_697' title='bbox 1931 4280 2138 4332; x_wconf 78' lang='lat' dir='ltr'><strong>volueris</strong></span> <span class='ocrx_word' id='word_1_698' title='bbox 2150 4279 2360 4342; x_wconf 81' lang='lat' dir='ltr'><strong>discere,</strong></span> <span class='ocrx_word' id='word_1_699' title='bbox 2378 4291 2409 4329; x_wconf 85' lang='lat' dir='ltr'>a</span> <span class='ocrx_word' id='word_1_700' title='bbox 2426 4279 2643 4342; x_wconf 74' lang='lat' dir='ltr'><strong>patribus</strong></span> <span class='ocrx_word' id='word_1_701' title='bbox 2657 4281 2801 4342; x_wconf 88' lang='lat' dir='ltr'><strong>quot,</strong></span> <span class='ocrx_word' id='word_1_702' title='bbox 3129 4313 3137 4321; x_wconf 90' lang='lat'><strong>.</strong></span> 
     </span>
     <span class='ocr_line' id='line_1_100' title="bbox 1763 4365 3125 4432; baseline -0.004 -10"><span class='ocrx_word' id='word_1_703' title='bbox 1763 4374 1814 4422; x_wconf 86' lang='lat' dir='ltr'>et</span> <span class='ocrx_word' id='word_1_704' title='bbox 1829 4375 2048 4421; x_wconf 87' lang='lat' dir='ltr'><strong>materno</strong></span> <span class='ocrx_word' id='word_1_705' title='bbox 2066 4383 2126 4420; x_wconf 81' lang='lat' dir='ltr'><strong>ex</strong></span> <span class='ocrx_word' id='word_1_706' title='bbox 2144 4372 2286 4420; x_wconf 86' lang='lat' dir='ltr'><strong>utero</strong></span> <span class='ocrx_word' id='word_1_707' title='bbox 2308 4371 2430 4432; x_wconf 78' lang='lat' dir='ltr'><strong>quot</strong></span> <span class='ocrx_word' id='word_1_708' title='bbox 2457 4365 2611 4418; x_wconf 75' lang='lat' dir='ltr'><strong>futuri</strong></span> <span class='ocrx_word' id='word_1_709' title='bbox 2633 4367 2733 4417; x_wconf 81' lang='lat' dir='ltr'><strong>sint</strong></span> <span class='ocrx_word' id='word_1_710' title='bbox 2758 4367 3125 4430; x_wconf 73' lang='lat' dir='ltr'><strong>consanguinei,</strong></span> 
     </span>
    </p>
   </div>
   <div class='ocr_carea' id='block_1_15' title="bbox 1763 4542 3327 5305">
    <p class='ocr_par' dir='ltr' id='par_1_18' title="bbox 1763 4542 3327 5305">
     <span class='ocr_line' id='line_1_101' title="bbox 1763 4542 3047 4610; baseline -0.005 -12"><span class='ocrx_word' id='word_1_711' title='bbox 1763 4550 1846 4599; x_wconf 86' lang='lat' dir='ltr'><strong>ille</strong></span> <span class='ocrx_word' id='word_1_712' title='bbox 1861 4548 1991 4598; x_wconf 86' lang='lat' dir='ltr'><strong>euim</strong></span> <span class='ocrx_word' id='word_1_713' title='bbox 2009 4547 2221 4598; x_wconf 77' lang='lat' dir='ltr'><strong>declarat</strong></span> <span class='ocrx_word' id='word_1_714' title='bbox 2243 4545 2394 4610; x_wconf 76' lang='lat' dir='ltr'><strong>patria</strong></span> <span class='ocrx_word' id='word_1_715' title='bbox 2410 4545 2612 4608; x_wconf 87' lang='lat' dir='ltr'><strong>prolem,</strong></span> <span class='ocrx_word' id='word_1_716' title='bbox 2630 4543 2708 4592; x_wconf 87' lang='lat' dir='ltr'>hic</span> <span class='ocrx_word' id='word_1_717' title='bbox 2726 4555 2842 4593; x_wconf 83' lang='lat' dir='ltr'><strong>vero</strong></span> <span class='ocrx_word' id='word_1_718' title='bbox 2864 4542 3047 4592; x_wconf 84' lang='lat' dir='ltr'><strong>matria.</strong></span> 
     </span>
     <span class='ocr_line' id='line_1_102' title="bbox 1788 4629 3327 4699; baseline -0.006 -12"><span class='ocrx_word' id='word_1_719' title='bbox 1788 4651 1794 4656; x_wconf 91' lang='lat'><em>·</em></span> <span class='ocrx_word' id='word_1_720' title='bbox 1826 4637 1909 4688; x_wconf 89' lang='lat' dir='ltr'>Sin</span> <span class='ocrx_word' id='word_1_721' title='bbox 1924 4634 2157 4699; x_wconf 81' lang='lat' dir='ltr'><strong>usque-ad</strong></span> <span class='ocrx_word' id='word_1_722' title='bbox 2171 4632 2499 4698; x_wconf 70' lang='lat' dir='ltr'><strong>apparentiam</strong></span> <span class='ocrx_word' id='word_1_723' title='bbox 2520 4645 2581 4682; x_wconf 86' lang='lat' dir='ltr'>ne</span> <span class='ocrx_word' id='word_1_724' title='bbox 2593 4631 2677 4681; x_wconf 89' lang='lat' dir='ltr'><strong>ulli</strong></span> <span class='ocrx_word' id='word_1_725' title='bbox 2696 4630 2891 4696; x_wconf 87' lang='lat' dir='ltr'><strong>quidem</strong></span> <span class='ocrx_word' id='word_1_726' title='bbox 2914 4629 3087 4680; x_wconf 87' lang='lat' dir='ltr'><strong>lumini</strong></span> <span class='ocrx_word' id='word_1_727' title='bbox 3099 4631 3327 4693; x_wconf 77' lang='lat' dir='ltr'><strong>iungatur</strong></span> 
     </span>
     <span class='ocr_line' id='line_1_103' title="bbox 1763 4719 2989 4789; baseline -0.006 -14"><span class='ocrx_word' id='word_1_728' title='bbox 1763 4723 2143 4789; x_wconf 74' lang='lat' dir='ltr'><strong>splendidissima</strong></span> <span class='ocrx_word' id='word_1_729' title='bbox 2174 4725 2342 4778; x_wconf 75' lang='lat' dir='ltr'><strong>Luna,</strong></span> <span class='ocrx_word' id='word_1_730' title='bbox 2368 4720 2503 4784; x_wconf 77' lang='lat' dir='ltr'><strong>signo</strong></span> <span class='ocrx_word' id='word_1_731' title='bbox 2519 4733 2636 4771; x_wconf 82' lang='lat' dir='ltr'><strong>vero</strong></span> <span class='ocrx_word' id='word_1_732' title='bbox 2654 4723 2837 4782; x_wconf 61' lang='lat' dir='ltr'><strong>mergo</strong></span> <span class='ocrx_word' id='word_1_733' title='bbox 2856 4719 2989 4769; x_wconf 87' lang='lat' dir='ltr'><strong>eunti</strong></span> 
     </span>
     <span class='ocr_line' id='line_1_104' title="bbox 1764 4810 2966 4871; baseline -0.007 -7"><span class='ocrx_word' id='word_1_734' title='bbox 1764 4817 1850 4864; x_wconf 83' lang='lat' dir='ltr'>aut</span> <span class='ocrx_word' id='word_1_735' title='bbox 1869 4816 2134 4863; x_wconf 73' lang='lat' dir='ltr'><strong>saturnus</strong></span> <span class='ocrx_word' id='word_1_736' title='bbox 2160 4815 2248 4862; x_wconf 87' lang='lat' dir='ltr'>aut</span> <span class='ocrx_word' id='word_1_737' title='bbox 2264 4813 2413 4863; x_wconf 74' lang='lat' dir='ltr'><strong>Mars</strong></span> <span class='ocrx_word' id='word_1_738' title='bbox 2427 4811 2661 4860; x_wconf 73' lang='lat' dir='ltr'><strong>testantes</strong></span> <span class='ocrx_word' id='word_1_739' title='bbox 2676 4810 2966 4871; x_wconf 84' lang='lat' dir='ltr'><strong>appareant,</strong></span> 
     </span>
     <span class='ocr_line' id='line_1_105' title="bbox 1763 4897 3235 4965; baseline -0.004 -13"><span class='ocrx_word' id='word_1_740' title='bbox 1763 4906 1849 4953; x_wconf 83' lang='lat' dir='ltr'>aut</span> <span class='ocrx_word' id='word_1_741' title='bbox 1867 4914 2045 4965; x_wconf 89' lang='lat' dir='ltr'><strong>paucos</strong></span> <span class='ocrx_word' id='word_1_742' title='bbox 2058 4899 2267 4951; x_wconf 85' lang='lat' dir='ltr'><strong>reddunt</strong></span> <span class='ocrx_word' id='word_1_743' title='bbox 2284 4899 2456 4950; x_wconf 74' lang='lat' dir='ltr'><strong>tratres</strong></span> <span class='ocrx_word' id='word_1_744' title='bbox 2469 4901 2558 4948; x_wconf 81' lang='lat' dir='ltr'>aut</span> <span class='ocrx_word' id='word_1_745' title='bbox 2580 4898 2729 4948; x_wconf 87' lang='lat' dir='ltr'><strong>etiam</strong></span> <span class='ocrx_word' id='word_1_746' title='bbox 2751 4897 3235 4946; x_wconf 77' lang='lat' dir='ltr'><strong>fratribus-carentes.</strong></span> 
     </span>
     <span class='ocr_line' id='line_1_106' title="bbox 1827 4985 3121 5051; baseline -0.006 -11"><span class='ocrx_word' id='word_1_747' title='bbox 1827 4993 1945 5040; x_wconf 78' lang='lat' dir='ltr'><strong>Haec</strong></span> <span class='ocrx_word' id='word_1_748' title='bbox 1966 4993 2129 5040; x_wconf 77' lang='lat' dir='ltr'><strong>autem</strong></span> <span class='ocrx_word' id='word_1_749' title='bbox 2146 4988 2331 5039; x_wconf 75' lang='lat' dir='ltr'><strong>faciunt</strong></span> <span class='ocrx_word' id='word_1_750' title='bbox 2353 4985 2501 5038; x_wconf 82' lang='lat' dir='ltr'><strong>etiam</strong></span> <span class='ocrx_word' id='word_1_751' title='bbox 2526 4999 2682 5051; x_wconf 87' lang='lat' dir='ltr'><strong>quum</strong></span> <span class='ocrx_word' id='word_1_752' title='bbox 2698 4985 2855 5036; x_wconf 83' lang='lat' dir='ltr'><strong>medio</strong></span> <span class='ocrx_word' id='word_1_753' title='bbox 2878 4985 2929 5034; x_wconf 91' lang='lat' dir='ltr'>in</span> <span class='ocrx_word' id='word_1_754' title='bbox 2954 4987 3121 5034; x_wconf 83' lang='lat' dir='ltr'><strong>centro</strong></span> 
     </span>
     <span class='ocr_line' id='line_1_107' title="bbox 1765 5073 3211 5138; baseline -0.003 -9"><span class='ocrx_word' id='word_1_755' title='bbox 1765 5079 2085 5129; x_wconf 86' lang='lat' dir='ltr'><strong>communiter</strong></span> <span class='ocrx_word' id='word_1_756' title='bbox 2102 5078 2301 5128; x_wconf 84' lang='lat' dir='ltr'><strong>currant</strong></span> <span class='ocrx_word' id='word_1_757' title='bbox 2314 5077 2403 5128; x_wconf 80' lang='lat' dir='ltr'>aut</span> <span class='ocrx_word' id='word_1_758' title='bbox 2418 5077 2613 5138; x_wconf 74' lang='lat' dir='ltr'><strong>a-tergo</strong></span> <span class='ocrx_word' id='word_1_759' title='bbox 2632 5074 2903 5125; x_wconf 74' lang='lat' dir='ltr'><strong>exorientes</strong></span> <span class='ocrx_word' id='word_1_760' title='bbox 2924 5073 3211 5136; x_wconf 55' lang='lat' dir='ltr'><strong>cerunt-3</strong></span> 
     </span>
     <span class='ocr_line' id='line_1_108' title="bbox 1765 5163 2795 5230; baseline -0.005 -12"><span class='ocrx_word' id='word_1_761' title='bbox 1765 5171 1816 5219; x_wconf 87' lang='lat' dir='ltr'>et</span> <span class='ocrx_word' id='word_1_762' title='bbox 1830 5166 1874 5217; x_wconf 74' lang='lat' dir='ltr'>ai</span> <span class='ocrx_word' id='word_1_763' title='bbox 1888 5168 2029 5218; x_wconf 69' lang='lat' dir='ltr'><strong>extra</strong></span> <span class='ocrx_word' id='word_1_764' title='bbox 2043 5167 2285 5230; x_wconf 79' lang='lat' dir='ltr'><strong>centrum,</strong></span> <span class='ocrx_word' id='word_1_765' title='bbox 2308 5165 2483 5218; x_wconf 60' lang='lat' dir='ltr'><strong>“atres</strong></span> <span class='ocrx_word' id='word_1_766' title='bbox 2496 5163 2795 5216; x_wconf 78' lang='lat' dir='ltr'><strong>interimunt.</strong></span> 
     </span>
     <span class='ocr_line' id='line_1_109' title="bbox 3031 5263 3092 5305; baseline 0.049 -3"><span class='ocrx_word' id='word_1_767' title='bbox 3031 5263 3092 5305; x_wconf 66' lang='lat' dir='ltr'>us</span> 
     </span>
    </p>
   </div>
   <div class='ocr_carea' id='block_1_16' title="bbox 3722 0 3725 703">
    <p class='ocr_par' dir='ltr' id='par_1_19' title="bbox 3722 0 3725 703">
     <span class='ocr_line' id='line_1_110' title="bbox 3722 0 3725 703; baseline 0 0"><span class='ocrx_word' id='word_1_768' title='bbox 3722 0 3725 703; x_wconf 95' lang='lat' dir='ltr'> </span> 
     </span>
    </p>
   </div>
  </div>
 </body>
</html>
