3767 5825
1193 323 1203 332 '
1290 337 1519 402 ARA’n
1567 340 2083 404 PRAENOMENA.
2497 371 2513 386 -
3224 350 3291 402 ιε

29 476 351 555 καρτερὸς
381 475 576 556 Ὠρίων
607 475 830 556 στιὸαρῇ
856 474 1109 533 ἐπέκοπτε
1131 474 1320 554 κορύνῃ
1337 520 1351 545 ,

29 561 256 640 θήρης
285 562 566 642 ἀρνύμενος
594 563 747 644 κείνῳ
768 561 921 644 χάριν
950 561 1250 622 Οἰνοπίωνι.

28 654 74 719 ἡ
113 650 198 708 δέ
227 655 284 709 οἱ
314 650 529 722 ἐξαυτῆς
552 649 855 710 ἐπετείλατο
882 648 1055 728 Θηρίον
1084 649 1242 720 ἄλλο,

29 737 253 806 νήσου
286 737 624 820 ἀναῤῥηξασα
650 737 812 814 μέσας
839 737 1081 816 ἑκάτερθε
1105 735 1358 808 κολώνας,

31 824 375 902 σκορπίον,
403 825 456 892 ὅς
477 825 543 906 ῥά
567 848 654 902 μιν
681 815 806 883 οὖτα
831 823 922 882 καὶ
943 822 1126 882 ἔκτανε
1144 822 1335 881 πολλὸν
1357 823 1503 880 ἐόντα

31 913 393 992 τελειότερος
418 911 696 991 προφανείς
713 956 730 988 ,
761 911 873 969 ἐπεὶ
898 909 1142 992 Ἄρτεμιν
1170 909 1370 988 ἤκαχεν
1401 909 1584 980 αὐτήν.

29 997 314 1058 τοῦνεκα
342 999 404 1069 δὴ
433 998 525 1057 καί
554 1022 680 1078 φασι
707 997 978 1080 περαιόθεν
1005 998 1305 1078 ἐρχομένοιο

37 1085 367 1166 Σκορπίου
390 1085 624 1165 Ὠρίωνα
647 1085 769 1168 περὶ
795 1084 971 1164 χθονὸς
998 1084 1196 1164 ἔσχατα
1227 1086 1446 1166 φεύγειν.

33 1173 198 1230 οὐδὲ
232 1173 335 1248 μὲν
367 1173 704 1252 Ἀνδρομέδης
735 1173 825 1230 καὶ
857 1172 1051 1242 Κήτεος
1079 1171 1189 1230 ὅσσ’
1218 1172 1484 1232 ἐλέλειπτο

37 1261 261 1320 κείνου
279 1257 682 1327 ἐπαντέλλωτος
707 1259 975 1332 ἂπευθέες,
1002 1261 1116 1318 ἀλλ’
1136 1259 1238 1337 ἄρα
1259 1260 1349 1318 καὶ
1375 1261 1454 1318 τοὶ

39 1348 364 1427 πασσυδίῃ
389 1347 680 1429 φεύγουσιν·
704 1350 732 1404 δ
759 1345 815 1404 δὲ
838 1346 973 1424 ζώνῃ
995 1345 1112 1404 τότε
1141 1347 1346 1426 Κηφεὺς

43 1444 248 1512 γαῖαν
275 1433 502 1507 ἐπιξόει,
527 1433 595 1493 τὰ
621 1435 714 1511 μὲν
744 1437 794 1500 ἐς
819 1434 1050 1515 κεφαλὴν
1078 1435 1221 1510 μάλα
1249 1434 1422 1491 πάντα

47 1523 318 1598 βάπτων
348 1525 624 1595 ὠκεανοῖο,
646 1520 714 1581 τὰ
734 1521 779 1580 δ’
804 1523 862 1579 οὗ
883 1520 1024 1597 θέμις
1039 1565 1054 1592 ,
1078 1519 1216 1578 ἀλλὰ
1232 1519 1349 1598 τάγ’
1367 1519 1522 1578 αὐταὶ

43 1609 122 1668 Ἄ
135 1633 309 1690 pacm:
327 1609 614 1682 κωλύουσι,
634 1609 797 1675 πόδας
814 1609 904 1667 καὶ
924 1614 1080 1687 γοῦνα
1100 1608 1190 1667 καὶ
1207 1608 1332 1677 ἷξόν.

47 1702 90 1767 ᾗ
118 1695 194 1754 δὲ
221 1696 316 1755 καὶ
339 1696 470 1769 αὐτὴ
488 1695 672 1762 παιδὸς
691 1695 950 1774 ἐπείγεται
971 1693 1203 1753 εἰδώλοιο

51 1783 240 1854 δειλὴ
274 1783 604 1860 Κασσιέπεια
621 1806 635 1823 ·
657 1781 726 1842 τὰ
753 1782 797 1841 δ’
823 1781 997 1841 οὐκέτι
1024 1785 1072 1842 οἱ
1093 1781 1231 1841 κατὰ
1248 1782 1444 1860 κόσμον

55 1895 144 1951 φα
152 1871 338 1930 ίνεται
355 1873 416 1929 ἐκ
433 1869 631 1952 δίφροιο
644 1916 660 1946 ,
686 1869 838 1936 πόδες
856 1872 946 1929 καὶ
963 1869 1168 1947 γούναθ’
1191 1869 1426 1951 ὕπερθεν,

56 1959 208 2017 ἀλλ’
239 1958 330 2036 ἥγ’
358 1961 408 2025 ἐς
428 1955 660 2040 κεφαλὴν
685 1957 775 2028 ἴση
801 1957 936 2015 δύετ’
965 1961 1239 2038 ἀρνευτῆρι

59 2045 386 2124 μειρομένη
415 2045 666 2125 γονάτων,
692 2043 806 2103 ἐπεὶ
830 2047 922 2104 οὗκ
939 2043 1024 2126 ἄρ’
1043 2044 1259 2123 ἔμελλεν
1279 2047 1446 2116 ἐκείνη

60 2132 296 2213 Δωρίδι
315 2133 406 2192 καὶ
428 2131 658 2212 Πανόπη
689 2132 929 2209 μεγάλων
953 2132 1078 2214 ἄτερ
1104 2133 1417 2192 ἷσώσασθαι.

63 2225 100 2288 ἧ
139 2219 254 2294 μὲν
273 2218 361 2300 ἄρ’
379 2221 452 2289 εἰς
471 2219 651 2300 ἑτέρην
671 2219 909 2301 φέρεται·
932 2219 1001 2278 τὰ
1019 2221 1075 2279 δὲ
1097 2221 1288 2302 νειόθεν
1311 2219 1446 2277 ἄλλα

27 2325 36 2356 ⁸
63 2307 318 2385 οὐρανὸς
335 2306 627 2390 ἀναφέρει,
649 2304 934 2383 Στεφάνοιό
959 2329 1016 2366 τε
1038 2307 1254 2388 δεύτερα
1281 2309 1449 2365 κύκλα

63 2392 304 2474 ’Υδρης
328 2393 374 2454 τ’
396 2393 668 2476 ἕοχατιήν·
693 2393 865 2476 φορέει
883 2396 930 2451 τ’
953 2393 1042 2454 ἔπι
1067 2394 1380 2475 Κενταύροιο

67 2481 258 2557 σῶμά
285 2501 344 2540 τε
365 2481 455 2542 καὶ
475 2481 732 2564 κεφαλήν,
749 2481 841 2540 καὶ
857 2482 1055 2561 Θηρίον
1073 2480 1106 2539 8
1123 2481 1168 2562 ῥ’
1186 2481 1260 2540 ἐνὶ
1275 2480 1412 2559 χειρὶ

68 2567 334 2650 δεξιτερῇ
361 2567 652 2651 Κένταυρος
666 2567 800 2651 ἔχει.
823 2567 904 2627 τοὶ
923 2569 969 2627 δ’
992 2557 1108 2627 αὖθι
1131 2567 1369 2644 μένωσιν

69 2655 260 2723 Τόξον
284 2657 631 2738 ἐπερχόμενον
647 2655 890 2740 πρότεροι
916 2655 1069 2722 πόδες
1086 2658 1454 2736 ἱπποτόφηρος.

27 2753 43 2792 i
71 2741 254 2822 Τόξῳ
279 2741 371 2802 καὶ
390 2742 580 2826 σπείρη
605 2741 791 2825 Ὄφιος
815 2745 906 2802 καὶ
928 2746 1066 2819 σῶμ’
1083 2743 1370 2822 Ὀφιούχου

77 2829 340 2888 ἀντέλλει
358 2830 580 2891 ἐπιόντι·
599 2829 844 2914 καρήατα
862 2830 909 2888 δ’
929 2830 1080 2897 αὐτὸς
1108 2831 1276 2908 ἀγινεῖ

74 2916 362 2997 Σκορπίος
387 2916 668 2993 ἀντέλλων,
696 2918 881 2997 ἀνάγει
904 2916 1111 2985 δἀὖτὰς
1134 2918 1420 3000 Ὀφιούχου

77 3014 286 3083 χεῖρας
311 3004 400 3063 καὶ
426 3004 683 3088 προτέρην
712 3002 900 3086 Ὄφιος
930 3005 1237 3083 πολυτειρέα
1266 3008 1420 3083 ἅγήν.

171 3100 292 3157 Τοῦ
312 3121 367 3175 γε
387 3097 484 3175 μὲν
501 3096 813 3177 Ἐγγόνασιν
839 3098 974 3179 (περὶ
994 3099 1095 3181 γὰρ
1114 3099 1463 3181 τετραμμένος
1484 3104 1585 3158 αἰεὶ

27 3200 52 3240 ο
81 3184 358 3262 ἀντέλλει)
382 3184 502 3245 τότε
526 3183 619 3263 μὲν
643 3186 872 3268 περάτης
903 3186 1166 3267 ἐξέρχεται
1185 3186 1349 3257 ἄλλα,

79 3273 226 3347 γυῑά
253 3294 313 3330 τε
339 3272 428 3332 καὶ
455 3271 593 3345 ζώνη
621 3272 712 3331 καὶ
739 3271 931 3343 στήθεα
949 3274 1130 3331 ,πάντα
1155 3274 1246 3331 καὶ
1277 3264 1416 3351 ὦμος

81 3359 332 3439 δεξιτερῇ
358 3358 449 3417 σὺν
465 3358 632 3439 χειρί·
653 3357 790 3441 κάρη
810 3360 855 3418 δ’
873 3359 1048 3440 ἑτέρης
1068 3358 1204 3438 μετὰ
1219 3364 1389 3441 χειρὸς

81 3446 230 3526 τόξῳ
255 3446 564 3526 ἀνέρχονται
583 3444 674 3503 καὶ
696 3449 782 3505 To
798 3445 901 3512 ξότ
914 3468 946 3519 ῃ
970 3446 1283 3505 ἀντέλλοντι.

83 3534 194 3591 σὺν
223 3534 331 3599 τοῖς
357 3531 588 3613 Ἑρμαίη
616 3554 672 3591 τε
701 3531 852 3614 Λύρη
880 3532 970 3592 καὶ
999 3532 1210 3603 στήθεος
1243 3533 1393 3614 ἄχρις

28 3638 58 3676 s
87 3624 320 3699 Κηφεὺς
341 3616 486 3701 ἠῴου
503 3617 886 3698 παρελαύνεται
903 3620 1152 3679 ὠκεανοῶ
1166 3665 1184 3695 ‚

83 3698 231 3782 ἦμος
258 3707 352 3767 καὶ
379 3704 626 3785 μεγάλοιο
651 3706 820 3773 Κυνὸς
839 3716 1007 3765 πᾶσαι
1031 3708 1298 3785 ἀμαρυγαὶ

85 3794 355 3867 δόνουσιν,
371 3792 464 3855 καὶ
488 3792 664 3853 πάντα
693 3792 1005 3871 κατέρχεται
1026 3792 1272 3873 Ὠρίωνος
1287 3843 1303 3870 ,

87 3881 278 3941 πάντα
303 3902 367 3959 γε
388 3878 496 3961 μὴν
522 3878 776 3941 ἀτέλεστα
793 3880 1129 3959 διωκομένοιο
1151 3886 1390 3961 Λαγωοῢ.

89 3972 218 4027 ἀλλ’
241 3970 345 4048 οὔχ
363 3964 595 4050 Ἢνιόχφ
618 3964 834 4050 Ἔριφοι
856 3972 964 4030 οὐδ’
991 3970 1200 4042 Ὠλενίη
1229 3966 1324 4037 Αἲξ

27 4078 68 4118 ιο
89 4056 250 4123 εὐθὺς
277 4054 596 4138 ἀπέρχονται
611 4078 626 4093 ·
648 4052 718 4115 τὰ
736 4054 796 4116 δέ
810 4058 860 4117 οἱ
880 4057 1114 4133 μεγάλην
1135 4056 1232 4114 ἀνὰ
1252 4058 1401 4135 χεῖρα

90 4144 434 4219 λάμπονται,
451 4144 544 4202 καί
561 4144 612 4203 οἱ
635 4141 840 4219 μελέων
859 4142 1182 4225 διακέκριται
1201 4143 1372 4203 ἄλλων

89 4235 312 4301 κινῆσαι
336 4233 600 4310 χειμῶνας
612 4276 630 4303 ,
646 4226 726 4288 ὅτ’
745 4228 912 4313 ἠελίῳ
931 4230 1194 4290 συνίωσιν.

179 4316 344 4379 Ἀλλὰ
363 4316 431 4376 τὰ
450 4316 564 4395 μέν,
585 4316 823 4399 κεφαλήν
839 4339 898 4377 τε
915 4318 1004 4378 καὶ
1023 4316 1190 4388 ἄλλην
1216 4326 1370 4397 χεῖρα
1403 4318 1492 4375 καὶ
1527 4318 1654 4395 ἰξόν,

97 4413 146 4465 Α
165 4410 182 4465 i
198 4406 487 4486 γόκερως
512 4403 668 4463 ἀνιὼν
691 4402 910 4484 κατάγει
925 4428 939 4443 ·
968 4402 1035 4465 τὰ
1063 4405 1118 4465 δὲ
1146 4404 1323 4464 νείατα
1351 4406 1522 4464 πάντα

27 4514 76 4554 ⁸5
95 4496 247 4570 αὐτῷ
267 4490 552 4571 Τοξευῆρι
573 4490 906 4571 κατέρχεται.
934 4492 1054 4552 οὗδέ
1079 4516 1130 4551 τι
1163 4491 1423 4571 Περσεύς,
1493 4518 1502 4529 ·

97 4578 220 4637 οὐδέ
244 4602 294 4636 τι
324 4578 459 4659 ἄκρα
485 4576 725 4658 κόρυμὸα
757 4578 897 4655 μένει
919 4578 1244 4662 πολυτειρέος
1265 4579 1496 4657 Ἀργοῦς·

100 4666 226 4721 ἀλλ’
247 4663 364 4735 ἤτοι
389 4664 624 4744 Περσεὺς
643 4662 736 4740 μὲν
767 4663 892 4745 ἄτερ
919 4664 1095 4741 γουνός
1117 4689 1174 4723 τε
1193 4664 1348 4730 ποδός
1368 4688 1424 4722 τε

99 4750 362 4830 δεξιτεροῧ
390 4751 593 4827 δύεται,
612 4750 852 4829 πρύμνης
869 4754 914 4811 δ’
935 4752 1053 4812 ὅσον
1076 4757 1125 4819 ἐς
1143 4751 1415 4831 περιαγήν·

103 4838 242 4909 αὐτὴ
264 4839 310 4895 δ’
333 4840 618 4917 Αἷγοκερῆἳ
633 4837 942 4919 κατέρχεται
972 4840 1264 4898 ἅντέλλοντι
1280 4884 1295 4911 ,

28 4946 80 4987 εο
101 4919 239 5002 ἦμος
263 4924 355 4985 καὶ
377 4924 626 5006 Προκύων
647 4924 854 5004 δύεται,
874 4926 942 4986 τὰ
962 4930 1006 4985 δ’
1027 4928 1300 5007 ἀνέρχεται
1327 4926 1488 4999 ἄλλα,

103 5013 290 5093 Ὄρνις
311 5015 358 5071 τ’
383 5012 573 5086 Αἷητός
589 5036 646 5072 τε
658 5058 676 5087 ,
703 5015 771 5073 τά
791 5038 850 5073 τε
869 5017 1169 5096 πτερόεντος
1187 5014 1398 5075 ’Oia-tob*

105 5101 308 5183 τείρεα,
333 5099 422 5160 καὶ
451 5099 636 5159 νοτίοιο
661 5100 926 5182 Θυτηρίου
946 5099 1077 5184 ἱερὸς
1096 5099 1238 5182 (ὅρη.

1744 483 1878 532 i'ortis
1899 482 2048 532 orion
2065 481 2224 530 valida
2241 481 2457 530 caedebat
2474 481 2637 542 clava,

1743 570 2009 619 venationis
2024 569 2358 618 administrans
2389 569 2456 617 iiii
2472 568 2673 630 gratiam
2689 569 2966 630 OEnopioni.

1746 657 1832 706 liia
1861 659 2025 706 autem
2041 656 2085 706 ei
2101 657 2263 707 statim
2282 655 2479 704 immisit
2496 656 2642 705 ieram
2660 657 2802 704 aliam
2815 692 2829 716 ,

1743 743 1806 793 ab
1823 744 1978 793 insula
1997 744 2256 806 refringens
2272 743 2455 794 medios
2473 744 2716 806 utrimque
2742 744 2887 792 colles
2899 778 2913 802 ,

1638 847 1659 864 ⁸
1744 831 2021 894 Scorpium,
2044 830 2131 894 qui
2146 831 2343 894 quidem
2354 831 2511 894 ipsum
2531 831 2800 880 vulneravit
2817 833 2867 878 et
2883 829 3056 879 occidit
3071 830 3293 892 grandem
3310 803 3323 818 ⁸

1744 919 1899 982 major
1917 921 2189 983 praecellens
2202 956 2216 980 ,
2244 919 2472 982 quoniam
2490 919 2693 968 Dianam
2710 918 2833 968 laesit
2850 918 3017 980 ipsam.

1745 1010 1907 1065 Quare
1924 1009 2071 1058 etiam
2090 1007 2225 1056 aiunt
2241 1043 2255 1066 ‚
2284 1007 2345 1055 ab
2376 1007 2476 1055 imo
2493 1006 2715 1056 veniente

1747 1095 1963 1158 Scorpio,
1982 1095 2209 1146 Orionem
2230 1094 2292 1144 ad
2309 1099 2449 1144 terrae
2467 1096 2681 1144 extrema
2699 1095 2876 1156 fugere.

1749 1185 1919 1244 Neque
1936 1182 2255 1232 Andromedae
2278 1184 2328 1231 et
2352 1182 2455 1232 ceti
2474 1194 2793 1244 quaecumque
2810 1181 2977 1230 relicta
2996 1185 3111 1230 sunt
3128 1218 3142 1242 ,

1747 1283 1838 1320 nec
1856 1271 1915 1320 1ιί
1935 1269 2063 1320 iilius
2080 1269 2337 1319 exorientis
2352 1269 2531 1332 ignari;
2550 1269 2633 1318 sed
2654 1270 2797 1318 etiam
2817 1269 2866 1317 bi

1748 1357 1879 1405 omni
1904 1357 1953 1405 vi
1973 1369 2093 1406 eum
2112 1357 2313 1420 fugiunt.
2381 1357 2585 1418 cingulo
2605 1357 2720 1406 item
2741 1360 2862 1405 tunc
2878 1356 3097 1418 Cepheus

1745 1444 1926 1492 terram
1945 1443 2135 1492 adradit
2148 1481 2162 1506 ,
2182 1457 2291 1508 quae
2304 1444 2499 1506 quidem
2515 1443 2578 1494 ad
2603 1447 2748 1506 caput
2763 1447 2877 1494 sunt
2897 1444 3034 1506 piane
3050 1445 3213 1492 omnia

1745 1531 1933 1592 tingens
1952 1535 2147 1581 Oceano
2161 1568 2177 1592 ,
2197 1531 2280 1580 sed
2295 1531 2477 1594 reliqua
2494 1544 2591 1580 non
2608 1531 2721 1581 iicet
2744 1551 2756 1580 ι
2776 1544 2945 1580 verum
2959 1531 3067 1581 haec
3078 1531 3194 1594 ipsae

1745 1621 1882 1668 Ursae
1902 1618 2158 1680 probibent
2170 1653 2185 1678 ,
2204 1617 2348 1680 pedes
2365 1619 2415 1667 et
2435 1631 2591 1679 genua
2608 1621 2657 1668 et
2677 1618 2917 1667 lumbum.

1749 1705 1843 1756 Sed
1862 1709 1913 1756 et
1929 1705 2030 1768 ipsa
2052 1705 2166 1755 ffliae
2182 1706 2367 1768 assequi
2392 1705 2561 1755 nititur
2579 1705 2891 1755 simulacrum

1748 1793 1921 1842 misera
1940 1793 2239 1856 Cassiopeia3
2258 1806 2427 1843 verum
2454 1793 2581 1842 baud
2596 1793 2641 1842 ei
2654 1793 2825 1843 decore

1747 1881 1980 1942 apparent
1997 1893 2025 1928 e
2041 1880 2158 1929 seila
2180 1879 2325 1942 pedes
2337 1881 2386 1930 et
2403 1893 2560 1942 genua
2576 1880 2811 1944 desuper-3

1749 1966 1830 2017 sed
1853 1966 1959 2016 haec
1976 1967 2025 2016 in
2042 1971 2187 2030 caput
2199 1967 2365 2018 similis
2385 1967 2562 2016 occidit
2584 1967 2815 2018 urinatori
2828 2005 2844 2030 ,

1749 2055 1900 2104 divisa
1916 2069 1945 2104 a
1958 2056 2172 2117 genubus
2188 2073 2202 2116 ;
2230 2055 2466 2119 siquidem
2484 2068 2581 2106 non
2594 2057 2781 2118 poterat
2795 2056 2875 2104 ilia

1749 2142 1913 2193 Doridi
1932 2145 1981 2192 et
1998 2147 2204 2204 Panopoe
2228 2143 2409 2206 magnis
2430 2144 2533 2192 sine
2549 2144 2706 2192 malis
2725 2145 2945 2192 conferri.

1750 2231 1864 2278 Hoec
1876 2228 2070 2291 quidem
2095 2229 2147 2280 in
2168 2242 2395 2279 occasum
2410 2229 2591 2292 fertur3
2615 2230 2695 2278 sed
2714 2229 2794 2278 iila
2812 2231 2907 2278 aiia
2935 2231 2998 2280 ab
3016 2231 3114 2281 imo

1747 2315 1926 2364 coeium
1948 2317 2115 2364 contra
2134 2316 2293 2376 affert,
2314 2319 2613 2378 coronaeque
2636 2317 2871 2366 secundos
2892 2319 3031 2367 orbes

1749 2403 2023 2466 Hydraeque
2040 2407 2391 2455 extremitatem
2410 2442 2423 2466 ‚
2444 2407 2679 2468 offertque
2702 2405 2935 2455 Centauri

1748 2505 2017 2554 corpusque
2036 2493 2085 2540 et
2102 2493 2272 2554 caput,
2301 2495 2351 2542 et
2368 2493 2571 2542 Bestiam
2590 2532 2605 2555 ‚
2628 2506 2780 2557 quam
2804 2495 2853 2542 in
2872 2506 3019 2542 manu

1748 2578 1919 2628 dextra
1936 2581 2203 2628 centaurus
2219 2580 2365 2630 tenet.
2436 2581 2499 2630 At
2518 2580 2617 2630 iilic
2636 2581 2917 2642 exspectant

1749 2672 1926 2716 Arcum
1948 2665 2269 2716 suborientem
2287 2667 2469 2730 priores
2489 2667 2634 2730 pedes
2648 2667 2961 2728 inequitantis
2976 2667 3191 2729 gigantis.

1749 2755 1874 2802 Cum
1899 2757 2027 2801 Arcu
2050 2754 2195 2802 etiam
2225 2752 2352 2816 spira
2370 2753 2613 2817 serpentis
2628 2757 2679 2804 et
2703 2767 2879 2814 corpus
2896 2753 3179 2816 serpentarii

1748 2841 1903 2888 oritur
1924 2839 2239 2900 ascendente;
2263 2843 2416 2903 capita
2434 2843 2599 2891 autem
2614 2840 2717 2904 ipse
2732 2841 2880 2904 agitat

1750 2928 1977 2990 Scorpius
1993 2928 2214 2977 exoriens
2230 2965 2245 2991 ‚
2266 2928 2549 2991 reducitque
2564 2928 2694 2993 ipsas
2708 2930 3001 2991 serpentarii

1749 3028 1922 3064 manus
1936 3052 1951 3076 ‚
1978 3018 2125 3078 atque
2144 3017 2350 3079 priorem
2372 3016 2618 3079 Serpentis
2634 3017 2967 3067 constellatum
2991 3017 3273 3065 anfractum.

1813 3104 1965 3166 ipsius
1985 3105 2183 3167 quidem
2202 3105 2433 3167 Engonasi
2454 3106 2471 3167 (
2480 3103 2716 3169 siquidem
2731 3117 2994 3155 conversus
3008 3118 3196 3165 semper

1747 3192 1903 3241 oritur
1916 3194 1934 3253 )
1957 3193 2076 3243 tunc
2088 3194 2151 3243 ab
2168 3194 2264 3242 imo
2282 3192 2589 3255 egrediuntur
2600 3192 2696 3243 aiia
2710 3230 2726 3255 ,

1749 3280 2059 3342 membraque
2075 3285 2127 3331 et
2142 3281 2358 3343 cingulus
2374 3284 2424 3330 et
2440 3284 2635 3343 pectora
2650 3284 2753 3330 tota
2778 3283 2829 3330 et
2852 3279 3040 3329 humeri

1748 3366 1919 3416 dextra
1936 3380 2050 3417 cum
2070 3380 2221 3417 manu
2241 3387 2255 3418 ε
2275 3368 2362 3418 sed
2378 3371 2523 3432 caput
2543 3369 2694 3418 altera
2710 3382 2821 3418 cum
2841 3381 2987 3417 manu

1749 3454 1842 3503 sub
1857 3467 1977 3503 arcu
1994 3455 2260 3506 ascendunt
2284 3458 2334 3506 et
2352 3456 2604 3518 sagmario
2621 3456 2880 3506 exoriente.

1749 3543 1880 3592 Cum
1896 3541 2072 3603 quibus
2094 3540 2481 3603 Moecurialisque
2493 3542 2617 3603 Lyra
2638 3544 2687 3590 et
2707 3541 2769 3590 ad
2790 3544 2955 3603 pectus
2970 3554 3123 3603 usque

1748 3628 1968 3693 eminens
1982 3627 2047 3678 ab
2066 3628 2285 3688 orientali
2300 3630 2505 3691 agitatur
2529 3632 2721 3679 Oceano
2736 3666 2751 3691 ,

1748 3715 1945 3781 quando
1966 3716 2110 3766 etiam
2132 3718 2293 3779 magni
2312 3717 2455 3766 canis
2471 3730 2639 3766 omnes
2665 3715 2887 3766 scintiliae

1749 3803 1979 3853 occidunt
1995 3840 2010 3865 ‚
2024 3808 2075 3853 et
2086 3816 2255 3853 omnes
2270 3806 2429 3865 partes
2441 3802 2739 3853 descendunt
2759 3804 2975 3864 orionis;

1748 3904 1916 3940 omnes
1931 3890 2048 3940 item
2071 3890 2173 3940 sine
2196 3890 2290 3938 fine
2310 3890 2513 3953 impetiti
2537 3888 2749 3951 Leporis.

1748 3981 1812 4029 At
1835 3990 1932 4029 uon
1955 3977 2141 4038 Aurigae
2163 3976 2298 4025 Hoedi
2321 3989 2479 4038 neque
2504 3976 2671 4026 Olenia
2692 3978 2849 4038 Capra

1747 4063 1912 4113 statim
1930 4062 2167 4113 decedunt
2184 4100 2198 4120 ,
2218 4076 2328 4123 quae
2346 4064 2388 4111 ei
2408 4075 2625 4125 magnam
2647 4075 2733 4124 per
2751 4075 2953 4111 manum

1747 4150 1941 4212 lucent,
1960 4152 2113 4213 atque
2130 4150 2174 4200 ei
2196 4162 2227 4199 a
2258 4149 2485 4200 membris
2508 4149 2710 4199 discreta
2728 4151 2843 4199 sunt
2859 4150 2990 4209 aliis,

1746 4236 1810 4286 ad
1825 4236 2233 4287 commovendum
2255 4239 2587 4301 tempestates,
2614 4237 2809 4300 quando
2834 4250 2946 4285 cum
2970 4237 3069 4291 soie
3084 4241 3271 4287 coeant.

1809 4324 1903 4374 Sed
1918 4322 2025 4375 baec
2036 4324 2251 4389 quidem,
2266 4326 2566 4389 caputqueet
2580 4323 2779 4374 aiteram
2794 4337 2989 4373 manum
3003 4326 3109 4373 etin
3116 4325 3301 4386 mbum,

1749 4413 2068 4475 capricornus
2082 4412 2343 4463 ascendens
2356 4410 2577 4474 deducit,
2600 4411 2767 4461 infima
2787 4425 2901 4460 vero
2918 4414 3077 4462 omnia

1747 4498 1839 4549 sub
1867 4500 1970 4563 ipso
1981 4500 2233 4563 Sagittario
2252 4497 2501 4551 ocddunt.
2566 4502 2731 4561 Neque
2748 4498 2953 4560 amplius
2970 4502 3167 4548 Perseus

1747 4600 1904 4649 neque
1922 4600 2113 4638 summa
2130 4588 2286 4639 rostra
2310 4588 2511 4640 manunt
2528 4586 2735 4638 stellata)
2760 4590 2943 4649 Argon

1748 4674 1830 4723 sed
1851 4677 2052 4725 Perseus
2066 4674 2281 4739 quidem,
2299 4677 2477 4738 proeter
2494 4658 2721 4738 genuque
2740 4672 3008 4737 pedemque

1747 4761 1975 4811 dextrum
1990 4800 2005 4824 ,
2027 4762 2205 4812 occidit
2217 4797 2234 4823 ,
2269 4762 2571 4825 puppisvero
2589 4764 2824 4825 quantum
2844 4760 2905 4809 ad
2925 4760 3298 4820 circumactum3

1747 4848 1848 4909 ipsa
1873 4848 2081 4911 denique
2108 4852 2240 4911 Aryo
2260 4849 2353 4898 sub
2366 4848 2657 4911 capricorno
2672 4845 2918 4899 descendit
2938 4846 3146 4908 oriente,

1749 4935 1943 4997 quando
1959 4936 2103 4984 etiam
2124 4939 2343 4998 Procyon
2358 4934 2554 4986 occidit.
2570 4934 2669 4984 ,Sed
2686 4936 2908 4985 oriuntur
2929 4934 3021 4983 aila
3036 4970 3053 4997 ,

1750 5025 1965 5084 cygnus,
1986 5024 2251 5086 Aquiloque
2263 5060 2278 5082 ‚
2296 5025 2535 5085 alataeque
2554 5022 2745 5084 sagitta

1753 5113 1881 5160 nstra
1896 5146 1914 5173 ,
1935 5112 1987 5161 et
2006 5110 2233 5161 austrina
2250 5116 2359 5159 Arae
2375 5122 2513 5159 sacra
2532 5108 2683 5159 sedes.
