<?xml version="1.0" encoding="UTF-8"?>
<!DOCTYPE html PUBLIC "-//W3C//DTD XHTML 1.0 Transitional//EN"
    "http://www.w3.org/TR/xhtml1/DTD/xhtml1-transitional.dtd">
<html xmlns="http://www.w3.org/1999/xhtml" xml:lang="en" lang="en">
 <head>
  <title>
</title>
<meta http-equiv="Content-Type" content="text/html;charset=utf-8" />
  <meta name='ocr-system' content='tesseract 3.04.00' />
  <meta name='ocr-capabilities' content='ocr_page ocr_carea ocr_par ocr_line ocrx_word'/>
</head>
<body>
  <div class='ocr_page' id='page_1' title='image "./poetbucolicietd00ameigoog_0544.png"; bbox 0 0 3767 5825; ppageno 0'>
   <div class='ocr_carea' id='block_1_1' title="bbox 1575 730 2555 907">
    <p class='ocr_par' dir='ltr' id='par_1_1' title="bbox 1575 730 2555 907">
     <span class='ocr_line' id='line_1_1' title="bbox 1575 730 2555 907; baseline 0.004 -64"><span class='ocrx_word' id='word_1_1' title='bbox 1575 730 2555 907; x_wconf 65' lang='lat' dir='ltr'><strong>EPIMETRIJM.</strong></span> 
     </span>
    </p>
   </div>
   <div class='ocr_carea' id='block_1_2' title="bbox 1787 1164 2354 1203">
    <p class='ocr_par' dir='ltr' id='par_1_2' title="bbox 1787 1164 2354 1203">
     <span class='ocr_line' id='line_1_2' title="bbox 1787 1164 2354 1203; baseline 0 4622"><span class='ocrx_word' id='word_1_2' title='bbox 1787 1164 2354 1203; x_wconf 95' lang='lat' dir='ltr'><strong> </strong></span> 
     </span>
    </p>
   </div>
   <div class='ocr_carea' id='block_1_3' title="bbox 443 1553 2027 5274">
    <p class='ocr_par' dir='ltr' id='par_1_3' title="bbox 443 1553 2027 5274">
     <span class='ocr_line' id='line_1_3' title="bbox 536 1553 2027 1633; baseline 0 -21"><span class='ocrx_word' id='word_1_3' title='bbox 536 1555 670 1613; x_wconf 78' lang='lat' dir='ltr'><strong>Haec</strong></span> <span class='ocrx_word' id='word_1_4' title='bbox 700 1555 824 1632; x_wconf 87' lang='lat' dir='ltr'><strong>jam</strong></span> <span class='ocrx_word' id='word_1_5' title='bbox 868 1555 1084 1613; x_wconf 89' lang='lat' dir='ltr'><strong>dudum</strong></span> <span class='ocrx_word' id='word_1_6' title='bbox 1125 1556 1452 1633; x_wconf 88' lang='lat' dir='ltr'><strong>perscripta</strong></span> <span class='ocrx_word' id='word_1_7' title='bbox 1489 1568 1548 1613; x_wconf 90' lang='lat' dir='ltr'><strong>et</strong></span> <span class='ocrx_word' id='word_1_8' title='bbox 1590 1555 1787 1633; x_wconf 87' lang='lat' dir='ltr'><strong>operis</strong></span> <span class='ocrx_word' id='word_1_9' title='bbox 1815 1553 2027 1612; x_wconf 87' lang='lat' dir='ltr'><strong>tradita</strong></span> 
     </span>
     <span class='ocr_line' id='line_1_4' title="bbox 455 1650 2021 1726; baseline -0.002 -18"><span class='ocrx_word' id='word_1_10' title='bbox 455 1663 641 1721; x_wconf 86' lang='lat' dir='ltr'><strong>erant,</strong></span> <span class='ocrx_word' id='word_1_11' title='bbox 654 1670 832 1726; x_wconf 87' lang='lat' dir='ltr'><strong>quum</strong></span> <span class='ocrx_word' id='word_1_12' title='bbox 849 1650 1080 1707; x_wconf 88' lang='lat' dir='ltr'><strong>tandem</strong></span> <span class='ocrx_word' id='word_1_13' title='bbox 1101 1664 1303 1708; x_wconf 90' lang='lat' dir='ltr'><strong>nactus</strong></span> <span class='ocrx_word' id='word_1_14' title='bbox 1321 1670 1447 1709; x_wconf 90' lang='lat' dir='ltr'><strong>sum</strong></span> <span class='ocrx_word' id='word_1_15' title='bbox 1467 1653 1612 1706; x_wconf 76' lang='lat' dir='ltr'><strong>Juliz·</strong></span> <span class='ocrx_word' id='word_1_16' title='bbox 1627 1652 1879 1706; x_wconf 82' lang='lat' dir='ltr'><em>Materni</em></span> <span class='ocrx_word' id='word_1_17' title='bbox 1896 1653 2021 1706; x_wconf 83' lang='lat' dir='ltr'><strong>Fir-</strong></span> 
     </span>
     <span class='ocr_line' id='line_1_5' title="bbox 456 1744 2023 1823; baseline 0.002 -23"><span class='ocrx_word' id='word_1_18' title='bbox 456 1752 586 1802; x_wconf 82' lang='lat' dir='ltr'><strong>mici</strong></span> <span class='ocrx_word' id='word_1_19' title='bbox 611 1744 932 1803; x_wconf 85' lang='lat' dir='ltr'><strong>Matheseos</strong></span> <span class='ocrx_word' id='word_1_20' title='bbox 957 1744 1144 1803; x_wconf 84' lang='lat' dir='ltr'><strong>libros</strong></span> <span class='ocrx_word' id='word_1_21' title='bbox 1170 1744 1305 1803; x_wconf 84' lang='lat' dir='ltr'><strong>vul</strong></span> <span class='ocrx_word' id='word_1_22' title='bbox 1321 1788 1339 1817; x_wconf 91' lang='lat'><strong>,</strong></span> <span class='ocrx_word' id='word_1_23' title='bbox 1369 1764 1517 1823; x_wconf 90' lang='lat' dir='ltr'><strong>quos</strong></span> <span class='ocrx_word' id='word_1_24' title='bbox 1539 1748 1646 1803; x_wconf 88' lang='lat' dir='ltr'><strong>sub</strong></span> <span class='ocrx_word' id='word_1_25' title='bbox 1671 1745 2023 1823; x_wconf 82' lang='lat' dir='ltr'><strong>imperatore</strong></span> 
     </span>
     <span class='ocr_line' id='line_1_6' title="bbox 455 1840 2023 1922; baseline 0.001 -24"><span class='ocrx_word' id='word_1_26' title='bbox 455 1841 835 1900; x_wconf 89' lang='lat' dir='ltr'><strong>Constantino</strong></span> <span class='ocrx_word' id='word_1_27' title='bbox 851 1842 1209 1922; x_wconf 86' lang='lat' dir='ltr'><strong>conscriptos</strong></span> <span class='ocrx_word' id='word_1_28' title='bbox 1222 1860 1347 1901; x_wconf 88' lang='lat' dir='ltr'><strong>esse</strong></span> <span class='ocrx_word' id='word_1_29' title='bbox 1365 1854 1609 1900; x_wconf 88' lang='lat' dir='ltr'><strong>constat.</strong></span> <span class='ocrx_word' id='word_1_30' title='bbox 1630 1840 1742 1899; x_wconf 88' lang='lat' dir='ltr'><strong>Sed</strong></span> <span class='ocrx_word' id='word_1_31' title='bbox 1758 1843 2023 1919; x_wconf 83' lang='lat' dir='ltr'>operosis</span> 
     </span>
     <span class='ocr_line' id='line_1_7' title="bbox 453 1937 2023 2017; baseline 0 -21"><span class='ocrx_word' id='word_1_32' title='bbox 453 1938 656 2007; x_wconf 87' lang='lat' dir='ltr'><strong>Quinti</strong></span> <span class='ocrx_word' id='word_1_33' title='bbox 680 1938 889 1997; x_wconf 90' lang='lat' dir='ltr'><strong>edendi</strong></span> <span class='ocrx_word' id='word_1_34' title='bbox 908 1937 1209 1997; x_wconf 84' lang='lat' dir='ltr'><strong>laboribus</strong></span> <span class='ocrx_word' id='word_1_35' title='bbox 1223 1938 1436 1997; x_wconf 88' lang='lat' dir='ltr'><strong>obruto</strong></span> <span class='ocrx_word' id='word_1_36' title='bbox 1457 1938 1625 1996; x_wconf 87' lang='lat' dir='ltr'><strong>licuit</strong></span> <span class='ocrx_word' id='word_1_37' title='bbox 1641 1950 1864 1996; x_wconf 90' lang='lat' dir='ltr'><strong>tantum</strong></span> <span class='ocrx_word' id='word_1_38' title='bbox 1889 1959 2023 2017; x_wconf 91' lang='lat' dir='ltr'><strong>pro-</strong></span> 
     </span>
     <span class='ocr_line' id='line_1_8' title="bbox 454 2033 2023 2112; baseline 0 -21"><span class='ocrx_word' id='word_1_39' title='bbox 454 2046 692 2111; x_wconf 84' lang='lat' dir='ltr'><strong>perante</strong></span> <span class='ocrx_word' id='word_1_40' title='bbox 736 2034 908 2091; x_wconf 90' lang='lat' dir='ltr'><strong>oculo</strong></span> <span class='ocrx_word' id='word_1_41' title='bbox 952 2034 1102 2092; x_wconf 89' lang='lat' dir='ltr'><strong>vasti</strong></span> <span class='ocrx_word' id='word_1_42' title='bbox 1143 2034 1339 2111; x_wconf 88' lang='lat' dir='ltr'><strong>operis</strong></span> <span class='ocrx_word' id='word_1_43' title='bbox 1369 2047 1592 2112; x_wconf 90' lang='lat' dir='ltr'><strong>partem</strong></span> <span class='ocrx_word' id='word_1_44' title='bbox 1637 2033 1755 2091; x_wconf 89' lang='lat' dir='ltr'><strong>fere</strong></span> <span class='ocrx_word' id='word_1_45' title='bbox 1796 2034 2023 2091; x_wconf 85' lang='lat' dir='ltr'><strong>tertiam</strong></span> 
     </span>
     <span class='ocr_line' id='line_1_9' title="bbox 454 2128 2014 2207; baseline 0.001 -21"><span class='ocrx_word' id='word_1_46' title='bbox 454 2148 814 2206; x_wconf 89' lang='lat' dir='ltr'><strong>percurrere.</strong></span> <span class='ocrx_word' id='word_1_47' title='bbox 849 2129 1068 2187; x_wconf 87' lang='lat' dir='ltr'><strong>Tamen</strong></span> <span class='ocrx_word' id='word_1_48' title='bbox 1106 2148 1237 2207; x_wconf 84' lang='lat' dir='ltr'><strong>quae</strong></span> <span class='ocrx_word' id='word_1_49' title='bbox 1279 2130 1432 2187; x_wconf 88' lang='lat' dir='ltr'><strong>inter</strong></span> <span class='ocrx_word' id='word_1_50' title='bbox 1460 2148 1590 2187; x_wconf 91' lang='lat' dir='ltr'><strong>eum</strong></span> <span class='ocrx_word' id='word_1_51' title='bbox 1627 2141 1685 2187; x_wconf 90' lang='lat' dir='ltr'><strong>et</strong></span> <span class='ocrx_word' id='word_1_52' title='bbox 1720 2128 2014 2187; x_wconf 81' lang='lat' dir='ltr'><strong>Manetho-</strong></span> 
     </span>
     <span class='ocr_line' id='line_1_10' title="bbox 453 2223 2027 2305; baseline 0.001 -24"><span class='ocrx_word' id='word_1_53' title='bbox 453 2224 629 2305; x_wconf 81' lang='lat' dir='ltr'><strong>niana</strong></span> <span class='ocrx_word' id='word_1_54' title='bbox 650 2224 968 2282; x_wconf 84' lang='lat' dir='ltr'><strong>intercedat</strong></span> <span class='ocrx_word' id='word_1_55' title='bbox 991 2226 1164 2296; x_wconf 89' lang='lat' dir='ltr'><strong>ratio,</strong></span> <span class='ocrx_word' id='word_1_56' title='bbox 1189 2226 1388 2301; x_wconf 87' lang='lat' dir='ltr'><strong>paucis</strong></span> <span class='ocrx_word' id='word_1_57' title='bbox 1407 2224 1670 2282; x_wconf 87' lang='lat' dir='ltr'><strong>indicare</strong></span> <span class='ocrx_word' id='word_1_58' title='bbox 1683 2224 1838 2282; x_wconf 90' lang='lat' dir='ltr'><strong>licet.</strong></span> <span class='ocrx_word' id='word_1_59' title='bbox 1861 2223 1927 2281; x_wconf 94' lang='lat' dir='ltr'><strong>ld</strong></span> <span class='ocrx_word' id='word_1_60' title='bbox 1952 2244 2027 2283; x_wconf 80' lang='lat' dir='ltr'><strong>ex</strong></span> 
     </span>
     <span class='ocr_line' id='line_1_11' title="bbox 453 2319 2023 2399; baseline 0.001 -21"><span class='ocrx_word' id='word_1_61' title='bbox 453 2322 640 2398; x_wconf 86' lang='lat' dir='ltr'><strong>ipsius</strong></span> <span class='ocrx_word' id='word_1_62' title='bbox 664 2322 969 2399; x_wconf 87' lang='lat' dir='ltr'><strong>scriptoris</strong></span> <span class='ocrx_word' id='word_1_63' title='bbox 993 2319 1195 2379; x_wconf 85' lang='lat' dir='ltr'><strong>verbis</strong></span> <span class='ocrx_word' id='word_1_64' title='bbox 1224 2321 1517 2398; x_wconf 80' lang='lat' dir='ltr'><strong>explicare</strong></span> <span class='ocrx_word' id='word_1_65' title='bbox 1545 2340 1883 2399; x_wconf 87' lang='lat' dir='ltr'><strong>possumus,</strong></span> <span class='ocrx_word' id='word_1_66' title='bbox 1922 2321 2023 2399; x_wconf 89' lang='lat' dir='ltr'><strong>qui</strong></span> 
     </span>
     <span class='ocr_line' id='line_1_12' title="bbox 452 2412 2019 2495; baseline -0.001 -23"><span class='ocrx_word' id='word_1_67' title='bbox 452 2415 516 2472; x_wconf 89' lang='lat' dir='ltr'><strong>in</strong></span> <span class='ocrx_word' id='word_1_68' title='bbox 551 2416 890 2491; x_wconf 82' lang='lat' dir='ltr'><strong>praefatione</strong></span> <span class='ocrx_word' id='word_1_69' title='bbox 923 2414 1066 2473; x_wconf 89' lang='lat' dir='ltr'><strong>libri</strong></span> <span class='ocrx_word' id='word_1_70' title='bbox 1092 2412 1150 2472; x_wconf 92' lang='lat'><strong>11</strong></span> <span class='ocrx_word' id='word_1_71' title='bbox 1199 2435 1259 2491; x_wconf 83' lang='lat' dir='ltr'><strong>p.</strong></span> <span class='ocrx_word' id='word_1_72' title='bbox 1297 2415 1365 2471; x_wconf 86' lang='lat'><strong>15</strong></span> <span class='ocrx_word' id='word_1_73' title='bbox 1398 2414 1524 2495; x_wconf 88' lang='lat' dir='ltr'><strong>(ed.</strong></span> <span class='ocrx_word' id='word_1_74' title='bbox 1564 2414 1809 2491; x_wconf 79' lang='lat' dir='ltr'><strong>Hel-vag.</strong></span> <span class='ocrx_word' id='word_1_75' title='bbox 1843 2416 2019 2474; x_wconf 71' lang='lat' dir='ltr'><strong>basil.</strong></span> 
     </span>
     <span class='ocr_line' id='line_1_13' title="bbox 461 2510 2021 2591; baseline 0.001 -24"><span class='ocrx_word' id='word_1_76' title='bbox 461 2510 604 2568; x_wconf 79' lang='lat'>1551</span> <span class='ocrx_word' id='word_1_77' title='bbox 627 2512 678 2591; x_wconf 91' lang='lat'><strong>),</strong></span> <span class='ocrx_word' id='word_1_78' title='bbox 702 2526 1008 2591; x_wconf 69' lang='lat' dir='ltr'><strong>postquam</strong></span> <span class='ocrx_word' id='word_1_79' title='bbox 1043 2524 1253 2589; x_wconf 75' lang='lat' dir='ltr'><strong>praeter</strong></span> <span class='ocrx_word' id='word_1_80' title='bbox 1278 2510 1561 2569; x_wconf 86' lang='lat' dir='ltr'><strong>Caesarem</strong></span> <span class='ocrx_word' id='word_1_81' title='bbox 1604 2524 1662 2568; x_wconf 85' lang='lat' dir='ltr'><strong>et</strong></span> <span class='ocrx_word' id='word_1_82' title='bbox 1679 2511 2021 2570; x_wconf 87' lang='lat' dir='ltr'><strong>Ciceronem</strong></span> 
     </span>
     <span class='ocr_line' id='line_1_14' title="bbox 451 2606 2018 2684; baseline -0.001 -19"><span class='ocrx_word' id='word_1_83' title='bbox 451 2608 743 2665; x_wconf 88' lang='lat' dir='ltr'><strong>neminem</strong></span> <span class='ocrx_word' id='word_1_84' title='bbox 763 2607 1102 2665; x_wconf 86' lang='lat' dir='ltr'><strong>Latinorum</strong></span> <span class='ocrx_word' id='word_1_85' title='bbox 1128 2606 1199 2664; x_wconf 91' lang='lat' dir='ltr'><strong>de</strong></span> <span class='ocrx_word' id='word_1_86' title='bbox 1227 2606 1334 2664; x_wconf 88' lang='lat' dir='ltr'><strong>hac</strong></span> <span class='ocrx_word' id='word_1_87' title='bbox 1361 2619 1484 2663; x_wconf 86' lang='lat' dir='ltr'><strong>arte</strong></span> <span class='ocrx_word' id='word_1_88' title='bbox 1503 2607 1808 2684; x_wconf 83' lang='lat' dir='ltr'><strong>scripsisse</strong></span> <span class='ocrx_word' id='word_1_89' title='bbox 1836 2607 2018 2679; x_wconf 83' lang='lat' dir='ltr'><strong>dixit,</strong></span> 
     </span>
     <span class='ocr_line' id='line_1_15' title="bbox 451 2701 2024 2780; baseline -0.001 -19"><span class='ocrx_word' id='word_1_90' title='bbox 451 2704 534 2762; x_wconf 89' lang='lat' dir='ltr'><strong>ita</strong></span> <span class='ocrx_word' id='word_1_91' title='bbox 564 2703 761 2780; x_wconf 84' lang='lat' dir='ltr'><strong>pergit</strong></span> <span class='ocrx_word' id='word_1_92' title='bbox 797 2724 809 2759; x_wconf 90' lang='lat'>:</span> <span class='ocrx_word' id='word_1_93' title='bbox 849 2728 873 2753; x_wconf 73' lang='grc' dir='ltr'>α</span> <span class='ocrx_word' id='word_1_94' title='bbox 911 2701 1078 2760; x_wconf 90' lang='lat' dir='ltr'><strong>Unde</strong></span> <span class='ocrx_word' id='word_1_95' title='bbox 1119 2721 1225 2759; x_wconf 89' lang='lat' dir='ltr'><strong>nos</strong></span> <span class='ocrx_word' id='word_1_96' title='bbox 1261 2708 1477 2773; x_wconf 81' lang='lat' dir='ltr'><strong>omnia,</strong></span> <span class='ocrx_word' id='word_1_97' title='bbox 1508 2721 1638 2779; x_wconf 87' lang='lat' dir='ltr'><strong>quae</strong></span> <span class='ocrx_word' id='word_1_98' title='bbox 1668 2703 1740 2760; x_wconf 91' lang='lat' dir='ltr'><strong>de</strong></span> <span class='ocrx_word' id='word_1_99' title='bbox 1764 2702 1873 2760; x_wconf 88' lang='lat' dir='ltr'><strong>ista</strong></span> <span class='ocrx_word' id='word_1_100' title='bbox 1903 2716 2024 2760; x_wconf 86' lang='lat' dir='ltr'><strong>arte</strong></span> 
     </span>
     <span class='ocr_line' id='line_1_16' title="bbox 449 2796 2025 2877; baseline -0.001 -21"><span class='ocrx_word' id='word_1_101' title='bbox 449 2798 704 2877; x_wconf 81' lang='lat' dir='ltr'><strong>AEgyptii</strong></span> <span class='ocrx_word' id='word_1_102' title='bbox 739 2796 1166 2875; x_wconf 72' lang='lat' dir='ltr'><strong>babyloniique</strong></span> <span class='ocrx_word' id='word_1_103' title='bbox 1194 2797 1499 2871; x_wconf 82' lang='lat' dir='ltr'><strong>dixerunt,</strong></span> <span class='ocrx_word' id='word_1_104' title='bbox 1527 2796 1709 2854; x_wconf 91' lang='lat' dir='ltr'><strong>docili</strong></span> <span class='ocrx_word' id='word_1_105' title='bbox 1739 2798 2025 2855; x_wconf 88' lang='lat' dir='ltr'><strong>sermonis</strong></span> 
     </span>
     <span class='ocr_line' id='line_1_17' title="bbox 452 2891 2025 2970; baseline -0.001 -17"><span class='ocrx_word' id='word_1_106' title='bbox 452 2893 815 2953; x_wconf 87' lang='lat' dir='ltr'><strong>institutione</strong></span> <span class='ocrx_word' id='word_1_107' title='bbox 839 2892 1238 2951; x_wconf 80' lang='lat' dir='ltr'><strong>transtulimus</strong></span> <span class='ocrx_word' id='word_1_108' title='bbox 1254 2936 1271 2965; x_wconf 90' lang='lat'><strong>,</strong></span> <span class='ocrx_word' id='word_1_109' title='bbox 1294 2904 1359 2950; x_wconf 89' lang='lat' dir='ltr'><strong>ut</strong></span> <span class='ocrx_word' id='word_1_110' title='bbox 1382 2891 1425 2950; x_wconf 90' lang='lat' dir='ltr'><strong>ii</strong></span> <span class='ocrx_word' id='word_1_111' title='bbox 1456 2892 1557 2969; x_wconf 87' lang='lat' dir='ltr'><strong>qui</strong></span> <span class='ocrx_word' id='word_1_112' title='bbox 1582 2891 1654 2949; x_wconf 91' lang='lat' dir='ltr'><strong>ad</strong></span> <span class='ocrx_word' id='word_1_113' title='bbox 1681 2891 2025 2970; x_wconf 82' lang='lat' dir='ltr'><strong>explicanda</strong></span> 
     </span>
     <span class='ocr_line' id='line_1_18' title="bbox 452 2986 2020 3065; baseline -0.002 -18"><span class='ocrx_word' id='word_1_114' title='bbox 452 2989 753 3047; x_wconf 88' lang='lat' dir='ltr'><strong>hominum</strong></span> <span class='ocrx_word' id='word_1_115' title='bbox 804 2988 918 3046; x_wconf 84' lang='lat' dir='ltr'><strong>fata</strong></span> <span class='ocrx_word' id='word_1_116' title='bbox 970 2988 1319 3059; x_wconf 82' lang='lat' dir='ltr'><strong>formantur,</strong></span> <span class='ocrx_word' id='word_1_117' title='bbox 1370 2987 1720 3065; x_wconf 88' lang='lat' dir='ltr'><strong>pedetentim</strong></span> <span class='ocrx_word' id='word_1_118' title='bbox 1771 2986 2020 3060; x_wconf 91' lang='lat' dir='ltr'><strong>imbuti,</strong></span> 
     </span>
     <span class='ocr_line' id='line_1_19' title="bbox 451 3081 2023 3159; baseline -0.002 -16"><span class='ocrx_word' id='word_1_119' title='bbox 451 3104 680 3144; x_wconf 89' lang='lat' dir='ltr'><strong>omnem</strong></span> <span class='ocrx_word' id='word_1_120' title='bbox 694 3083 1020 3143; x_wconf 79' lang='lat' dir='ltr'><strong>divinitatis</strong></span> <span class='ocrx_word' id='word_1_121' title='bbox 1030 3082 1331 3141; x_wconf 86' lang='lat' dir='ltr'><strong>scientiam</strong></span> <span class='ocrx_word' id='word_1_122' title='bbox 1348 3094 1790 3159; x_wconf 85' lang='lat' dir='ltr'><strong>consequantur.</strong></span> <span class='ocrx_word' id='word_1_123' title='bbox 1808 3108 1833 3134; x_wconf 74' lang='lat' dir='ltr'><strong>a·</strong></span> <span class='ocrx_word' id='word_1_124' title='bbox 1847 3081 2023 3140; x_wconf 83' lang='lat' dir='ltr'><strong>Fron-</strong></span> 
     </span>
     <span class='ocr_line' id='line_1_20' title="bbox 452 3176 2024 3257; baseline -0.001 -21"><span class='ocrx_word' id='word_1_125' title='bbox 452 3193 643 3238; x_wconf 90' lang='lat' dir='ltr'><strong>tonem</strong></span> <span class='ocrx_word' id='word_1_126' title='bbox 668 3180 824 3237; x_wconf 88' lang='lat' dir='ltr'><strong>enim</strong></span> <span class='ocrx_word' id='word_1_127' title='bbox 859 3205 884 3231; x_wconf 72' lang='grc' dir='ltr'>α</span> <span class='ocrx_word' id='word_1_128' title='bbox 920 3193 1181 3237; x_wconf 86' lang='lat' dir='ltr'><strong>nostrum</strong></span> <span class='ocrx_word' id='word_1_129' title='bbox 1215 3205 1241 3230; x_wconf 66' lang='grc' dir='ltr'><strong><em>ι</em></strong></span> <span class='ocrx_word' id='word_1_130' title='bbox 1279 3176 1599 3257; x_wconf 77' lang='lat' dir='ltr'><strong>Hipparchi</strong></span> <span class='ocrx_word' id='word_1_131' title='bbox 1627 3190 1888 3234; x_wconf 89' lang='lat' dir='ltr'><strong>secutum</strong></span> <span class='ocrx_word' id='word_1_132' title='bbox 1914 3179 2024 3235; x_wconf 79' lang='lat' dir='ltr'><strong>An-</strong></span> 
     </span>
     <span class='ocr_line' id='line_1_21' title="bbox 452 3275 2018 3356; baseline -0.002 -21"><span class='ocrx_word' id='word_1_133' title='bbox 452 3278 620 3335; x_wconf 87' lang='lat' dir='ltr'><strong>tiscia</strong></span> <span class='ocrx_word' id='word_1_134' title='bbox 667 3278 750 3334; x_wconf 87' lang='lat' dir='ltr'><strong>ita</strong></span> <span class='ocrx_word' id='word_1_135' title='bbox 785 3277 1274 3356; x_wconf 84' lang='lat' dir='ltr'><strong>Apotelesmatum</strong></span> <span class='ocrx_word' id='word_1_136' title='bbox 1321 3275 1633 3333; x_wconf 88' lang='lat' dir='ltr'><strong>sententias</strong></span> <span class='ocrx_word' id='word_1_137' title='bbox 1659 3275 1977 3352; x_wconf 88' lang='lat' dir='ltr'><strong>protulisse</strong></span> <span class='ocrx_word' id='word_1_138' title='bbox 2002 3319 2018 3347; x_wconf 99' lang='lat'><strong>,</strong></span> 
     </span>
     <span class='ocr_line' id='line_1_22' title="bbox 452 3369 2021 3450; baseline 0 -20"><span class='ocrx_word' id='word_1_139' title='bbox 452 3386 738 3450; x_wconf 80' lang='lat' dir='ltr'><strong>tamquam</strong></span> <span class='ocrx_word' id='word_1_140' title='bbox 767 3391 896 3429; x_wconf 88' lang='lat' dir='ltr'><strong>cum</strong></span> <span class='ocrx_word' id='word_1_141' title='bbox 917 3370 1191 3450; x_wconf 82' lang='lat' dir='ltr'><strong>perfectis</strong></span> <span class='ocrx_word' id='word_1_142' title='bbox 1212 3369 1412 3449; x_wconf 87' lang='lat' dir='ltr'><strong>jamet</strong></span> <span class='ocrx_word' id='word_1_143' title='bbox 1434 3370 1639 3448; x_wconf 90' lang='lat' dir='ltr'><strong>peritis</strong></span> <span class='ocrx_word' id='word_1_144' title='bbox 1663 3370 2021 3446; x_wconf 89' lang='lat' dir='ltr'><strong>loqueretur.</strong></span> 
     </span>
     <span class='ocr_line' id='line_1_23' title="bbox 455 3467 2022 3539; baseline -0.001 -13"><span class='ocrx_word' id='word_1_145' title='bbox 455 3468 598 3527; x_wconf 85' lang='lat' dir='ltr'><strong>Eum</strong></span> <span class='ocrx_word' id='word_1_146' title='bbox 614 3473 943 3526; x_wconf 57' lang='lat' dir='ltr'><strong>Frontonem</strong></span> <span class='ocrx_word' id='word_1_147' title='bbox 961 3489 1076 3526; x_wconf 90' lang='lat' dir='ltr'><strong>non</strong></span> <span class='ocrx_word' id='word_1_148' title='bbox 1099 3471 1391 3526; x_wconf 80' lang='lat' dir='ltr'><strong>Cir-tanum</strong></span> <span class='ocrx_word' id='word_1_149' title='bbox 1412 3487 1560 3539; x_wconf 91' lang='lat' dir='ltr'><strong>esse,</strong></span> <span class='ocrx_word' id='word_1_150' title='bbox 1577 3467 2022 3526; x_wconf 88' lang='lat' dir='ltr'><strong>celeberrimum</strong></span> 
     </span>
     <span class='ocr_line' id='line_1_24' title="bbox 451 3563 2023 3642; baseline 0 -21"><span class='ocrx_word' id='word_1_151' title='bbox 451 3565 632 3623; x_wconf 86' lang='lat' dir='ltr'><strong>Marci</strong></span> <span class='ocrx_word' id='word_1_152' title='bbox 645 3565 869 3623; x_wconf 85' lang='lat' dir='ltr'><strong>Aurelii</strong></span> <span class='ocrx_word' id='word_1_153' title='bbox 882 3576 1316 3642; x_wconf 66' lang='lat' dir='ltr'><strong>praeceptorem,</strong></span> <span class='ocrx_word' id='word_1_154' title='bbox 1333 3563 1434 3620; x_wconf 88' lang='lat' dir='ltr'><strong>sed</strong></span> <span class='ocrx_word' id='word_1_155' title='bbox 1444 3567 1494 3618; x_wconf 89' lang='lat' dir='ltr'><em>E</em></span> <span class='ocrx_word' id='word_1_156' title='bbox 1496 3584 1797 3631; x_wconf 79' lang='lat' dir='ltr'><strong>mesanum,</strong></span> <span class='ocrx_word' id='word_1_157' title='bbox 1821 3563 1923 3640; x_wconf 91' lang='lat' dir='ltr'><strong>qui</strong></span> <span class='ocrx_word' id='word_1_158' title='bbox 1939 3583 2023 3621; x_wconf 89' lang='lat' dir='ltr'><strong>re-</strong></span> 
     </span>
     <span class='ocr_line' id='line_1_25' title="bbox 451 3657 2013 3738; baseline -0.001 -20"><span class='ocrx_word' id='word_1_159' title='bbox 451 3674 662 3738; x_wconf 86' lang='lat' dir='ltr'><strong>gnante</strong></span> <span class='ocrx_word' id='word_1_160' title='bbox 674 3659 1004 3718; x_wconf 78' lang='lat' dir='ltr'><strong>Alexandro</strong></span> <span class='ocrx_word' id='word_1_161' title='bbox 1023 3658 1239 3716; x_wconf 89' lang='lat' dir='ltr'><strong>Severo</strong></span> <span class='ocrx_word' id='word_1_162' title='bbox 1255 3657 1474 3728; x_wconf 89' lang='lat' dir='ltr'><strong>floruit,</strong></span> <span class='ocrx_word' id='word_1_163' title='bbox 1503 3670 1566 3716; x_wconf 91' lang='lat' dir='ltr'><strong>ut</strong></span> <span class='ocrx_word' id='word_1_164' title='bbox 1577 3658 1897 3716; x_wconf 83' lang='lat' dir='ltr'><strong>verisimile</strong></span> <span class='ocrx_word' id='word_1_165' title='bbox 1911 3673 2013 3731; x_wconf 91' lang='lat' dir='ltr'><strong>est,</strong></span> 
     </span>
     <span class='ocr_line' id='line_1_26' title="bbox 449 3754 2015 3836; baseline -0.003 -19"><span class='ocrx_word' id='word_1_166' title='bbox 449 3760 533 3817; x_wconf 88' lang='lat' dir='ltr'><strong>ita</strong></span> <span class='ocrx_word' id='word_1_167' title='bbox 555 3757 778 3836; x_wconf 90' lang='lat' dir='ltr'><strong>aliquid</strong></span> <span class='ocrx_word' id='word_1_168' title='bbox 799 3756 1076 3832; x_wconf 87' lang='lat' dir='ltr'><strong>ponderis</strong></span> <span class='ocrx_word' id='word_1_169' title='bbox 1103 3755 1265 3813; x_wconf 86' lang='lat' dir='ltr'><strong>addit</strong></span> <span class='ocrx_word' id='word_1_170' title='bbox 1292 3768 1502 3812; x_wconf 81' lang='lat' dir='ltr'><strong>nostrae</strong></span> <span class='ocrx_word' id='word_1_171' title='bbox 1522 3756 1594 3813; x_wconf 92' lang='lat' dir='ltr'><strong>de</strong></span> <span class='ocrx_word' id='word_1_172' title='bbox 1625 3754 1913 3814; x_wconf 88' lang='lat' dir='ltr'><strong>librorum</strong></span> <span class='ocrx_word' id='word_1_173' title='bbox 1937 3755 2015 3828; x_wconf 93' lang='lat'><strong>11,</strong></span> 
     </span>
     <span class='ocr_line' id='line_1_27' title="bbox 451 3851 2022 3928; baseline -0.002 -17"><span class='ocrx_word' id='word_1_174' title='bbox 451 3852 537 3912; x_wconf 85' lang='lat' dir='ltr'><strong>Ill</strong></span> <span class='ocrx_word' id='word_1_175' title='bbox 551 3866 609 3911; x_wconf 89' lang='lat' dir='ltr'><strong>et</strong></span> <span class='ocrx_word' id='word_1_176' title='bbox 628 3851 703 3909; x_wconf 91' lang='lat' dir='ltr'><strong>vl</strong></span> <span class='ocrx_word' id='word_1_177' title='bbox 725 3851 1302 3909; x_wconf 87' lang='lat' dir='ltr'><strong>Manethonianorum</strong></span> <span class='ocrx_word' id='word_1_178' title='bbox 1325 3851 1579 3909; x_wconf 87' lang='lat' dir='ltr'><strong>auctoris</strong></span> <span class='ocrx_word' id='word_1_179' title='bbox 1600 3863 1857 3928; x_wconf 89' lang='lat' dir='ltr'><strong>tempore</strong></span> <span class='ocrx_word' id='word_1_180' title='bbox 1882 3872 2022 3908; x_wconf 88' lang='lat' dir='ltr'><strong>con·</strong></span> 
     </span>
     <span class='ocr_line' id='line_1_28' title="bbox 443 3947 2022 4028; baseline -0.003 -20"><span class='ocrx_word' id='word_1_181' title='bbox 443 3951 705 4028; x_wconf 86' lang='lat' dir='ltr'><strong>jecturae.</strong></span> <span class='ocrx_word' id='word_1_182' title='bbox 729 3949 872 4008; x_wconf 91' lang='lat' dir='ltr'><strong>Cum</strong></span> <span class='ocrx_word' id='word_1_183' title='bbox 895 3948 988 4007; x_wconf 87' lang='lat' dir='ltr'><strong>his</strong></span> <span class='ocrx_word' id='word_1_184' title='bbox 1015 3948 1148 4020; x_wconf 66' lang='lat' dir='ltr'><strong>cfr„</strong></span> <span class='ocrx_word' id='word_1_185' title='bbox 1167 3967 1297 4026; x_wconf 78' lang='lat' dir='ltr'><strong>quae</strong></span> <span class='ocrx_word' id='word_1_186' title='bbox 1320 3948 1471 4005; x_wconf 89' lang='lat' dir='ltr'><strong>idem</strong></span> <span class='ocrx_word' id='word_1_187' title='bbox 1497 3949 1558 4005; x_wconf 91' lang='lat' dir='ltr'><strong>in</strong></span> <span class='ocrx_word' id='word_1_188' title='bbox 1578 3948 1745 4026; x_wconf 85' lang='lat' dir='ltr'><strong>praef.</strong></span> <span class='ocrx_word' id='word_1_189' title='bbox 1769 3947 1908 4006; x_wconf 91' lang='lat' dir='ltr'><strong>libri</strong></span> <span class='ocrx_word' id='word_1_190' title='bbox 1930 3947 2022 4021; x_wconf 91' lang='lat' dir='ltr'><strong>lV,</strong></span> 
     </span>
     <span class='ocr_line' id='line_1_29' title="bbox 447 4043 2016 4127; baseline -0.004 -19"><span class='ocrx_word' id='word_1_191' title='bbox 447 4069 508 4127; x_wconf 87' lang='lat' dir='ltr'><strong>p.</strong></span> <span class='ocrx_word' id='word_1_192' title='bbox 526 4049 600 4118; x_wconf 78' lang='lat'><strong>84</strong></span> <span class='ocrx_word' id='word_1_193' title='bbox 616 4047 799 4106; x_wconf 79' lang='lat' dir='ltr'><strong>dixit:</strong></span> <span class='ocrx_word' id='word_1_194' title='bbox 826 4073 849 4098; x_wconf 75' lang='grc' dir='ltr'><strong>α</strong></span> <span class='ocrx_word' id='word_1_195' title='bbox 865 4045 1072 4104; x_wconf 87' lang='lat' dir='ltr'><strong>Omnia</strong></span> <span class='ocrx_word' id='word_1_196' title='bbox 1093 4047 1275 4119; x_wconf 88' lang='lat' dir='ltr'><strong>enim,</strong></span> <span class='ocrx_word' id='word_1_197' title='bbox 1301 4065 1431 4123; x_wconf 82' lang='lat' dir='ltr'><strong>quae</strong></span> <span class='ocrx_word' id='word_1_198' title='bbox 1454 4050 1773 4122; x_wconf 82' lang='lat' dir='ltr'><strong>AEsculapio</strong></span> <span class='ocrx_word' id='word_1_199' title='bbox 1787 4043 1846 4119; x_wconf 59' lang='grc' dir='ltr'><strong>ζ</strong></span> <span class='ocrx_word' id='word_1_200' title='bbox 1872 4045 1946 4125; x_wconf 86' lang='lat' dir='ltr'><strong>(i.</strong></span> <span class='ocrx_word' id='word_1_201' title='bbox 1965 4067 2016 4103; x_wconf 90' lang='lat' dir='ltr'><strong>e.</strong></span> 
     </span>
     <span class='ocr_line' id='line_1_30' title="bbox 449 4141 2021 4222; baseline -0.004 -18"><span class='ocrx_word' id='word_1_202' title='bbox 449 4147 798 4221; x_wconf 78' lang='lat' dir='ltr'><strong>Mercurius)</strong></span> <span class='ocrx_word' id='word_1_203' title='bbox 833 4144 1240 4222; x_wconf 67' lang='lat' dir='ltr'><strong>linichnusque</strong></span> <span class='ocrx_word' id='word_1_204' title='bbox 1263 4143 1661 4215; x_wconf 87' lang='lat' dir='ltr'><strong>tradiderunt,</strong></span> <span class='ocrx_word' id='word_1_205' title='bbox 1689 4162 1818 4219; x_wconf 87' lang='lat' dir='ltr'><strong>quae</strong></span> <span class='ocrx_word' id='word_1_206' title='bbox 1846 4141 1989 4199; x_wconf 88' lang='lat' dir='ltr'><strong>Peto</strong></span> <span class='ocrx_word' id='word_1_207' title='bbox 2008 4178 2021 4186; x_wconf 89' lang='lat'>-</span> 
     </span>
     <span class='ocr_line' id='line_1_31' title="bbox 449 4238 2018 4319; baseline -0.004 -19"><span class='ocrx_word' id='word_1_208' title='bbox 449 4242 602 4319; x_wconf 84' lang='lat' dir='ltr'><strong>syris</strong></span> <span class='ocrx_word' id='word_1_209' title='bbox 629 4240 946 4318; x_wconf 81' lang='lat' dir='ltr'><strong>explicavit</strong></span> <span class='ocrx_word' id='word_1_210' title='bbox 971 4251 1029 4297; x_wconf 91' lang='lat' dir='ltr'><strong>et</strong></span> <span class='ocrx_word' id='word_1_211' title='bbox 1053 4238 1312 4317; x_wconf 87' lang='lat' dir='ltr'><strong>Necepso</strong></span> <span class='ocrx_word' id='word_1_212' title='bbox 1330 4281 1346 4310; x_wconf 93' lang='lat'>‚</span> <span class='ocrx_word' id='word_1_213' title='bbox 1377 4258 1504 4315; x_wconf 81' lang='lat' dir='ltr'><strong>quae</strong></span> <span class='ocrx_word' id='word_1_214' title='bbox 1543 4238 1836 4296; x_wconf 79' lang='lat' dir='ltr'><strong>Abrabam</strong></span> <span class='ocrx_word' id='word_1_215' title='bbox 1855 4281 1871 4308; x_wconf 93' lang='lat'><strong>,</strong></span> <span class='ocrx_word' id='word_1_216' title='bbox 1912 4239 2018 4294; x_wconf 88' lang='lat' dir='ltr'><strong>Or-</strong></span> 
     </span>
     <span class='ocr_line' id='line_1_32' title="bbox 449 4334 2020 4417; baseline -0.001 -23"><span class='ocrx_word' id='word_1_217' title='bbox 449 4337 634 4417; x_wconf 89' lang='lat' dir='ltr'><strong>pheus</strong></span> <span class='ocrx_word' id='word_1_218' title='bbox 656 4350 712 4393; x_wconf 90' lang='lat' dir='ltr'><strong>et</strong></span> <span class='ocrx_word' id='word_1_219' title='bbox 739 4335 1104 4393; x_wconf 87' lang='lat' dir='ltr'><strong>Critodemus</strong></span> <span class='ocrx_word' id='word_1_220' title='bbox 1130 4334 1470 4404; x_wconf 89' lang='lat' dir='ltr'><strong>ediderunt,</strong></span> <span class='ocrx_word' id='word_1_221' title='bbox 1503 4335 1797 4411; x_wconf 88' lang='lat' dir='ltr'><strong>ceterique</strong></span> <span class='ocrx_word' id='word_1_222' title='bbox 1819 4353 2020 4392; x_wconf 89' lang='lat' dir='ltr'><strong>omnes</strong></span> 
     </span>
     <span class='ocr_line' id='line_1_33' title="bbox 448 4429 2019 4509; baseline -0.003 -20"><span class='ocrx_word' id='word_1_223' title='bbox 448 4432 628 4509; x_wconf 86' lang='lat' dir='ltr'><strong>hujus</strong></span> <span class='ocrx_word' id='word_1_224' title='bbox 669 4432 809 4489; x_wconf 89' lang='lat' dir='ltr'><strong>artis</strong></span> <span class='ocrx_word' id='word_1_225' title='bbox 850 4430 1115 4501; x_wconf 87' lang='lat' dir='ltr'><strong>antiscii,</strong></span> <span class='ocrx_word' id='word_1_226' title='bbox 1157 4430 1407 4507; x_wconf 87' lang='lat' dir='ltr'><strong>perlecta</strong></span> <span class='ocrx_word' id='word_1_227' title='bbox 1435 4429 1657 4506; x_wconf 90' lang='lat' dir='ltr'><strong>pariter</strong></span> <span class='ocrx_word' id='word_1_228' title='bbox 1694 4442 1865 4506; x_wconf 87' lang='lat' dir='ltr'><strong>atque</strong></span> <span class='ocrx_word' id='word_1_229' title='bbox 1894 4430 2019 4486; x_wconf 90' lang='lat' dir='ltr'><strong>col-</strong></span> 
     </span>
     <span class='ocr_line' id='line_1_34' title="bbox 451 4525 2022 4588; baseline -0.002 -1"><span class='ocrx_word' id='word_1_230' title='bbox 451 4531 598 4588; x_wconf 88' lang='lat' dir='ltr'><strong>lecta</strong></span> <span class='ocrx_word' id='word_1_231' title='bbox 648 4542 706 4587; x_wconf 91' lang='lat' dir='ltr'><strong>et</strong></span> <span class='ocrx_word' id='word_1_232' title='bbox 756 4526 1067 4586; x_wconf 87' lang='lat' dir='ltr'><strong>contrariis</strong></span> <span class='ocrx_word' id='word_1_233' title='bbox 1110 4527 1527 4585; x_wconf 87' lang='lat' dir='ltr'><strong>sententiarum</strong></span> <span class='ocrx_word' id='word_1_234' title='bbox 1583 4525 2022 4585; x_wconf 79' lang='lat' dir='ltr'><strong>diversitatibus</strong></span> 
     </span>
     <span class='ocr_line' id='line_1_35' title="bbox 453 4622 2020 4706; baseline -0.003 -21"><span class='ocrx_word' id='word_1_235' title='bbox 453 4641 782 4706; x_wconf 85' lang='lat' dir='ltr'><strong>comparata</strong></span> <span class='ocrx_word' id='word_1_236' title='bbox 809 4626 871 4684; x_wconf 89' lang='lat' dir='ltr'><strong>in</strong></span> <span class='ocrx_word' id='word_1_237' title='bbox 899 4625 992 4683; x_wconf 92' lang='lat' dir='ltr'><strong>his</strong></span> <span class='ocrx_word' id='word_1_238' title='bbox 1029 4624 1478 4702; x_wconf 82' lang='lat' dir='ltr'><strong>perscripsimus</strong></span> <span class='ocrx_word' id='word_1_239' title='bbox 1505 4622 1712 4696; x_wconf 80' lang='lat' dir='ltr'><strong>libris,</strong></span> <span class='ocrx_word' id='word_1_240' title='bbox 1758 4624 2020 4681; x_wconf 87' lang='lat' dir='ltr'><strong>divinam</strong></span> 
     </span>
     <span class='ocr_line' id='line_1_36' title="bbox 451 4717 2025 4780; baseline -0.003 -1"><span class='ocrx_word' id='word_1_241' title='bbox 451 4723 600 4780; x_wconf 90' lang='lat' dir='ltr'><strong>hanc</strong></span> <span class='ocrx_word' id='word_1_242' title='bbox 626 4721 924 4780; x_wconf 86' lang='lat' dir='ltr'><strong>scientiam</strong></span> <span class='ocrx_word' id='word_1_243' title='bbox 961 4719 1234 4778; x_wconf 79' lang='lat' dir='ltr'><strong>Romanis</strong></span> <span class='ocrx_word' id='word_1_244' title='bbox 1259 4717 1533 4777; x_wconf 91' lang='lat' dir='ltr'><strong>omnibus</strong></span> <span class='ocrx_word' id='word_1_245' title='bbox 1561 4719 1895 4776; x_wconf 88' lang='lat' dir='ltr'><strong>intimantes</strong></span> <span class='ocrx_word' id='word_1_246' title='bbox 1920 4739 1933 4774; x_wconf 89' lang='lat'>:</span> <span class='ocrx_word' id='word_1_247' title='bbox 1962 4730 2025 4775; x_wconf 91' lang='lat' dir='ltr'><strong>ut</strong></span> 
     </span>
     <span class='ocr_line' id='line_1_37' title="bbox 453 4812 2025 4894; baseline -0.003 -22"><span class='ocrx_word' id='word_1_248' title='bbox 453 4817 594 4889; x_wconf 87' lang='lat' dir='ltr'><strong>hoc,</strong></span> <span class='ocrx_word' id='word_1_249' title='bbox 641 4817 797 4894; x_wconf 89' lang='lat' dir='ltr'><strong>quod</strong></span> <span class='ocrx_word' id='word_1_250' title='bbox 843 4814 1194 4893; x_wconf 88' lang='lat' dir='ltr'><strong>quibusdam</strong></span> <span class='ocrx_word' id='word_1_251' title='bbox 1243 4813 1659 4873; x_wconf 85' lang='lat' dir='ltr'><strong>difficillimum</strong></span> <span class='ocrx_word' id='word_1_252' title='bbox 1718 4812 2025 4870; x_wconf 83' lang='lat' dir='ltr'><strong>videbatur</strong></span> 
     </span>
     <span class='ocr_line' id='line_1_38' title="bbox 453 4907 2021 4990; baseline -0.003 -21"><span class='ocrx_word' id='word_1_253' title='bbox 453 4925 694 4990; x_wconf 88' lang='lat' dir='ltr'><strong>propter</strong></span> <span class='ocrx_word' id='word_1_254' title='bbox 719 4911 910 4969; x_wconf 88' lang='lat' dir='ltr'><strong>Latini</strong></span> <span class='ocrx_word' id='word_1_255' title='bbox 947 4910 1236 4968; x_wconf 85' lang='lat' dir='ltr'><strong>sermonis</strong></span> <span class='ocrx_word' id='word_1_256' title='bbox 1275 4909 1601 4985; x_wconf 83' lang='lat' dir='ltr'><strong>angustias,</strong></span> <span class='ocrx_word' id='word_1_257' title='bbox 1633 4921 1862 4967; x_wconf 88' lang='lat' dir='ltr'><strong>ostensa</strong></span> <span class='ocrx_word' id='word_1_258' title='bbox 1894 4907 2021 4965; x_wconf 83' lang='lat' dir='ltr'><strong>Ro-</strong></span> 
     </span>
     <span class='ocr_line' id='line_1_39' title="bbox 457 5005 2023 5079; baseline -0.001 -15"><span class='ocrx_word' id='word_1_259' title='bbox 457 5009 611 5066; x_wconf 91' lang='lat' dir='ltr'><strong>mani</strong></span> <span class='ocrx_word' id='word_1_260' title='bbox 645 5009 930 5066; x_wconf 86' lang='lat' dir='ltr'><strong>sermonis</strong></span> <span class='ocrx_word' id='word_1_261' title='bbox 977 5007 1241 5079; x_wconf 89' lang='lat' dir='ltr'><strong>licentia,</strong></span> <span class='ocrx_word' id='word_1_262' title='bbox 1281 5007 1440 5065; x_wconf 87' lang='lat' dir='ltr'><strong>veris</strong></span> <span class='ocrx_word' id='word_1_263' title='bbox 1472 5023 1543 5064; x_wconf 75' lang='lat' dir='ltr'><strong>&#39;ac</strong></span> <span class='ocrx_word' id='word_1_264' title='bbox 1573 5005 1894 5064; x_wconf 88' lang='lat' dir='ltr'><strong>manifestis</strong></span> <span class='ocrx_word' id='word_1_265' title='bbox 1934 5005 2023 5063; x_wconf 87' lang='lat' dir='ltr'><strong>in·</strong></span> 
     </span>
     <span class='ocr_line' id='line_1_40' title="bbox 456 5097 2021 5181; baseline -0.003 -20"><span class='ocrx_word' id='word_1_266' title='bbox 456 5097 970 5181; x_wconf 85' lang='lat' dir='ltr'><strong>terpretationibus</strong></span> <span class='ocrx_word' id='word_1_267' title='bbox 991 5102 1367 5179; x_wconf 81' lang='lat' dir='ltr'><strong>explicarem.</strong></span> <span class='ocrx_word' id='word_1_268' title='bbox 1401 5129 1425 5153; x_wconf 71' lang='lat' dir='ltr'><strong>a</strong></span> <span class='ocrx_word' id='word_1_269' title='bbox 1449 5101 1594 5158; x_wconf 90' lang='lat' dir='ltr'><strong>Cum</strong></span> <span class='ocrx_word' id='word_1_270' title='bbox 1619 5100 1713 5159; x_wconf 90' lang='lat' dir='ltr'><strong>his</strong></span> <span class='ocrx_word' id='word_1_271' title='bbox 1737 5100 1844 5160; x_wconf 85' lang='lat' dir='ltr'><strong>cfr.</strong></span> <span class='ocrx_word' id='word_1_272' title='bbox 1877 5104 2021 5157; x_wconf 86' lang='lat' dir='ltr'><strong>Ma-</strong></span> 
     </span>
     <span class='ocr_line' id='line_1_41' title="bbox 457 5196 2021 5274; baseline 0.002 -22"><span class='ocrx_word' id='word_1_273' title='bbox 457 5199 610 5256; x_wconf 75' lang='lat' dir='ltr'><strong>neth.</strong></span> <span class='ocrx_word' id='word_1_274' title='bbox 641 5197 693 5269; x_wconf 93' lang='lat' dir='ltr'><strong>l,</strong></span> <span class='ocrx_word' id='word_1_275' title='bbox 725 5217 788 5254; x_wconf 91' lang='lat'><strong>11</strong></span> <span class='ocrx_word' id='word_1_276' title='bbox 822 5216 936 5274; x_wconf 60' lang='lat' dir='ltr'><strong>sq„</strong></span> <span class='ocrx_word' id='word_1_277' title='bbox 959 5196 1029 5269; x_wconf 86' lang='lat' dir='ltr'><strong>V,</strong></span> <span class='ocrx_word' id='word_1_278' title='bbox 1056 5217 1116 5269; x_wconf 71' lang='lat' dir='ltr'><strong>a,</strong></span> <span class='ocrx_word' id='word_1_279' title='bbox 1147 5205 1207 5269; x_wconf 79' lang='lat'><strong>4,</strong></span> <span class='ocrx_word' id='word_1_280' title='bbox 1251 5218 1341 5255; x_wconf 85' lang='lat'><strong>10.</strong></span> <span class='ocrx_word' id='word_1_281' title='bbox 1369 5196 1654 5254; x_wconf 84' lang='lat' dir='ltr'><strong>Praeterea</strong></span> <span class='ocrx_word' id='word_1_282' title='bbox 1680 5196 1812 5254; x_wconf 91' lang='lat' dir='ltr'><strong>aliis</strong></span> <span class='ocrx_word' id='word_1_283' title='bbox 1840 5196 2021 5274; x_wconf 75' lang='lat' dir='ltr'><strong>lociS,</strong></span> 
     </span>
    </p>
   </div>
   <div class='ocr_carea' id='block_1_4' title="bbox 2111 1553 3716 5172">
    <p class='ocr_par' dir='ltr' id='par_1_4' title="bbox 2113 1553 3716 4105">
     <span class='ocr_line' id='line_1_42' title="bbox 2118 1553 3716 1636; baseline 0.003 -24"><span class='ocrx_word' id='word_1_284' title='bbox 2118 1553 2295 1628; x_wconf 81' lang='lat' dir='ltr'><strong>utu,</strong></span> <span class='ocrx_word' id='word_1_285' title='bbox 2323 1576 2373 1616; x_wconf 93' lang='lat' dir='ltr'><strong>c.</strong></span> <span class='ocrx_word' id='word_1_286' title='bbox 2422 1557 2529 1629; x_wconf 77' lang='lat'><strong>32,</strong></span> <span class='ocrx_word' id='word_1_287' title='bbox 2572 1577 2636 1635; x_wconf 91' lang='lat' dir='ltr'><strong>p.</strong></span> <span class='ocrx_word' id='word_1_288' title='bbox 2682 1558 2787 1630; x_wconf 78' lang='lat'><strong>383</strong></span> <span class='ocrx_word' id='word_1_289' title='bbox 2820 1556 2984 1636; x_wconf 65' lang='lat' dir='ltr'><strong>prof·</strong></span> <span class='ocrx_word' id='word_1_290' title='bbox 3023 1556 3098 1615; x_wconf 83' lang='lat' dir='ltr'><strong>ad</strong></span> <span class='ocrx_word' id='word_1_291' title='bbox 3128 1555 3249 1629; x_wconf 91' lang='lat' dir='ltr'><strong>lll,</strong></span> <span class='ocrx_word' id='word_1_292' title='bbox 3286 1578 3353 1636; x_wconf 88' lang='lat' dir='ltr'><strong>p.</strong></span> <span class='ocrx_word' id='word_1_293' title='bbox 3394 1558 3473 1624; x_wconf 78' lang='lat'><strong>45</strong></span> <span class='ocrx_word' id='word_1_294' title='bbox 3511 1574 3653 1636; x_wconf 63' lang='grc' dir='ltr'><strong>ξφα</strong></span> <span class='ocrx_word' id='word_1_295' title='bbox 3715 1566 3716 1587; x_wconf 73' lang='lat'><em>³</em></span> 
     </span>
     <span class='ocr_line' id='line_1_43' title="bbox 2117 1650 3654 1728; baseline 0.001 -21"><span class='ocrx_word' id='word_1_296' title='bbox 2117 1650 2321 1710; x_wconf 89' lang='lat' dir='ltr'><strong>horum</strong></span> <span class='ocrx_word' id='word_1_297' title='bbox 2351 1664 2408 1709; x_wconf 88' lang='lat' dir='ltr'><strong>et</strong></span> <span class='ocrx_word' id='word_1_298' title='bbox 2434 1652 2685 1711; x_wconf 89' lang='lat' dir='ltr'><strong>aliorum</strong></span> <span class='ocrx_word' id='word_1_299' title='bbox 2708 1664 3029 1728; x_wconf 79' lang='lat' dir='ltr'><strong>auctorum,</strong></span> <span class='ocrx_word' id='word_1_300' title='bbox 3050 1664 3117 1710; x_wconf 90' lang='lat' dir='ltr'><strong>nt</strong></span> <span class='ocrx_word' id='word_1_301' title='bbox 3139 1654 3461 1721; x_wconf 70' lang='lat' dir='ltr'><strong>Pmlemoei,</strong></span> <span class='ocrx_word' id='word_1_302' title='bbox 3493 1661 3654 1709; x_wconf 72' lang='lat' dir='ltr'><strong>Antio-</strong></span> 
     </span>
     <span class='ocr_line' id='line_1_44' title="bbox 2114 1745 3655 1824; baseline 0.003 -22"><span class='ocrx_word' id='word_1_303' title='bbox 2114 1748 2227 1817; x_wconf 76' lang='lat' dir='ltr'><strong>chi,</strong></span> <span class='ocrx_word' id='word_1_304' title='bbox 2266 1750 2548 1819; x_wconf 76' lang='grc' dir='ltr'><strong>ΒονοεΙιεὶ,</strong></span> <span class='ocrx_word' id='word_1_305' title='bbox 2582 1747 2868 1808; x_wconf 89' lang='lat' dir='ltr'><strong>meminit.</strong></span> <span class='ocrx_word' id='word_1_306' title='bbox 2900 1745 3061 1807; x_wconf 73' lang='lat' dir='ltr'><strong>Inter</strong></span> <span class='ocrx_word' id='word_1_307' title='bbox 3094 1765 3245 1824; x_wconf 82' lang='lat' dir='ltr'><strong>quos</strong></span> <span class='ocrx_word' id='word_1_308' title='bbox 3272 1766 3467 1824; x_wconf 80' lang='lat' dir='ltr'><strong>quum</strong></span> <span class='ocrx_word' id='word_1_309' title='bbox 3496 1747 3655 1806; x_wconf 78' lang='lat' dir='ltr'><strong>Mane·</strong></span> 
     </span>
     <span class='ocr_line' id='line_1_45' title="bbox 2118 1844 3716 1923; baseline 0.001 -22"><span class='ocrx_word' id='word_1_310' title='bbox 2118 1844 2311 1904; x_wconf 89' lang='lat' dir='ltr'><strong>thonis</strong></span> <span class='ocrx_word' id='word_1_311' title='bbox 2340 1865 2636 1923; x_wconf 83' lang='lat' dir='ltr'><strong>nunquam</strong></span> <span class='ocrx_word' id='word_1_312' title='bbox 2662 1846 2881 1904; x_wconf 90' lang='lat' dir='ltr'><strong>mentio</strong></span> <span class='ocrx_word' id='word_1_313' title='bbox 2916 1846 3048 1919; x_wconf 71' lang='lat' dir='ltr'><strong>fiat,</strong></span> <span class='ocrx_word' id='word_1_314' title='bbox 3086 1844 3245 1904; x_wconf 74' lang='lat' dir='ltr'><strong>haud</strong></span> <span class='ocrx_word' id='word_1_315' title='bbox 3266 1845 3657 1923; x_wconf 73' lang='lat' dir='ltr'><strong>improbabilis</strong></span> <span class='ocrx_word' id='word_1_316' title='bbox 3715 1908 3716 1911; x_wconf 8' lang='grc' dir='ltr'><strong>Ἴ</strong></span> 
     </span>
     <span class='ocr_line' id='line_1_46' title="bbox 2116 1939 3657 2019; baseline 0.002 -23"><span class='ocrx_word' id='word_1_317' title='bbox 2116 1952 2203 1997; x_wconf 84' lang='lat' dir='ltr'><strong>est</strong></span> <span class='ocrx_word' id='word_1_318' title='bbox 2216 1941 2471 2019; x_wconf 85' lang='lat' dir='ltr'><strong>suspicio</strong></span> <span class='ocrx_word' id='word_1_319' title='bbox 2489 1952 2589 1998; x_wconf 91' lang='lat' dir='ltr'><strong>aut</strong></span> <span class='ocrx_word' id='word_1_320' title='bbox 2602 1940 2717 1999; x_wconf 89' lang='lat' dir='ltr'><strong>alio</strong></span> <span class='ocrx_word' id='word_1_321' title='bbox 2734 1953 2832 1998; x_wconf 84' lang='lat' dir='ltr'><strong>aut</strong></span> <span class='ocrx_word' id='word_1_322' title='bbox 2852 1939 3015 1999; x_wconf 86' lang='lat' dir='ltr'><strong>nullo</strong></span> <span class='ocrx_word' id='word_1_323' title='bbox 3030 1939 3274 1998; x_wconf 85' lang='lat' dir='ltr'><strong>nomine</strong></span> <span class='ocrx_word' id='word_1_324' title='bbox 3296 1940 3410 1998; x_wconf 83' lang='lat' dir='ltr'><strong>illa</strong></span> <span class='ocrx_word' id='word_1_325' title='bbox 3430 1944 3657 1999; x_wconf 72' lang='lat' dir='ltr'><strong>carmin</strong></span> 
     </span>
     <span class='ocr_line' id='line_1_47' title="bbox 2117 2033 3716 2114; baseline 0.001 -23"><span class='ocrx_word' id='word_1_326' title='bbox 2117 2034 2376 2091; x_wconf 81' lang='lat' dir='ltr'><strong>Materno</strong></span> <span class='ocrx_word' id='word_1_327' title='bbox 2403 2048 2540 2093; x_wconf 88' lang='lat' dir='ltr'><strong>nota</strong></span> <span class='ocrx_word' id='word_1_328' title='bbox 2567 2035 2763 2094; x_wconf 82' lang='lat' dir='ltr'><strong>fuisse.</strong></span> <span class='ocrx_word' id='word_1_329' title='bbox 2790 2034 2936 2093; x_wconf 93' lang='lat' dir='ltr'><strong>Eum</strong></span> <span class='ocrx_word' id='word_1_330' title='bbox 2972 2035 3130 2092; x_wconf 88' lang='lat' dir='ltr'><strong>enim</strong></span> <span class='ocrx_word' id='word_1_331' title='bbox 3168 2046 3272 2093; x_wconf 89' lang='lat' dir='ltr'><strong>aut</strong></span> <span class='ocrx_word' id='word_1_332' title='bbox 3296 2033 3399 2094; x_wconf 82' lang='lat' dir='ltr'><strong>his</strong></span> <span class='ocrx_word' id='word_1_333' title='bbox 3429 2036 3568 2114; x_wconf 85' lang='lat' dir='ltr'><strong>ipsis</strong></span> <span class='ocrx_word' id='word_1_334' title='bbox 3586 2049 3657 2093; x_wconf 80' lang='lat' dir='ltr'><strong>aut</strong></span> <span class='ocrx_word' id='word_1_335' title='bbox 3715 2038 3716 2093; x_wconf 71' lang='grc' dir='ltr'>ξ</span> 
     </span>
     <span class='ocr_line' id='line_1_48' title="bbox 2116 2129 3657 2208; baseline -0.001 -21"><span class='ocrx_word' id='word_1_336' title='bbox 2116 2129 2454 2202; x_wconf 87' lang='lat' dir='ltr'><strong>simillimis,</strong></span> <span class='ocrx_word' id='word_1_337' title='bbox 2480 2149 2611 2207; x_wconf 79' lang='lat' dir='ltr'><strong>quae</strong></span> <span class='ocrx_word' id='word_1_338' title='bbox 2634 2132 2957 2208; x_wconf 86' lang='lat' dir='ltr'><strong>perierunt,</strong></span> <span class='ocrx_word' id='word_1_339' title='bbox 2980 2148 3149 2188; x_wconf 86' lang='lat' dir='ltr'><strong>usum</strong></span> <span class='ocrx_word' id='word_1_340' title='bbox 3178 2148 3312 2190; x_wconf 60' lang='lat' dir='ltr'><strong>ase</strong></span> <span class='ocrx_word' id='word_1_341' title='bbox 3338 2130 3503 2189; x_wconf 85' lang='lat' dir='ltr'><strong>mira</strong></span> <span class='ocrx_word' id='word_1_342' title='bbox 3514 2130 3657 2188; x_wconf 69' lang='lat' dir='ltr'><strong>velia</strong></span> 
     </span>
     <span class='ocr_line' id='line_1_49' title="bbox 2116 2224 3716 2302; baseline 0.001 -21"><span class='ocrx_word' id='word_1_343' title='bbox 2116 2224 2439 2300; x_wconf 81' lang='lat' dir='ltr'><strong>argumenti</strong></span> <span class='ocrx_word' id='word_1_344' title='bbox 2460 2224 2850 2302; x_wconf 65' lang='lat' dir='ltr'><strong>aequabilitate</strong></span> <span class='ocrx_word' id='word_1_345' title='bbox 2873 2224 3185 2282; x_wconf 89' lang='lat' dir='ltr'><strong>multorum</strong></span> <span class='ocrx_word' id='word_1_346' title='bbox 3206 2224 3489 2284; x_wconf 83' lang='lat' dir='ltr'><strong>locorum</strong></span> <span class='ocrx_word' id='word_1_347' title='bbox 3514 2227 3658 2285; x_wconf 76' lang='lat' dir='ltr'><strong>simi·</strong></span> <span class='ocrx_word' id='word_1_348' title='bbox 3715 2250 3716 2273; x_wconf 60' lang='grc' dir='ltr'><strong>ι</strong></span> 
     </span>
     <span class='ocr_line' id='line_1_50' title="bbox 2117 2317 3716 2398; baseline 0.003 -22"><span class='ocrx_word' id='word_1_349' title='bbox 2117 2319 2302 2377; x_wconf 88' lang='lat' dir='ltr'><strong>litudo</strong></span> <span class='ocrx_word' id='word_1_350' title='bbox 2322 2319 2559 2378; x_wconf 85' lang='lat' dir='ltr'><strong>evincit.</strong></span> <span class='ocrx_word' id='word_1_351' title='bbox 2584 2317 2817 2376; x_wconf 83' lang='lat' dir='ltr'><strong>Firmici</strong></span> <span class='ocrx_word' id='word_1_352' title='bbox 2833 2318 3069 2396; x_wconf 88' lang='lat' dir='ltr'><strong>quidem</strong></span> <span class='ocrx_word' id='word_1_353' title='bbox 3083 2338 3258 2398; x_wconf 81' lang='lat' dir='ltr'><strong>opus,</strong></span> <span class='ocrx_word' id='word_1_354' title='bbox 3276 2321 3449 2398; x_wconf 82' lang='lat' dir='ltr'><strong>quod</strong></span> <span class='ocrx_word' id='word_1_355' title='bbox 3467 2321 3657 2380; x_wconf 69' lang='lat' dir='ltr'><strong>variam</strong></span> <span class='ocrx_word' id='word_1_356' title='bbox 3715 2326 3716 2379; x_wconf 79' lang='lat' dir='ltr'>J</span> 
     </span>
     <span class='ocr_line' id='line_1_51' title="bbox 2118 2402 3716 2493; baseline 0.003 -21"><span class='ocrx_word' id='word_1_357' title='bbox 2118 2415 2503 2493; x_wconf 89' lang='lat' dir='ltr'><strong>pristinorum</strong></span> <span class='ocrx_word' id='word_1_358' title='bbox 2559 2416 3003 2492; x_wconf 77' lang='lat' dir='ltr'><strong>Astrologorum</strong></span> <span class='ocrx_word' id='word_1_359' title='bbox 3045 2415 3382 2475; x_wconf 77' lang='lat' dir='ltr'><strong>doctrinam</strong></span> <span class='ocrx_word' id='word_1_360' title='bbox 3430 2418 3496 2477; x_wconf 86' lang='lat' dir='ltr'><strong>in</strong></span> <span class='ocrx_word' id='word_1_361' title='bbox 3546 2419 3661 2476; x_wconf 73' lang='lat' dir='ltr'><strong>anis</strong></span> <span class='ocrx_word' id='word_1_362' title='bbox 3715 2402 3716 2461; x_wconf 42' lang='grc' dir='ltr'><em>ἒ</em></span> 
     </span>
     <span class='ocr_line' id='line_1_52' title="bbox 2118 2511 3716 2591; baseline 0.001 -21"><span class='ocrx_word' id='word_1_363' title='bbox 2118 2514 2413 2591; x_wconf 87' lang='lat' dir='ltr'><strong>perpetuis</strong></span> <span class='ocrx_word' id='word_1_364' title='bbox 2437 2513 2741 2591; x_wconf 76' lang='lat' dir='ltr'><strong>praeceptis</strong></span> <span class='ocrx_word' id='word_1_365' title='bbox 2763 2511 3043 2569; x_wconf 78' lang='lat' dir='ltr'><strong>ordinatae</strong></span> <span class='ocrx_word' id='word_1_366' title='bbox 3054 2530 3272 2589; x_wconf 85' lang='lat' dir='ltr'><strong>corpus</strong></span> <span class='ocrx_word' id='word_1_367' title='bbox 3291 2512 3659 2589; x_wconf 50' lang='lat' dir='ltr'><strong>mdeginsane</strong></span> <span class='ocrx_word' id='word_1_368' title='bbox 3715 2544 3716 2587; x_wconf 59' lang='lat'><em>3</em></span> 
     </span>
     <span class='ocr_line' id='line_1_53' title="bbox 2118 2608 3661 2687; baseline 0 -23"><span class='ocrx_word' id='word_1_369' title='bbox 2118 2609 2298 2666; x_wconf 90' lang='lat' dir='ltr'><strong>multo</strong></span> <span class='ocrx_word' id='word_1_370' title='bbox 2312 2608 2483 2687; x_wconf 90' lang='lat' dir='ltr'><strong>plura</strong></span> <span class='ocrx_word' id='word_1_371' title='bbox 2501 2608 2903 2685; x_wconf 87' lang='lat' dir='ltr'><strong>complectitur</strong></span> <span class='ocrx_word' id='word_1_372' title='bbox 2930 2625 3105 2684; x_wconf 80' lang='lat' dir='ltr'><strong>quam</strong></span> <span class='ocrx_word' id='word_1_373' title='bbox 3134 2626 3268 2683; x_wconf 84' lang='lat' dir='ltr'><strong>quae</strong></span> <span class='ocrx_word' id='word_1_374' title='bbox 3292 2608 3359 2665; x_wconf 89' lang='lat' dir='ltr'><strong>in</strong></span> <span class='ocrx_word' id='word_1_375' title='bbox 3388 2608 3661 2666; x_wconf 70' lang='lat' dir='ltr'><strong>Manetho-</strong></span> 
     </span>
     <span class='ocr_line' id='line_1_54' title="bbox 2116 2700 3663 2779; baseline -0.002 -18"><span class='ocrx_word' id='word_1_376' title='bbox 2116 2703 2308 2761; x_wconf 84' lang='lat' dir='ltr'><strong>nianis</strong></span> <span class='ocrx_word' id='word_1_377' title='bbox 2332 2702 2633 2777; x_wconf 80' lang='lat' dir='ltr'><strong>leguntur3</strong></span> <span class='ocrx_word' id='word_1_378' title='bbox 2664 2701 2765 2760; x_wconf 84' lang='lat' dir='ltr'><strong>sed</strong></span> <span class='ocrx_word' id='word_1_379' title='bbox 2794 2700 2915 2759; x_wconf 74' lang='lat' dir='ltr'><strong>haec</strong></span> <span class='ocrx_word' id='word_1_380' title='bbox 2941 2701 3071 2778; x_wconf 81' lang='lat' dir='ltr'><strong>ipsa</strong></span> <span class='ocrx_word' id='word_1_381' title='bbox 3095 2712 3211 2758; x_wconf 70' lang='lat' dir='ltr'><strong>tam</strong></span> <span class='ocrx_word' id='word_1_382' title='bbox 3242 2701 3427 2778; x_wconf 86' lang='lat' dir='ltr'><strong>plene</strong></span> <span class='ocrx_word' id='word_1_383' title='bbox 3454 2703 3663 2779; x_wconf 68' lang='lat' dir='ltr'><strong>sapim·</strong></span> 
     </span>
     <span class='ocr_line' id='line_1_55' title="bbox 2115 2794 3716 2879; baseline -0.003 -21"><span class='ocrx_word' id='word_1_384' title='bbox 2115 2818 2229 2877; x_wconf 89' lang='lat' dir='ltr'><strong>que</strong></span> <span class='ocrx_word' id='word_1_385' title='bbox 2254 2798 2499 2879; x_wconf 89' lang='lat' dir='ltr'><strong>repetita</strong></span> <span class='ocrx_word' id='word_1_386' title='bbox 2514 2798 2791 2875; x_wconf 88' lang='lat' dir='ltr'><strong>continet,</strong></span> <span class='ocrx_word' id='word_1_387' title='bbox 2812 2810 2877 2856; x_wconf 90' lang='lat' dir='ltr'><strong>ut</strong></span> <span class='ocrx_word' id='word_1_388' title='bbox 2890 2816 3181 2875; x_wconf 88' lang='lat' dir='ltr'><strong>quamque</strong></span> <span class='ocrx_word' id='word_1_389' title='bbox 3202 2794 3664 2857; x_wconf 77' lang='lat' dir='ltr'><strong>Manethoniano-</strong></span> <span class='ocrx_word' id='word_1_390' title='bbox 3715 2814 3716 2825; x_wconf 59' lang='lat'>¹</span> 
     </span>
     <span class='ocr_line' id='line_1_56' title="bbox 2118 2892 3664 2975; baseline -0.002 -21"><span class='ocrx_word' id='word_1_391' title='bbox 2118 2917 2248 2955; x_wconf 90' lang='lat' dir='ltr'><strong>rum</strong></span> <span class='ocrx_word' id='word_1_392' title='bbox 2272 2895 2612 2956; x_wconf 84' lang='lat' dir='ltr'><strong>sententiam</strong></span> <span class='ocrx_word' id='word_1_393' title='bbox 2628 2894 2899 2975; x_wconf 86' lang='lat' dir='ltr'><strong>plurimis</strong></span> <span class='ocrx_word' id='word_1_394' title='bbox 2918 2893 3263 2972; x_wconf 86' lang='lat' dir='ltr'><strong>plerumque</strong></span> <span class='ocrx_word' id='word_1_395' title='bbox 3278 2892 3529 2954; x_wconf 81' lang='lat' dir='ltr'><strong>Firmici</strong></span> <span class='ocrx_word' id='word_1_396' title='bbox 3546 2895 3664 2952; x_wconf 76' lang='lat' dir='ltr'><strong>locis</strong></span> 
     </span>
     <span class='ocr_line' id='line_1_57' title="bbox 2116 2988 3665 3070; baseline -0.002 -21"><span class='ocrx_word' id='word_1_397' title='bbox 2116 2993 2347 3051; x_wconf 87' lang='lat' dir='ltr'><strong>firmare</strong></span> <span class='ocrx_word' id='word_1_398' title='bbox 2383 2992 2592 3070; x_wconf 80' lang='lat' dir='ltr'><strong>possis.</strong></span> <span class='ocrx_word' id='word_1_399' title='bbox 2614 2990 2836 3068; x_wconf 85' lang='lat' dir='ltr'><strong>ltaque,</strong></span> <span class='ocrx_word' id='word_1_400' title='bbox 2862 3009 2991 3067; x_wconf 78' lang='lat' dir='ltr'><strong>quae</strong></span> <span class='ocrx_word' id='word_1_401' title='bbox 3018 2988 3091 3047; x_wconf 89' lang='lat' dir='ltr'><strong>de</strong></span> <span class='ocrx_word' id='word_1_402' title='bbox 3126 2989 3373 3048; x_wconf 86' lang='lat' dir='ltr'><strong>illorum</strong></span> <span class='ocrx_word' id='word_1_403' title='bbox 3420 3003 3581 3050; x_wconf 68' lang='lat' dir='ltr'><strong>atate</strong></span> <span class='ocrx_word' id='word_1_404' title='bbox 3610 3009 3665 3046; x_wconf 63' lang='lat' dir='ltr'><strong>et</strong></span> 
     </span>
     <span class='ocr_line' id='line_1_58' title="bbox 2116 3085 3661 3165; baseline -0.001 -21"><span class='ocrx_word' id='word_1_405' title='bbox 2116 3091 2299 3157; x_wconf 83' lang='lat' dir='ltr'><strong>rebus,</strong></span> <span class='ocrx_word' id='word_1_406' title='bbox 2325 3107 2455 3165; x_wconf 79' lang='lat' dir='ltr'><strong>quae</strong></span> <span class='ocrx_word' id='word_1_407' title='bbox 2477 3087 2637 3145; x_wconf 84' lang='lat' dir='ltr'><strong>iniis</strong></span> <span class='ocrx_word' id='word_1_408' title='bbox 2655 3097 3201 3154; x_wconf 80' lang='lat' dir='ltr'><strong>commemorantur,</strong></span> <span class='ocrx_word' id='word_1_409' title='bbox 3228 3085 3661 3164; x_wconf 75' lang='lat' dir='ltr'><strong>disputavimus,</strong></span> 
     </span>
     <span class='ocr_line' id='line_1_59' title="bbox 2115 3181 3669 3260; baseline -0.001 -20"><span class='ocrx_word' id='word_1_410' title='bbox 2115 3201 2185 3240; x_wconf 89' lang='lat' dir='ltr'><strong>ea</strong></span> <span class='ocrx_word' id='word_1_411' title='bbox 2200 3201 2275 3241; x_wconf 84' lang='lat' dir='ltr'><strong>ex</strong></span> <span class='ocrx_word' id='word_1_412' title='bbox 2299 3181 2339 3239; x_wconf 86' lang='lat' dir='ltr'>F</span> <span class='ocrx_word' id='word_1_413' title='bbox 2341 3181 2532 3240; x_wconf 88' lang='lat' dir='ltr'><strong>irmici</strong></span> <span class='ocrx_word' id='word_1_414' title='bbox 2555 3181 2728 3241; x_wconf 87' lang='lat' dir='ltr'><strong>libris</strong></span> <span class='ocrx_word' id='word_1_415' title='bbox 2750 3193 2866 3238; x_wconf 89' lang='lat' dir='ltr'><strong>tam</strong></span> <span class='ocrx_word' id='word_1_416' title='bbox 2890 3181 3053 3257; x_wconf 78' lang='lat' dir='ltr'><strong>larga</strong></span> <span class='ocrx_word' id='word_1_417' title='bbox 3075 3181 3493 3260; x_wconf 80' lang='lat' dir='ltr'><strong>exemplorum</strong></span> <span class='ocrx_word' id='word_1_418' title='bbox 3526 3183 3669 3260; x_wconf 79' lang='lat' dir='ltr'><strong>copia</strong></span> 
     </span>
     <span class='ocr_line' id='line_1_60' title="bbox 2116 3278 3716 3362; baseline 0 -24"><span class='ocrx_word' id='word_1_419' title='bbox 2116 3278 2591 3359; x_wconf 86' lang='lat' dir='ltr'><strong>comprobantur,</strong></span> <span class='ocrx_word' id='word_1_420' title='bbox 2613 3291 2677 3336; x_wconf 89' lang='lat' dir='ltr'><strong>ut</strong></span> <span class='ocrx_word' id='word_1_421' title='bbox 2690 3279 2876 3355; x_wconf 87' lang='lat' dir='ltr'><strong>quiea</strong></span> <span class='ocrx_word' id='word_1_422' title='bbox 2898 3296 3253 3356; x_wconf 86' lang='lat' dir='ltr'><strong>componere</strong></span> <span class='ocrx_word' id='word_1_423' title='bbox 3265 3279 3453 3336; x_wconf 77' lang='lat' dir='ltr'><strong>vellet</strong></span> <span class='ocrx_word' id='word_1_424' title='bbox 3468 3279 3663 3345; x_wconf 66' lang='lat' dir='ltr'><strong>omnia,</strong></span> <span class='ocrx_word' id='word_1_425' title='bbox 3715 3353 3716 3362; x_wconf 9' lang='grc' dir='ltr'>ἵ</span> 
     </span>
     <span class='ocr_line' id='line_1_61' title="bbox 2113 3365 3716 3434; baseline -0.002 0"><span class='ocrx_word' id='word_1_426' title='bbox 2113 3376 2331 3434; x_wconf 90' lang='lat' dir='ltr'><strong>librum</strong></span> <span class='ocrx_word' id='word_1_427' title='bbox 2362 3373 2730 3433; x_wconf 85' lang='lat' dir='ltr'><strong>conscribere</strong></span> <span class='ocrx_word' id='word_1_428' title='bbox 2749 3373 2985 3431; x_wconf 85' lang='lat' dir='ltr'><strong>deberet</strong></span> <span class='ocrx_word' id='word_1_429' title='bbox 3006 3371 3231 3431; x_wconf 77' lang='lat' dir='ltr'><strong>ambitu</strong></span> <span class='ocrx_word' id='word_1_430' title='bbox 3250 3391 3367 3431; x_wconf 84' lang='lat' dir='ltr'><strong>suo</strong></span> <span class='ocrx_word' id='word_1_431' title='bbox 3394 3374 3665 3432; x_wconf 69' lang='lat' dir='ltr'><strong>ttaneffio-</strong></span> <span class='ocrx_word' id='word_1_432' title='bbox 3715 3365 3716 3368; x_wconf 26' lang='lat'>¹</span> 
     </span>
     <span class='ocr_line' id='line_1_62' title="bbox 2114 3469 3665 3549; baseline -0.003 -17"><span class='ocrx_word' id='word_1_433' title='bbox 2114 3475 2289 3532; x_wconf 86' lang='lat' dir='ltr'><strong>niana</strong></span> <span class='ocrx_word' id='word_1_434' title='bbox 2317 3475 2489 3548; x_wconf 84' lang='lat' dir='ltr'><strong>longe</strong></span> <span class='ocrx_word' id='word_1_435' title='bbox 2515 3482 2900 3549; x_wconf 85' lang='lat' dir='ltr'><strong>superantem.</strong></span> <span class='ocrx_word' id='word_1_436' title='bbox 2930 3469 3287 3528; x_wconf 80' lang='lat' dir='ltr'><strong>Nominatim</strong></span> <span class='ocrx_word' id='word_1_437' title='bbox 3306 3489 3665 3548; x_wconf 74' lang='lat' dir='ltr'><strong>quaecumque</strong></span> 
     </span>
     <span class='ocr_line' id='line_1_63' title="bbox 2114 3565 3667 3645; baseline -0.005 -16"><span class='ocrx_word' id='word_1_438' title='bbox 2114 3569 2187 3628; x_wconf 89' lang='lat' dir='ltr'><strong>de</strong></span> <span class='ocrx_word' id='word_1_439' title='bbox 2216 3569 2438 3629; x_wconf 87' lang='lat' dir='ltr'><strong>artibus</strong></span> <span class='ocrx_word' id='word_1_440' title='bbox 2452 3610 2469 3640; x_wconf 89' lang='lat'><strong>,</strong></span> <span class='ocrx_word' id='word_1_441' title='bbox 2496 3567 2665 3626; x_wconf 88' lang='lat' dir='ltr'><strong>noxis</strong></span> <span class='ocrx_word' id='word_1_442' title='bbox 2680 3611 2698 3640; x_wconf 90' lang='lat'><strong>,</strong></span> <span class='ocrx_word' id='word_1_443' title='bbox 2730 3565 2945 3645; x_wconf 85' lang='lat' dir='ltr'><strong>opibus</strong></span> <span class='ocrx_word' id='word_1_444' title='bbox 2959 3609 2976 3638; x_wconf 90' lang='lat'><strong>,</strong></span> <span class='ocrx_word' id='word_1_445' title='bbox 3008 3566 3233 3644; x_wconf 89' lang='lat' dir='ltr'><strong>nuptiis</strong></span> <span class='ocrx_word' id='word_1_446' title='bbox 3248 3609 3267 3636; x_wconf 95' lang='lat'><strong>,</strong></span> <span class='ocrx_word' id='word_1_447' title='bbox 3299 3565 3515 3624; x_wconf 80' lang='lat' dir='ltr'><strong>liberis</strong></span> <span class='ocrx_word' id='word_1_448' title='bbox 3538 3565 3667 3623; x_wconf 80' lang='lat' dir='ltr'><strong>side-</strong></span> 
     </span>
     <span class='ocr_line' id='line_1_64' title="bbox 2114 3659 3665 3733; baseline -0.005 -11"><span class='ocrx_word' id='word_1_449' title='bbox 2114 3685 2241 3722; x_wconf 89' lang='lat' dir='ltr'><strong>rum</strong></span> <span class='ocrx_word' id='word_1_450' title='bbox 2268 3662 2708 3722; x_wconf 87' lang='lat' dir='ltr'><strong>constellatione</strong></span> <span class='ocrx_word' id='word_1_451' title='bbox 2725 3660 2999 3720; x_wconf 81' lang='lat' dir='ltr'><strong>indicatis</strong></span> <span class='ocrx_word' id='word_1_452' title='bbox 3012 3659 3365 3733; x_wconf 80' lang='lat' dir='ltr'><strong>afferuntur,</strong></span> <span class='ocrx_word' id='word_1_453' title='bbox 3384 3661 3665 3720; x_wconf 68' lang='lat' dir='ltr'><strong>simillimo</strong></span> 
     </span>
     <span class='ocr_line' id='line_1_65' title="bbox 2115 3751 3665 3834; baseline -0.004 -16"><span class='ocrx_word' id='word_1_454' title='bbox 2115 3761 2287 3818; x_wconf 92' lang='lat' dir='ltr'><strong>modo</strong></span> <span class='ocrx_word' id='word_1_455' title='bbox 2314 3751 2371 3817; x_wconf 86' lang='lat' dir='ltr'><strong>et</strong></span> <span class='ocrx_word' id='word_1_456' title='bbox 2394 3759 2466 3816; x_wconf 89' lang='lat' dir='ltr'><strong>ad</strong></span> <span class='ocrx_word' id='word_1_457' title='bbox 2499 3776 2771 3816; x_wconf 80' lang='lat' dir='ltr'><strong>nauseam</strong></span> <span class='ocrx_word' id='word_1_458' title='bbox 2815 3775 2999 3834; x_wconf 88' lang='lat' dir='ltr'><strong>usque</strong></span> <span class='ocrx_word' id='word_1_459' title='bbox 3035 3769 3265 3813; x_wconf 82' lang='lat' dir='ltr'><strong>recocta</strong></span> <span class='ocrx_word' id='word_1_460' title='bbox 3284 3755 3447 3834; x_wconf 83' lang='lat' dir='ltr'><strong>apud</strong></span> <span class='ocrx_word' id='word_1_461' title='bbox 3472 3755 3665 3814; x_wconf 64' lang='lat' dir='ltr'><strong>Firmi·</strong></span> 
     </span>
     <span class='ocr_line' id='line_1_66' title="bbox 2115 3850 3667 3930; baseline -0.005 -16"><span class='ocrx_word' id='word_1_462' title='bbox 2115 3876 2245 3914; x_wconf 88' lang='lat' dir='ltr'><strong>cum</strong></span> <span class='ocrx_word' id='word_1_463' title='bbox 2268 3855 2563 3930; x_wconf 82' lang='lat' dir='ltr'><strong>leguntur,</strong></span> <span class='ocrx_word' id='word_1_464' title='bbox 2592 3852 2674 3911; x_wconf 82' lang='lat' dir='ltr'><strong>ita</strong></span> <span class='ocrx_word' id='word_1_465' title='bbox 2698 3865 2764 3910; x_wconf 87' lang='lat' dir='ltr'><strong>ut</strong></span> <span class='ocrx_word' id='word_1_466' title='bbox 2788 3851 2961 3909; x_wconf 81' lang='lat' dir='ltr'><strong>etiam</strong></span> <span class='ocrx_word' id='word_1_467' title='bbox 2996 3850 3137 3912; x_wconf 70' lang='lat' dir='ltr'><strong>indo</strong></span> <span class='ocrx_word' id='word_1_468' title='bbox 3162 3865 3477 3930; x_wconf 73' lang='lat' dir='ltr'><strong>appareat,</strong></span> <span class='ocrx_word' id='word_1_469' title='bbox 3504 3870 3667 3928; x_wconf 69' lang='lat' dir='ltr'><strong>quaa·</strong></span> 
     </span>
     <span class='ocr_line' id='line_1_67' title="bbox 2114 3945 3667 4029; baseline -0.004 -20"><span class='ocrx_word' id='word_1_470' title='bbox 2114 3964 2312 4029; x_wconf 89' lang='lat' dir='ltr'><strong>topere</strong></span> <span class='ocrx_word' id='word_1_471' title='bbox 2342 3953 2591 4008; x_wconf 72' lang='lat' dir='ltr'><strong>Maximi</strong></span> <span class='ocrx_word' id='word_1_472' title='bbox 2625 3947 2774 4006; x_wconf 90' lang='lat' dir='ltr'><strong>illud</strong></span> <span class='ocrx_word' id='word_1_473' title='bbox 2819 3947 3205 4022; x_wconf 73' lang='lat' dir='ltr'><strong>fragmentum</strong></span> <span class='ocrx_word' id='word_1_474' title='bbox 3254 3945 3336 4004; x_wconf 74' lang='lat' dir='ltr'><strong>ab</strong></span> <span class='ocrx_word' id='word_1_475' title='bbox 3362 3946 3477 4006; x_wconf 67' lang='lat' dir='ltr'><strong>hnc</strong></span> <span class='ocrx_word' id='word_1_476' title='bbox 3524 3959 3667 4004; x_wconf 69' lang='lat' dir='ltr'><strong>amc</strong></span> 
     </span>
     <span class='ocr_line' id='line_1_68' title="bbox 2113 4045 2490 4105; baseline -0.011 0"><span class='ocrx_word' id='word_1_477' title='bbox 2113 4046 2364 4105; x_wconf 83' lang='lat' dir='ltr'><strong>alienum</strong></span> <span class='ocrx_word' id='word_1_478' title='bbox 2394 4045 2490 4104; x_wconf 80' lang='lat' dir='ltr'><strong>sit.</strong></span> 
     </span>
    </p>

    <p class='ocr_par' dir='ltr' id='par_1_5' title="bbox 2111 4137 3671 5172">
     <span class='ocr_line' id='line_1_69' title="bbox 2193 4137 3667 4216; baseline -0.005 -16"><span class='ocrx_word' id='word_1_479' title='bbox 2193 4140 2351 4200; x_wconf 85' lang='lat' dir='ltr'><strong>Inter</strong></span> <span class='ocrx_word' id='word_1_480' title='bbox 2367 4153 2487 4198; x_wconf 65' lang='lat' dir='ltr'><strong>oeno</strong></span> <span class='ocrx_word' id='word_1_481' title='bbox 2508 4139 2714 4211; x_wconf 80' lang='lat' dir='ltr'><strong>libros,</strong></span> <span class='ocrx_word' id='word_1_482' title='bbox 2738 4157 2991 4216; x_wconf 90' lang='lat' dir='ltr'><strong>quorum</strong></span> <span class='ocrx_word' id='word_1_483' title='bbox 3010 4139 3239 4216; x_wconf 87' lang='lat' dir='ltr'><strong>primus</strong></span> <span class='ocrx_word' id='word_1_484' title='bbox 3260 4137 3553 4197; x_wconf 69' lang='lat' dir='ltr'><strong>doctrinae</strong></span> <span class='ocrx_word' id='word_1_485' title='bbox 3568 4155 3667 4193; x_wconf 69' lang='lat' dir='ltr'><strong>ma·</strong></span> 
     </span>
     <span class='ocr_line' id='line_1_70' title="bbox 2112 4233 3667 4295; baseline -0.003 -1"><span class='ocrx_word' id='word_1_486' title='bbox 2112 4235 2432 4295; x_wconf 82' lang='lat' dir='ltr'><strong>thematicae</strong></span> <span class='ocrx_word' id='word_1_487' title='bbox 2459 4247 2661 4294; x_wconf 83' lang='lat' dir='ltr'><strong>contra</strong></span> <span class='ocrx_word' id='word_1_488' title='bbox 2682 4234 3049 4293; x_wconf 85' lang='lat' dir='ltr'><strong>adversarios</strong></span> <span class='ocrx_word' id='word_1_489' title='bbox 3075 4233 3476 4292; x_wconf 79' lang='lat' dir='ltr'><strong>defensionem</strong></span> <span class='ocrx_word' id='word_1_490' title='bbox 3504 4235 3667 4290; x_wconf 73' lang='lat' dir='ltr'><strong>conn-</strong></span> 
     </span>
     <span class='ocr_line' id='line_1_71' title="bbox 2115 4327 3667 4407; baseline -0.003 -17"><span class='ocrx_word' id='word_1_491' title='bbox 2115 4345 2243 4404; x_wconf 88' lang='lat' dir='ltr'><strong>net,</strong></span> <span class='ocrx_word' id='word_1_492' title='bbox 2273 4350 2423 4390; x_wconf 90' lang='lat' dir='ltr'><strong>unus</strong></span> <span class='ocrx_word' id='word_1_493' title='bbox 2445 4343 2554 4402; x_wconf 86' lang='lat' dir='ltr'><strong>est,</strong></span> <span class='ocrx_word' id='word_1_494' title='bbox 2572 4336 2847 4407; x_wconf 77' lang='lat' dir='ltr'><strong>septimus,</strong></span> <span class='ocrx_word' id='word_1_495' title='bbox 2882 4329 2986 4406; x_wconf 86' lang='lat' dir='ltr'><strong>qui</strong></span> <span class='ocrx_word' id='word_1_496' title='bbox 3004 4345 3250 4406; x_wconf 76' lang='lat' dir='ltr'><strong>prorsus</strong></span> <span class='ocrx_word' id='word_1_497' title='bbox 3263 4329 3469 4386; x_wconf 82' lang='lat' dir='ltr'><strong>eodem</strong></span> <span class='ocrx_word' id='word_1_498' title='bbox 3490 4327 3667 4394; x_wconf 77' lang='lat' dir='ltr'><strong>modo,</strong></span> 
     </span>
     <span class='ocr_line' id='line_1_72' title="bbox 2111 4423 3665 4504; baseline -0.004 -19"><span class='ocrx_word' id='word_1_499' title='bbox 2111 4439 2283 4504; x_wconf 85' lang='lat' dir='ltr'><strong>atque</strong></span> <span class='ocrx_word' id='word_1_500' title='bbox 2308 4426 2662 4503; x_wconf 85' lang='lat' dir='ltr'><strong>antiquioris</strong></span> <span class='ocrx_word' id='word_1_501' title='bbox 2702 4424 2982 4484; x_wconf 82' lang='lat' dir='ltr'><strong>carminis</strong></span> <span class='ocrx_word' id='word_1_502' title='bbox 3018 4423 3460 4482; x_wconf 75' lang='lat' dir='ltr'><strong>Manethoniani</strong></span> <span class='ocrx_word' id='word_1_503' title='bbox 3496 4431 3665 4480; x_wconf 65' lang='lat' dir='ltr'><strong>ma</strong></span> 
     </span>
     <span class='ocr_line' id='line_1_73' title="bbox 2114 4517 3667 4601; baseline -0.003 -22"><span class='ocrx_word' id='word_1_504' title='bbox 2114 4521 2323 4601; x_wconf 86' lang='lat' dir='ltr'><strong>(hodie</strong></span> <span class='ocrx_word' id='word_1_505' title='bbox 2346 4522 2609 4580; x_wconf 88' lang='lat' dir='ltr'><strong>omnium</strong></span> <span class='ocrx_word' id='word_1_506' title='bbox 2622 4519 2865 4599; x_wconf 68' lang='lat' dir='ltr'><strong>sexais),</strong></span> <span class='ocrx_word' id='word_1_507' title='bbox 2892 4538 3009 4578; x_wconf 89' lang='lat' dir='ltr'><strong>non</strong></span> <span class='ocrx_word' id='word_1_508' title='bbox 3031 4538 3068 4576; x_wconf 84' lang='lat' dir='ltr'><strong>a</strong></span> <span class='ocrx_word' id='word_1_509' title='bbox 3088 4519 3354 4577; x_wconf 83' lang='lat' dir='ltr'><strong>siderum</strong></span> <span class='ocrx_word' id='word_1_510' title='bbox 3374 4517 3667 4576; x_wconf 71' lang='lat' dir='ltr'><strong>constella-</strong></span> 
     </span>
     <span class='ocr_line' id='line_1_74' title="bbox 2112 4609 3667 4676; baseline -0.004 -3"><span class='ocrx_word' id='word_1_511' title='bbox 2112 4618 2270 4675; x_wconf 90' lang='lat' dir='ltr'><strong>tione</strong></span> <span class='ocrx_word' id='word_1_512' title='bbox 2297 4618 2370 4676; x_wconf 89' lang='lat' dir='ltr'><strong>ad</strong></span> <span class='ocrx_word' id='word_1_513' title='bbox 2396 4617 2701 4676; x_wconf 88' lang='lat' dir='ltr'><strong>hominum</strong></span> <span class='ocrx_word' id='word_1_514' title='bbox 2740 4616 2857 4674; x_wconf 86' lang='lat' dir='ltr'><strong>fata</strong></span> <span class='ocrx_word' id='word_1_515' title='bbox 2886 4615 2990 4674; x_wconf 84' lang='lat' dir='ltr'><strong>sed</strong></span> <span class='ocrx_word' id='word_1_516' title='bbox 3010 4613 3087 4672; x_wconf 91' lang='lat' dir='ltr'><strong>ab</strong></span> <span class='ocrx_word' id='word_1_517' title='bbox 3115 4612 3423 4671; x_wconf 83' lang='lat' dir='ltr'><strong>hominum</strong></span> <span class='ocrx_word' id='word_1_518' title='bbox 3454 4613 3589 4670; x_wconf 72' lang='lat' dir='ltr'><strong>fatis</strong></span> <span class='ocrx_word' id='word_1_519' title='bbox 3612 4609 3667 4666; x_wconf 74' lang='lat' dir='ltr'><strong>ad</strong></span> 
     </span>
     <span class='ocr_line' id='line_1_75' title="bbox 2112 4705 3669 4786; baseline -0.005 -15"><span class='ocrx_word' id='word_1_520' title='bbox 2112 4713 2369 4771; x_wconf 89' lang='lat' dir='ltr'><strong>siderum</strong></span> <span class='ocrx_word' id='word_1_521' title='bbox 2396 4713 2892 4772; x_wconf 81' lang='lat' dir='ltr'><strong>constellationem</strong></span> <span class='ocrx_word' id='word_1_522' title='bbox 2920 4709 3153 4768; x_wconf 75' lang='lat' dir='ltr'><strong>transit.</strong></span> <span class='ocrx_word' id='word_1_523' title='bbox 3185 4707 3581 4786; x_wconf 83' lang='lat' dir='ltr'><strong>Exponuntm·</strong></span> <span class='ocrx_word' id='word_1_524' title='bbox 3600 4705 3669 4762; x_wconf 78' lang='lat' dir='ltr'><strong>ihi</strong></span> 
     </span>
     <span class='ocr_line' id='line_1_76' title="bbox 2115 4793 3669 4888; baseline -0.005 -20"><span class='ocrx_word' id='word_1_525' title='bbox 2115 4793 2209 4886; x_wconf 85' lang='lat' dir='ltr'><strong>(ut</strong></span> <span class='ocrx_word' id='word_1_526' title='bbox 2222 4821 2443 4888; x_wconf 85' lang='lat' dir='ltr'><strong>partem</strong></span> <span class='ocrx_word' id='word_1_527' title='bbox 2458 4805 2722 4886; x_wconf 80' lang='lat' dir='ltr'><strong>afferam)</strong></span> <span class='ocrx_word' id='word_1_528' title='bbox 2736 4806 3011 4884; x_wconf 85' lang='lat' dir='ltr'><strong>deinceps</strong></span> <span class='ocrx_word' id='word_1_529' title='bbox 3028 4805 3431 4883; x_wconf 67' lang='lat' dir='ltr'><strong>expositorum</strong></span> <span class='ocrx_word' id='word_1_530' title='bbox 3450 4804 3551 4862; x_wconf 73' lang='lat' dir='ltr'><strong>vel</strong></span> <span class='ocrx_word' id='word_1_531' title='bbox 3572 4818 3669 4858; x_wconf 76' lang='lat' dir='ltr'><strong>nnn</strong></span> 
     </span>
     <span class='ocr_line' id='line_1_77' title="bbox 2113 4898 3671 4980; baseline -0.006 -20"><span class='ocrx_word' id='word_1_532' title='bbox 2113 4905 2465 4962; x_wconf 89' lang='lat' dir='ltr'><strong>nutritorum</strong></span> <span class='ocrx_word' id='word_1_533' title='bbox 2484 4947 2501 4979; x_wconf 90' lang='lat'><strong>,</strong></span> <span class='ocrx_word' id='word_1_534' title='bbox 2524 4902 2889 4980; x_wconf 83' lang='lat' dir='ltr'><strong>geminorum</strong></span> <span class='ocrx_word' id='word_1_535' title='bbox 2902 4943 2921 4973; x_wconf 90' lang='lat'><strong>,</strong></span> <span class='ocrx_word' id='word_1_536' title='bbox 2951 4917 3263 4960; x_wconf 75' lang='lat' dir='ltr'><strong>servorum</strong></span> <span class='ocrx_word' id='word_1_537' title='bbox 3288 4916 3391 4956; x_wconf 81' lang='lat' dir='ltr'><strong>seu</strong></span> <span class='ocrx_word' id='word_1_538' title='bbox 3416 4898 3671 4974; x_wconf 63' lang='lat' dir='ltr'><strong>‹aptis-0·</strong></span> 
     </span>
     <span class='ocr_line' id='line_1_78' title="bbox 2114 4997 3667 5072; baseline -0.006 -16"><span class='ocrx_word' id='word_1_539' title='bbox 2114 5019 2243 5057; x_wconf 88' lang='lat' dir='ltr'><strong>rum</strong></span> <span class='ocrx_word' id='word_1_540' title='bbox 2261 5042 2278 5071; x_wconf 91' lang='lat'><strong>,</strong></span> <span class='ocrx_word' id='word_1_541' title='bbox 2306 4999 2713 5058; x_wconf 89' lang='lat' dir='ltr'><strong>libertinorum</strong></span> <span class='ocrx_word' id='word_1_542' title='bbox 2728 5010 2788 5056; x_wconf 89' lang='lat' dir='ltr'><strong>et</strong></span> <span class='ocrx_word' id='word_1_543' title='bbox 2806 4997 3135 5056; x_wconf 88' lang='lat' dir='ltr'><strong>liberorum</strong></span> <span class='ocrx_word' id='word_1_544' title='bbox 3149 5038 3169 5072; x_wconf 90' lang='lat'><strong>,</strong></span> <span class='ocrx_word' id='word_1_545' title='bbox 3190 5007 3667 5058; x_wconf 63' lang='lat' dir='ltr'><strong>mcum-osorum.</strong></span> 
     </span>
     <span class='ocr_line' id='line_1_79' title="bbox 2112 5089 3671 5172; baseline -0.005 -19"><span class='ocrx_word' id='word_1_546' title='bbox 2112 5094 2509 5153; x_wconf 89' lang='lat' dir='ltr'><strong>eunuchorum</strong></span> <span class='ocrx_word' id='word_1_547' title='bbox 2551 5108 2609 5153; x_wconf 88' lang='lat' dir='ltr'><strong>et</strong></span> <span class='ocrx_word' id='word_1_548' title='bbox 2634 5093 3301 5172; x_wconf 65' lang='lat' dir='ltr'><strong>hermaphroditorum‚⁴</strong></span> <span class='ocrx_word' id='word_1_549' title='bbox 3316 5089 3607 5148; x_wconf 66' lang='lat' dir='ltr'><strong>orborum</strong></span> <span class='ocrx_word' id='word_1_550' title='bbox 3628 5101 3671 5144; x_wconf 77' lang='lat' dir='ltr'><strong>ct</strong></span> 
     </span>
    </p>
   </div>
   <div class='ocr_carea' id='block_1_5' title="bbox 2114 5188 3669 5271">
    <p class='ocr_par' dir='ltr' id='par_1_6' title="bbox 2114 5188 3669 5271">
     <span class='ocr_line' id='line_1_80' title="bbox 2114 5188 3669 5271; baseline -0.005 -18"><span class='ocrx_word' id='word_1_551' title='bbox 2114 5193 2522 5271; x_wconf 81' lang='lat' dir='ltr'><strong>adoptivorum</strong></span> <span class='ocrx_word' id='word_1_552' title='bbox 2546 5192 2800 5252; x_wconf 80' lang='lat' dir='ltr'><strong>filiorum</strong></span> <span class='ocrx_word' id='word_1_553' title='bbox 2816 5234 2834 5264; x_wconf 93' lang='lat'><strong>,</strong></span> <span class='ocrx_word' id='word_1_554' title='bbox 2860 5192 3217 5251; x_wconf 83' lang='lat' dir='ltr'><strong>incestorum</strong></span> <span class='ocrx_word' id='word_1_555' title='bbox 3240 5203 3299 5250; x_wconf 83' lang='lat' dir='ltr'><strong>et</strong></span> <span class='ocrx_word' id='word_1_556' title='bbox 3314 5188 3669 5267; x_wconf 65' lang='lat' dir='ltr'><strong>pedianum</strong></span> 
     </span>
    </p>
   </div>
   <div class='ocr_carea' id='block_1_6' title="bbox 3715 2130 3716 5594">
    <p class='ocr_par' dir='ltr' id='par_1_7' title="bbox 3715 2130 3716 5594">
     <span class='ocr_line' id='line_1_81' title="bbox 3715 2130 3716 5594; baseline 0 0"><span class='ocrx_word' id='word_1_557' title='bbox 3715 2130 3716 5594; x_wconf 95' lang='lat' dir='ltr'><strong> </strong></span> 
     </span>
    </p>
   </div>
  </div>
 </body>
</html>
