3767 5825
981 353 1299 414 OPPIANI
1338 353 1438 412 DE
1477 351 1940 412 PISCATloNE
1979 351 2129 412 Lm.
2174 353 2252 411 11.
3137 360 3212 414 ⁸⁷

152 498 375 578 βέλτερον,
402 494 503 554 εἴτε
528 495 625 552 τιν’
654 493 813 552 ἄλλον
845 493 967 560 ἁλὸς
992 492 1106 552 θεὸν
1130 495 1399 574 ἷθυντῆρα.

148 587 263 644 Ἀλλ’
278 589 321 644 ot
338 583 431 662 μὲν
450 581 597 661 μάλα
615 580 826 653 πάντες,
845 579 957 640 ὅσοι
974 582 1022 640 τ’
1045 579 1337 659 Οὔλυμπον
1359 579 1563 660 ἔχουσι,

148 672 353 750 δαίμονες
368 719 385 750 ,
404 669 457 731 οἵ
478 695 537 730 τε
559 669 851 744 θάλασσαν,
878 669 990 729 ὅσοι
1010 673 1061 729 τ’
1084 669 1308 753 έῢδωρον
1337 668 1563 751 ἄρουραν

88 791 121 824 ,ιι
150 763 257 842 ἠέρα
280 765 323 818 τ’
350 760 635 832 ἐνναίουσι,
663 758 921 818 πανίλαον
946 749 1076 841 ἦτορ
1102 757 1272 840 ἔχοιεν

150 853 215 910 σοί
231 875 306 924 τε,
326 849 497 931 μάκαρ
524 853 831 929 σκηπτοῦχε
846 893 864 926 ,
894 847 988 907 καὶ
1007 846 1325 928 ἀγλαόπαιδι
1351 847 1565 927 γενέθλη

148 939 221 1000 καὶ
242 941 373 1006 λαοῖς
397 935 641 1014 σύμπασι
667 937 759 996 καὶ
792 935 1111 1018 ἡμετέρῃσιν
1141 939 1362 1007 ἀοιδαῖς.

212 1026 389 1108 Ἰχθύσι
412 1028 457 1086 δ’
481 1026 601 1086 οὔτε
627 1025 746 1097 δίκη
778 1025 1119 1106 μεταρίθμιος
1140 1024 1263 1085 οὔτε
1288 1049 1367 1093 τις
1394 1023 1568 1098 αἰδὼς,

153 1117 199 1174 οὗ
221 1114 431 1196 φιλότης·
456 1112 651 1181 πάντες
682 1111 785 1195 γὰρ
816 1112 1055 1194 ἀνάρσιοι
1083 1113 1361 1186 ἀλλήλοισι

90 1227 127 1263 ιε
156 1203 397 1281 δυσμενέες
420 1199 705 1262 πλώουσιν·
737 1205 765 1260 δ
800 1200 856 1260 δὲ
884 1201 1267 1285 κρατερώτερος
1292 1203 1397 1262 αἰεὶ

156 1293 317 1352 δαίνυντ’
347 1291 759 1376 ἀφαυροτέρους,
784 1291 931 1373 ἄλλῳ
957 1293 1005 1350 δ’
1034 1292 1343 1372 ἐπινήχεται
1372 1291 1527 1359 ἄλλος

156 1383 326 1460 πότμον
354 1382 517 1462 ἄγων,
550 1380 720 1463 ἕτερος
748 1383 794 1440 δ’
824 1381 984 1464 ἑτέρῳ
1010 1379 1265 1464 πόρσυνεν
1294 1379 1509 1453 ἐδωδήν.

154 1475 208 1530 Οἱ
232 1471 316 1549 μὲν
340 1471 439 1554 γὰρ
464 1471 707 1551 γενύεσσι
734 1469 827 1531 καὶ
851 1468 1041 1551 ἠνορέῃ
1076 1469 1323 1550 βιόωνται

150 1557 454 1641 χειροτέρους·
473 1563 582 1626 τοῖς
602 1560 651 1617 δ’
672 1557 749 1617 ἰὸν
768 1556 879 1639 ἔχει
904 1557 1094 1636 στόμα·
1116 1566 1253 1617 τοῖσι
1276 1559 1323 1616 δ’
1348 1556 1573 1616 ἄκανθαι

90 1669 129 1706 ω
157 1647 363 1726 τύμμασι
386 1645 747 1726 λευγαλέοισιν
766 1644 1093 1726 ἀμυνέμεναι
1119 1644 1377 1727 πεφύασι,

161 1735 319 1819 πικραί
340 1739 385 1796 τ’
413 1735 581 1806 ὄξεῖαί
603 1759 661 1795 τε
687 1735 850 1817 χόλου
874 1733 1153 1817 πυρόεντος
1181 1734 1403 1794 ἀκωκαί.

155 1823 345 1892 Ὀσσοις
365 1827 409 1884 δ’
438 1822 561 1884 οὔτε
590 1823 711 1904 βίην
736 1823 847 1891 θεὸς
874 1822 1107 1896 ὤπασεν,
1136 1822 1254 1883 οὔτε
1280 1847 1333 1882 τι
1358 1821 1573 1902 κέντρον

156 1913 339 1990 θῆγεται
364 1917 422 1974 ἐκ
451 1912 671 1992 μελέων,
696 1913 802 1977 τοῖς
818 1912 863 1970 δ’
892 1915 953 1972 ἐκ
974 1911 1158 1994 φρενὸς
1184 1909 1345 1970 ὅπλον
1372 1911 1533 1993 ἔφυσε

158 2001 319 2080 βουλὴν
333 2000 639 2085 κερδαλέην,
660 1999 1065 2080 πολυμήχανον,
1089 1997 1196 2059 οἵτε
1220 1999 1417 2059 δόλοισι

94 2111 131 2146 ss
161 2089 352 2150 πολλάκι
372 2091 467 2150 καὶ
487 2089 741 2173 κρατερὸν
760 2089 853 2148 καὶ
869 2087 1154 2171 ὑπέρτερον
1177 2087 1381 2148 ὤλεσαν
1402 2087 1575 2169 ἰχθύν.

218 2171 329 2239 Οἶον
355 2180 447 2239 καὶ
474 2179 643 2260 νάρκῃ
670 2177 971 2260 τερενόχροῖ
997 2177 1276 2260 φάρμακον
1304 2180 1467 2248 ἀλκῆς

159 2267 342 2328 ἕσπεται
364 2268 736 2329 αὗτοδίδακτον
760 2271 817 2328 ἐν
844 2266 1081 2328 οἰκείοισι
1110 2266 1377 2346 μέλεσσιν.

162 2353 215 2416 Ἡ
240 2357 323 2434 μὲν
343 2357 447 2440 γὰρ
472 2355 690 2436 μαλακή
718 2381 778 2417 τε
805 2356 968 2436 δέμας
994 2356 1089 2416 καὶ
1111 2355 1237 2415 πᾶσ’
1269 2354 1532 2432 ἀμενηνὴ,

162 2447 297 2518 νωθής
314 2471 369 2505 τε
399 2449 694 2529 βραδυτῆτι
726 2445 1037 2528 βαρύνεται,
1066 2443 1190 2505 οὐδέ
1216 2468 1277 2503 κε
1304 2442 1461 2527 φαίης

102 2555 141 2590 su
172 2533 437 2614 νηχομένην
466 2534 661 2616 δράαν·
686 2533 834 2612 μάλα
862 2533 967 2616 γὰρ
992 2532 1302 2616 δύσφραστα
1329 2531 1549 2593 κέλευθα

164 2625 345 2682 εἱλεῖται
366 2626 578 2685 πολιοῖο
598 2624 664 2683 δι’
692 2621 878 2690 ὕδατος
903 2623 1199 2706 ἑρπύζουσα
1214 2643 1229 2656 ·

159 2712 271 2770 ἄλλά
289 2715 332 2772 οἱ
358 2715 409 2772 ἐν
444 2710 755 2791 λαγόνεσσιν
780 2710 1063 2784 ἀναλκείης
1089 2709 1235 2776 δόλος
1259 2708 1399 2780 ἀλκή
1410 2732 1423 2746 ·

160 2799 353 2880 κερκίδες
375 2796 683 2883 ἐμπεφύασι
709 2797 857 2882 παρὰ
879 2799 1127 2880 πλευραῖς
1151 2796 1425 2878 ἑκάτερθεν

154 2888 439 2970 ἀμφίδυμοι·
461 2892 569 2951 τῶν
592 2887 645 2949 εί
666 2911 745 2957 τις
767 2885 1077 2971 ἐπιψαύσειε
1105 2885 1406 2958 πελάσσας,

106 2994 145 3031 ss
168 2978 325 3037 αὐτίκα
348 2983 396 3039 οἱ
418 2978 627 3059 μελέων
650 2978 827 3045 σθένος
854 2976 1090 3050 ἔσὸεσεν,
1116 2979 1169 3035 ἐν
1199 2973 1256 3033 δέ
1285 2977 1333 3033 οἱ
1365 2965 1500 3051 αἷμα

160 3064 413 3143 πήγνυται,
432 3067 547 3127 οὐδ’
564 3066 643 3127 ἔτι
659 3074 786 3145 γυῖα
804 3064 975 3147 φέρειν
1000 3062 1195 3137 δύνατ’,
1218 3062 1358 3122 ἀλλά
1380 3066 1427 3121 οἱ
1448 3059 1587 3132 ἀλκὴ

160 3142 255 3211 ὦκα
276 3180 345 3231 μα
416 3155 677 3235 ινομένοιο
702 3155 951 3235 παρίεται
978 3152 1164 3235 ἄφρονι
1186 3151 1373 3233 νάρκῃ.

164 3238 219 3301 Ἦ
243 3242 283 3300 δ’
305 3267 359 3303 ευ
385 3244 722 3323 γινώσκουσα
746 3247 863 3302 θεοῦ
886 3241 1047 3323 γέρας
1068 3232 1175 3301 οἶον
1202 3238 1410 3314 ἔδεκτο,

164 3328 321 3391 ὕπτιον
347 3332 649 3413 ἀγκλίνασα
676 3330 825 3413 μένει
852 3330 1017 3411 δέμας
1043 3330 1097 3391 ἔν
1119 3328 1413 3414 ψαμάθοισι
1430 3352 1443 3365 ·

108 3437 151 3478 π
174 3418 321 3481 κεῖται
347 3422 395 3482 δ’
418 3420 695 3505 ἆστεμφὴς
722 3422 807 3495 οἴη
834 3422 1005 3489 νέκυς·
1032 3420 1089 3488 ὃς
1116 3419 1174 3479 δέ
1196 3442 1283 3478 κεν
1307 3415 1454 3498 ἰχθὺς

162 3508 401 3589 ἐγχρίωίνη
420 3510 755 3587 λαγόνεσσιν,
772 3514 801 3568 ὃ
819 3508 916 3587 μὲν
929 3507 1076 3580 λύτο,
1090 3506 1331 3566 κάππεσε
1349 3506 1396 3563 δ’
1420 3501 1590 3569 αὕτως

162 3598 380 3675 ἆδρανίης
408 3598 576 3681 βαθὺν
601 3598 781 3673 ὕπνον,
810 3596 1143 3679 ἀμηχανίῃσι
1164 3594 1429 3666 πεδηθείς·

162 3690 190 3753 ἡ
215 3686 263 3744 δὲ
283 3692 407 3756 θοῶς
433 3687 689 3769 ἀνόρουσε
710 3686 800 3747 καὶ
831 3690 891 3746 οὗ
923 3683 1155 3768 κραιπνή
1183 3707 1285 3765 περ
1311 3686 1493 3754 ἐοῦσα,

160 3774 390 3849 γηθοσύνη
406 3821 424 3849 ,
448 3776 583 3847 ζωὸν
612 3776 669 3835 δὲ
698 3775 959 3835 κατεσθίει
976 3766 1077 3835 ἶσα
1102 3772 1326 3835 θανόντι.

84 3876 124 3915 73
156 3864 371 3923 Πολλάκι
392 3864 489 3923 καὶ
516 3863 657 3923 κατὰ
678 3864 882 3942 λαῖτμα
913 3866 1027 3942 μετ’
1058 3859 1263 3944 ἰχθύσιν
1294 3858 1589 3920 ἀντιάσασα

158 3952 465 4031 νηχομένοις,
496 3951 760 4033 κραιπνὴν
790 3951 885 4030 μὲν
914 3950 1263 4029 ἐπειγομένων
1288 3948 1475 4009 σὸέσεν
1504 3951 1591 4029 δρ-

156 4040 283 4117 ἐγγὺς
304 4038 676 4124 ἐπιψαύσασα,
692 4042 792 4101 καὶ
818 4040 1135 4119 ἐσσυμένους
1160 4038 1439 4111 ἐπέδησεν·
1460 4034 1591 4114 [μὴν

162 4124 297 4187 ἔσταν
323 4132 371 4188 δ’
405 4128 630 4190 αὖαλέοι
657 4128 749 4189 καὶ
777 4129 1081 4212 ἀμήχανοι,
1102 4128 1223 4189 οὔτε
1247 4125 1504 4187 κελεύθων
1534 4158 1554 4183 0

156 4215 382 4300 ὥσμοροι
406 4218 531 4279 οὔτε
553 4223 721 4301 φυγῆς
745 4217 1101 4298 μεμνημένοι·
1124 4222 1161 4291 ἡ
1190 4214 1247 4277 δὲ
1272 4214 1501 4295 μένουσα

84 4326 123 4359 ω
152 4308 275 4365 οὐδὲν
298 4307 657 4387 ἀμυνομένους
682 4306 1067 4368 καταδαίνυται
1089 4306 1203 4366 οὔδ’
1231 4302 1456 4372 ἀΐοντας.

155 4384 263 4453 Oios
292 4398 337 4456 δ’
359 4396 686 4479 ὀρφναίοισιν
716 4399 770 4456 ἐν
798 4394 1088 4455 εἰδώλοισιν
1118 4393 1331 4475 ὀνείρων

158 4484 318 4564 ἦνδρὸς
341 4484 687 4563 ἀτυζομένοιο
708 4484 801 4544 καὶ
826 4482 1055 4561 ἱεμένοιο
1078 4480 1331 4565 φέὸεσθαι

150 4568 346 4647 rsit-‘msc
376 4572 475 4651 μὲν
499 4563 694 4656 κ’ραδίη
709 4619 724 4644 ,
748 4571 818 4631 τὰ
842 4570 897 4631 δὲ
922 4570 1153 4652 γούνατα
1184 4570 1537 4648 παλλομένοιο

156 4660 407 4741 ἅττεμφὴς
439 4662 533 4721 ἅτε
562 4661 755 4739 δεσμὸς
784 4660 1141 4741 ἐπειγομένοιο
1168 4657 1406 4742 βαρύνει·

86 4762 124 4801 ὅ
154 4746 279 4821 τοίην
302 4750 592 4831 γυιοπέδην
616 4749 926 4831 τεχνάζεται
952 4748 1130 4829 ἰχθύσι
1154 4748 1341 4829 νάρκη.

188 4838 460 4919 Βάτραχος
480 4830 549 4898 αὗ
570 4838 738 4911 νωθὴς
757 4834 851 4915 μὲν
872 4841 1014 4915 ὁμῶς
1031 4838 1126 4897 καὶ
1144 4836 1412 4916 μαλθακὸς
1426 4838 1593 4916 ἰχθὺς,

156 4922 405 5004 αἴσχιστος
426 4927 474 4985 δ’
497 4926 669 4986 ἰδέειν·
694 4924 867 5003 στόμα
896 4926 942 4985 δ’
969 4924 1167 5006 οἴγεται
1195 4923 1315 5005 εὗρὺ
1343 4922 1593 5002 μάλιστα·

158 5014 261 5073 ἀλλ’
292 5016 399 5096 ἄρα
428 5014 523 5074 καὶ
540 5018 619 5096 τῷ
649 5018 804 5091 μῆτις
828 5014 1081 5095 ἀνεύρατο
1107 5013 1324 5095 γαστέρι
1346 5010 1565 5095 φορὸήν.

158 5102 311 5171 Αὐτὸς
340 5101 447 5183 μὲν
480 5104 673 5175 πηλοῖο
699 5106 823 5162 κατ’
850 5101 1129 5185 εὗρῶεντος
1154 5099 1387 5169 ἐλυσθεὶς

86 5204 127 5241 θ’)
156 5192 382 5252 κέκλιται
412 5190 701 5273 ἀτρεμέων,
732 5190 914 5271 ὀλίγην
938 5193 985 5251 δ’
1014 5188 1117 5249 ἂνὰ
1144 5188 1319 5271 σάρκα
1347 5188 1595 5267 τιταίνει,

1651 502 1827 552 melius
1848 503 1954 563 est,
1973 501 2078 552 sive
2099 514 2245 564 quem
2267 499 2415 550 alium
2438 499 2588 548 deum
2611 500 2756 550 mai-is
2777 501 3159 563 gubernatorem.

1653 589 1746 641 Sed
1768 590 1839 639 illi
1854 589 2054 654 quidem
2074 587 2336 639 admodum
2357 601 2526 638 omnes
2539 625 2554 650 ,
2576 589 2728 652 etqui
2752 589 3015 654 Olympum
3029 591 3232 652 habent,

1653 679 1747 740 dii,
1770 679 1922 742 etqui
1947 691 2078 728 mare
2098 679 2147 728 et
2173 678 2258 742 qui
2280 677 2524 728 liberalem
2551 677 2777 728 tellurem

1654 781 1910 831 aeremque
1929 767 2170 828 incolunt,
2193 766 2456 830 propitium
2479 766 2696 816 animum
2719 768 2952 830 habeant,

1654 857 1863 920 tibique,
1882 857 2079 906 o-beate
2099 857 2364 918 sceptrifer,
2383 858 2434 906 et
2451 855 2630 907 illustri
2648 856 2807 907 soboli

1655 945 1707 996 et
1723 946 1916 1010 populis
1937 947 2161 996 omnibus
2181 953 2230 996 et
2251 947 2429 997 nostris
2451 948 2765 998 carminibus.

1717 1034 1938 1084 Piscibus
1964 1039 2128 1084 autem
2150 1047 2308 1098 neque
2326 1035 2514 1097 iustitia
2543 1035 2948 1099 attribui-potest,
2981 1050 3138 1102 neque
3165 1038 3232 1090 ul·

1658 1123 1737 1172 lus
1760 1121 1957 1186 pudor‚]
1977 1137 2072 1173 non
2089 1123 2326 1186 amicitia3
2349 1137 2518 1175 omnes
2539 1125 2671 1175 enim
2692 1124 2853 1176 infesti
2881 1125 3203 1178 sibi-invicem

1659 1212 1822 1262 hostes
1842 1216 2038 1274 natant;
2061 1212 2308 1264 robustior
2330 1227 2449 1264 vero
2471 1227 2664 1278 semper

1659 1305 1797 1350 vorat
1815 1301 2152 1352 imbecilliores
2165 1338 2179 1363 ,
2205 1301 2286 1352 alii
2302 1315 2420 1353 vero
2440 1302 2790 1354 obvium-natat
2809 1304 2935 1354 alius

1660 1391 1867 1440 mortem
1889 1389 2114 1452 afferens,
2135 1391 2352 1456 alterque
2373 1391 2508 1442 alteri
2529 1390 2719 1456 proebet
2735 1406 2913 1443 escam.

1660 1479 1783 1528 Nam
1805 1477 1888 1528 alii
1909 1479 2102 1542 quidem
2129 1481 2338 1530 maxillis
2360 1486 2411 1532 et
2426 1481 2600 1532 robore
2621 1481 2932 1532 vim-ssciunt
3205 1539 3212 1548 .

1661 1565 1976 1618 debilioribus
1987 1605 2002 1630 ,
2019 1569 2123 1619 aliis
2140 1581 2256 1620 vero
2270 1583 2510 1620 venenum
2529 1569 2678 1621 habet
2693 1583 2774 1627 os,
2798 1571 2908 1620 aliis
2922 1583 3038 1622 vero
3056 1571 3210 1636 spinae
3225 1608 3242 1634 ,

1662 1655 1917 1708 rib-ictibus
1936 1658 2194 1708 mortiferis
2215 1657 2652 1723 ut-se-derendant,
2673 1663 2932 1710 natm-sunt
2945 1697 2962 1724 ,

1668 1746 1916 1811 amarique
1935 1747 2160 1810 acutique
2180 1746 2266 1798 irae
2284 1748 2436 1810 igneae
2459 1761 2732 1799 mucrones.

1664 1834 1853 1894 Quibus
1867 1840 2030 1885 autem
2045 1837 2309 1898 nequevim
2325 1836 2444 1887 deus
2465 1836 2659 1898 tribuit,
2675 1851 2834 1902 neque
2851 1838 3024 1902 aliquis
3041 1839 3240 1891 seuleus

1665 1924 1855 1974 scrutur
1876 1937 1935 1974 ex
1959 1923 2190 1974 membris
2206 1961 2221 1985 ,
2245 1925 2323 1975 liis
2346 1939 2407 1976 ex
2425 1925 2586 1980 animo
2603 1938 2738 1976 arms
2762 1926 2940 1978 insevit

1666 2012 1865 2062 insidias
1889 2013 2083 2062 callidas
2096 2049 2110 2074 ,
2132 2019 2383 2076 versutaS,
2407 2013 2574 2078 illique
2595 2013 2721 2064 dolis

1670 2113 1797 2163 saepe
1818 2101 1962 2150 etiam
1991 2101 2236 2151 fortiorem
2256 2106 2306 2151 et
2331 2102 2613 2152 validiorem
2639 2103 2886 2165 perimunt
2907 2103 3104 2168 piscem.

1732 2188 1883 2247 Quale
1903 2189 2047 2238 etiam
2067 2188 2308 2252 torpedini
2325 2191 2552 2240 rotundae
2573 2190 2842 2242 remedium
2863 2192 3050 2242 roboris

1669 2277 1929 2327 comitatur
1953 2278 2172 2328 nativum
2195 2278 2247 2328 in
2272 2279 2480 2342 propriis
2502 2279 2749 2331 membris,

1671 2366 1759 2416 llla
1776 2367 1906 2416 enim
1929 2367 2183 2431 mollisque
2200 2370 2277 2418 est
2297 2382 2500 2432 corpore
2517 2371 2568 2419 et
2592 2373 2693 2420 tota
2713 2369 2948 2432 imbellis,

1672 2455 1902 2520 pigraque
1924 2456 2149 2506 tarditate
2168 2461 2423 2521 gravatur,
2448 2471 2605 2522 neque
2627 2458 2810 2509 diceres

1671 2547 1918 2594 natantem
1943 2546 2096 2595 illam
2120 2546 2381 2608 te-videre3
2401 2547 2541 2598 valde
2557 2547 2686 2598 enim
2710 2548 2941 2602 obscuras
2961 2551 3173 2616 per-viss

1672 2632 1903 2695 volvitur,
1927 2647 2094 2684 canam
2119 2648 2206 2698 per
2223 2648 2398 2708 aquam
2423 2649 2650 2700 serpena

1672 2734 1843 2772 verum
1865 2722 1960 2785 ipsi
1981 2723 2032 2772 in
2054 2723 2234 2773 lumbis
2257 2723 2599 2776 imbecillitatis
2619 2725 2761 2780 dolus
2784 2732 2863 2780 est
2885 2729 3158 2780 subsidium
3175 2765 3190 2792 ,

1674 2809 1795 2860 radii
1814 2811 2105 2860 innati-sunt
2115 2810 2256 2873 juxta
2271 2811 2424 2862 latera
2438 2812 2667 2880 utrinque

1674 2899 1878 2963 gemini;
1906 2914 2030 2963 quos
2054 2899 2094 2950 si
2119 2900 2230 2965 quis
2251 2901 2456 2968 attingat
2479 2905 2710 2957 accedeus
2727 2943 2742 2968 ,

1675 2990 1840 3038 statim
1864 2989 1954 3051 ipsi
1981 2990 2310 3063 membrorum
2329 2995 2479 3044 robur
2499 2995 2818 3058 extinguitur,
2842 2996 2988 3059 eique
3008 2996 3202 3057 sanguis

1674 3077 1990 3143 congelascit,
2006 3091 2162 3144 neque
2184 3083 2394 3145 amplius
2419 3083 2632 3133 membra
2655 3083 2780 3134 t'erre
2796 3083 3080 3147 potest,sed
3103 3084 3254 3147 ipsius

1682 3162 1849 3226 robur]
1870 3168 2033 3218 statim
2065 3170 2352 3221 tabescentis
2373 3171 2716 3222 transmittitur
2737 3172 2926 3222 stolidae
2949 3172 3207 3235 torpedlni.

1676 3255 1764 3305 Illa
1784 3270 1904 3306 vero
1924 3270 2068 3319 gnara
2081 3294 2094 3317 ,
2118 3258 2258 3308 adeo
2276 3259 2420 3322 quale
2441 3273 2622 3311 munus
2639 3261 2904 3323 acceperit,

1678 3344 1906 3407 supinum
1930 3345 2164 3395 reclinans
2187 3353 2349 3397 manet
2370 3360 2548 3411 corpus
2566 3348 2616 3397 in
2638 3348 2826 3410 arenis,

1674 3432 1803 3495 jacet
1825 3434 1990 3482 autem
2011 3431 2212 3491 immota
2235 3434 2374 3497 quasi
2394 3440 2614 3499 mortua,
2637 3434 2861 3498 quisquis
2881 3438 3042 3485 sutem
3065 3434 3210 3497 piscis

1677 3519 1901 3570 inciderit
1913 3519 2189 3581 in·lumbos,
2205 3521 2286 3571 ille
2298 3521 2494 3585 quidem
2509 3522 2780 3583 resolvitur,
2799 3522 3064 3587 inciditque
3075 3524 3258 3573 temere

1680 3607 2018 3658 imbecillitatis
2035 3609 2397 3672 in-prolundum
2421 3624 2677 3673 somnum,
2700 3612 2990 3675 impotentis
3009 3610 3214 3674 ligatum

1680 3697 1783 3758 ipsa
1800 3709 1919 3746 vero
1941 3698 2158 3747 celeriter
2175 3697 2335 3761 exilit,
2359 3699 2549 3750 etiamsi
2573 3713 2669 3750 non
2693 3700 2759 3750 sit
2775 3700 2920 3750 velox
2933 3736 2950 3763 ,

1680 3784 1816 3847 laeta,
1836 3786 2102 3849 vivumque
2122 3785 2326 3837 devorat
2347 3790 2578 3850 tanquam
2601 3790 2864 3839 mortuum.

1680 3875 1815 3935 Soepe
1835 3874 1982 3923 etiam
2005 3874 2054 3923 in
2080 3874 2314 3938 profundo
2333 3875 2546 3939 piscibus
2569 3889 2826 3926 occurrens

1680 3962 1986 4025 natantibus,
2011 3963 2216 4012 celerem
2242 3962 2440 4026 quidem
2473 3963 2801 4013 festinantium
2841 3962 3079 4026 extinguit
3109 3962 3256 4023 impe·

1678 4050 1785 4098 tum
1797 4047 1833 4111 ,]
1856 4062 2006 4113 prope
2025 4050 2264 4113 attingens
2283 4051 2334 4099 et
2355 4050 2594 4101 irruentes
2614 4051 2759 4115 ligat3

1682 4139 1813 4187 stant
1834 4143 1998 4188 sutem
2022 4137 2144 4187 aridi
2163 4138 2212 4187 et
2233 4138 2550 4202 impotentes,
2568 4153 2726 4204 neque
2747 4140 2964 4201 viarum,

1681 4225 1869 4287 miseri,
1889 4238 2046 4288 neque
2065 4225 2190 4288 rugae
2212 4238 2478 4289 memores;
2505 4228 2588 4278 illa
2606 4241 2724 4279 vero
2747 4240 2946 4277 manens

1682 4312 1801 4363 nibil
1824 4315 2144 4377 repugnantes
2168 4314 2364 4365 devoret
2385 4329 2542 4380 neque
2563 4317 3010 4370 animadvertentes.

1682 4401 1898 4462 Qualiter
1915 4406 2078 4453 autem
2096 4404 2312 4454 obscuris
2334 4404 2384 4454 in
2411 4404 2682 4457 simulacris
2699 4409 2993 4459 somniorum

1682 4490 1773 4541 viri
1790 4490 1999 4541 dolentis
2020 4493 2070 4541 et
2093 4491 2334 4555 cupientis
2355 4492 2521 4555 fugere

1682 4580 1793 4629 salit
1816 4579 2010 4643 quidem
2033 4593 2134 4640 cor,
2156 4594 2312 4642 genua
2331 4594 2448 4632 vero
2472 4584 2720 4634 trementis

1682 4649 1875 4717 firmum
1895 4667 2030 4731 qnasi
2052 4668 2300 4717 vinculum
2325 4669 2696 4737 festinantisque
2717 4679 2884 4736 gravat
2909 4690 2924 4725 :

1682 4756 1830 4805 talem
1851 4755 2136 4818 compedem
2161 4756 2420 4807 fabricatur
2442 4758 2658 4823 piscibus
2679 4762 2900 4824 torpedo.

1744 4846 1874 4894 Rana
1895 4858 2038 4907 porro
2063 4845 2194 4907 piger
2215 4845 2414 4908 quidem
2431 4847 2576 4897 simul
2595 4849 2646 4898 et
2663 4848 2819 4897 mollis
2841 4849 2988 4912 piscis
3009 4852 3110 4913 est,

1682 4932 2086 4996 turpissimusque
2101 4935 2296 4995 aspectu
2316 4951 2331 4997 ;
2350 4948 2407 4984 os
2419 4947 2533 4984 vero
2545 4937 2757 4998 aperitur
2770 4939 2818 4986 ei
2837 4936 2992 4987 latum
3007 4936 3250 5004 maximeg

1683 5022 1894 5071 attamen
1921 5021 2064 5071 etiam
2087 5021 2203 5071 huic
2226 5022 2462 5072 calliditas
2484 5024 2660 5086 reperit
2684 5024 2840 5075 ventri
2858 5038 3034 5077 mcum.

1682 5114 1795 5173 Ipsa
1816 5110 2012 5173 quidem
2033 5124 2116 5173 per
2137 5110 2306 5161 limum
2331 5111 2574 5161 mucidum
2599 5112 2766 5163 voluta

1685 5199 2000 5251 reclinata-est
2019 5198 2256 5264 intrepida
2265 5232 2283 5259 ,
2297 5214 2494 5265 parvam
2507 5205 2670 5253 sutem
2686 5204 2996 5257 carunculam
3010 5206 3256 5273 affl.
