3767 5825
1004 345 1261 407 PHILAE
1302 340 1709 404 EXPOSITIO
1752 340 1850 400 DE
1891 336 2366 400 ELEPHANTE.
3223 339 3296 390 6⁸

214 476 303 535 καὶ
326 485 487 536 πᾶσιν
515 477 695 545 ἅπλῶς
721 479 825 536 τῶν
851 477 1023 554 μελῶν
1052 476 1159 542 τοῖς
1183 474 1421 555 ὀργάνοις

214 569 239 622 ὁ
264 569 383 644 θὴρ,
406 565 674 633 καταστὰς
700 563 931 642 εὐμαθὴς
958 565 1253 646 χοροστάτῃ
1268 608 1283 636 ,

128 673 195 712 sus
219 651 363 712 άττει
389 654 520 735 πρὸς
543 655 721 736 εἱρμὸν
749 653 979 730 ἒμὸολῆς
1000 653 1351 733 ἅγχιστρόφου
1370 696 1387 723 ,

212 741 303 800 καὶ
326 741 454 822 πρὸς
476 743 567 810 τὰς
589 740 725 825 ᾠδὰς
750 741 1053 800 ἀντιὸάλλει
1077 741 1143 799 τὰ
1169 740 1330 810 σκέλη
1346 786 1360 812 ,

216 830 307 888 καὶ
333 831 653 910 σχηματίζει
678 830 773 899 τὰς
796 829 961 914 ῥοπὰς
982 829 1110 912 πρὸς
1132 829 1247 896 τοὺς
1272 829 1448 894 τόνους
1467 874 1481 900 ,

215 919 557 1000 ὀρχηστρίδος
581 919 815 1000 λύγισμα
844 918 1041 987 δεικνὺς
1068 919 1160 990 τὴν
1194 918 1345 997 βάσιν
1362 943 1374 956 ·

216 1008 305 1066 καὶ
333 1012 409 1079 πῆ
440 1005 535 1086 μὲν
564 1013 702 1090 ὁρμᾷ
725 1007 817 1068 καὶ
839 1007 1113 1088 προὸαίνει
1140 1007 1386 1086 μετρίως,

123 1117 191 1156 21⁰
212 1103 303 1157 τοῦ
330 1099 622 1180 κιθαρῳδοῦ
648 1105 765 1164 ταῖς
786 1095 977 1163 λαὸαῒς
997 1099 1102 1155 τῶν
1124 1095 1393 1154 δακτύλων

214 1185 273 1244 τὸ
299 1186 485 1265 γοργὸν
515 1183 869 1263 ἀμὸλύνοντος
896 1183 1164 1265 εὐρύθμως
1194 1183 1365 1260 μέλος·

215 1278 293 1346 πῆ
324 1275 369 1332 δ’
395 1273 540 1341 εὐθὺς
564 1273 867 1355 ἠχήσαντας
896 1275 955 1332 ἐκ
978 1277 1069 1332 τοῦ
1094 1271 1337 1330 συντόνου
1354 1317 1368 1346 ,
1424 1285 1435 1296 ·

222 1371 421 1444 σφριγᾷ
448 1362 579 1443 πρὸς
605 1362 724 1431 ὀξὺν
748 1362 953 1422 εὖπετεῗ
980 1360 1120 1442 ῥύμῃ
1152 1360 1357 1441 δρόμον,

220 1451 315 1510 καὶ
342 1452 580 1532 καθάπερ
606 1449 848 1529 μάστιξιν
868 1448 1206 1529 ἠρεθισμένος

123 1559 195 1598 ‘21⁵
218 1538 383 1608 ὀκλὰξ
410 1542 637 1622 περικλᾷ
665 1538 758 1599 καὶ
785 1537 1077 1619 προὸάλλει
1106 1537 1224 1604 τοὺς
1253 1537 1413 1600 πόδας

220 1627 315 1686 καὶ
342 1627 470 1708 πρὸς
493 1627 555 1688 τὸ
576 1629 745 1708 παρὸν
769 1629 1010 1707 εὖδρομεῖ
1038 1628 1140 1685 τῶν
1172 1623 1446 1707 ᾀσμάτων,

218 1715 399 1774 καινόν
423 1742 476 1775 τι
501 1719 663 1776 ποιῶν
691 1716 743 1784 ἐξ
769 1715 1037 1795 ἀνάρθρων
1066 1713 1322 1795 ὀργάνων.

300 1806 477 1864 Τοῦτο
503 1803 756 1884 προσηνὲς
776 1803 977 1880 εὑρεθὲν
999 1801 1058 1861 τὸ
1086 1801 1261 1882 θηρίον

219 1891 353 1950 ὅταν
374 1893 649 1973 προληφθῇ
673 1892 764 1950 καὶ
793 1893 1043 1972 μαλαχθῇ
1068 1889 1314 1967 σκυμνίον

220 1979 315 2037 καὶ
347 1988 721 2059 σωφρονισταῖς
744 1980 929 2059 ἐκδοθῇ
962 1977 1326 2051 διδασκάλοις,

121 2087 197 2126 mo
214 2067 311 2126 καὶ
342 2067 473 2145 πρὸς
493 2066 590 2134 τὰς
619 2067 755 2149 ἁφὰς
781 2067 1073 2146 μετριάζειν
1098 2057 1159 2124 εὗ
1189 2065 1375 2143 μάθοι,

220 2159 323 2226 τῆς
354 2155 657 2235 ἀντιτέχνου
682 2157 976 2236 φλεγμονῆς
1004 2153 1341 2231 κενουμένης,

219 2241 327 2302 κᾶν
357 2247 641 2322 μαστιγοῦν
667 2241 793 2321 θέλῄ
821 2266 899 2310 τις
919 2287 937 2319 ,
963 2241 1203 2323 εὐψύχως
1228 2239 1399 2321 φέρει,

223 2330 321 2390 καὶ
352 2331 551 2408 γίνεται
572 2339 697 2397 παῖς
720 2331 1001 2412 σωφρονεῖν
1030 2329 1373 2407 πεπεισμένος

220 2424 321 2478 τοῦ
358 2424 702 2498 μυσταγωγοῦ
730 2421 804 2498 τῷ
832 2423 981 2498 θυμῷ
1006 2417 1096 2478 καὶ
1121 2421 1197 2500 τῷ
1224 2417 1377 2498 ξύλῳ.

118 2525 195 2564 225
309 2507 497 2568 Σόλων
528 2505 623 2584 μὲν
652 2497 740 2567 οὖν
766 2507 971 2566 δίδωσιν
1003 2505 1291 2586 ἀνθρώποις
1320 2506 1503 2583 νόμους

223 2595 325 2653 καὶ
350 2595 698 2675 παιδαγωγῶν
732 2594 976 2674 εὐγενίζει
1003 2595 1090 2654 τὸν
1121 2595 1253 2673 βίον,

221 2679 321 2740 καὶ
352 2681 545 2762 ῥυθμὸν
574 2681 800 2754 ἐντίθησι
824 2686 889 2761 τῇ
916 2679 1066 2762 φύσει
1094 2681 1232 2751 ξένον
1250 2703 1263 2715 ·

222 2768 361 2828 ὅταν
387 2769 441 2830 δὲ
466 2778 571 2837 τοῖς
594 2770 803 2850 γέρουσι
828 2771 1060 2850 πατράσι
1086 2770 1262 2858 γράφῃ

220 2856 392 2937 τιμὰς
412 2858 539 2939 παρ’
564 2861 735 2919 αὐτῶν
764 2859 853 2919 καὶ
881 2858 1074 2940 τροφὰς
1101 2863 1203 2918 τῶν
1236 2859 1521 2941 φιλτάτων,

116 2964 195 3007 2³0
218 2944 455 3015 πολλοὺς
482 2950 638 3007 ἀνιῶν
667 2950 739 3015 εἰς
765 2947 911 3006 κενὸν
939 2948 1117 3027 κράζει
1148 2946 1343 3021 κτύπον
1360 2971 1373 2984 ·

223 3035 388 3111 μόλις
415 3035 518 3117 γὰρ
541 3034 604 3094 ἄν
632 3058 711 3100 τις
735 3033 853 3119 τοὺς
880 3044 1083 3115 τροφεῖς
1110 3033 1437 3116 ἀντιτρέφοι,

220 3124 353 3193 τοὺς
376 3128 479 3185 τῶν
507 3124 785 3201 πελαργῶν
813 3123 1195 3201 εὐλαὸούμενος
1217 3122 1432 3200 νόμους,

230 3212 331 3276 οὓς
362 3212 585 3292 ἀγράφῳ
606 3210 806 3283 τίθησιν
828 3216 861 3283 ἡ
893 3211 1041 3292 φύσις
1064 3211 1247 3292 κρίσει·

230 3307 263 3362 ὃ
288 3300 395 3381 θὴρ
421 3299 476 3359 δὲ
500 3304 646 3377 κοινῇ
670 3304 759 3359 τοῦ
779 3298 955 3378 γένους
982 3298 1099 3367 τοὺς
1120 3300 1418 3378 πρεσὸύτας

110 3408 195 3450 aas
223 3379 347 3449 οἶδε
370 3386 475 3467 πρὸ
500 3391 591 3445 τοῦ
615 3386 854 3473 Σόλωνός
882 3385 1122 3468 ἀρρήτως
1144 3387 1369 3469 τρέφειν.

218 3476 381 3549 Ἤδη
411 3476 469 3539 δὲ
493 3476 585 3536 καὶ
607 3475 907 3554 κάμνοντας
936 3479 989 3536 ἒν
1020 3476 1219 3557 μάχαις
1244 3476 1471 3556 βλέπων,

232 3568 357 3637 ἐξὸν
378 3568 657 3647 παρελθεῖν
686 3564 804 3632 τοὺς
828 3564 1051 3633 διώκτας
1075 3567 1353 3646 μακρόθεν,

218 3654 365 3722 τέως
389 3652 512 3731 μὲν,
544 3655 615 3719 ὣς
638 3650 885 3729 δύναμις,
913 3653 1308 3731 ἅναλαμὸάνει,

219 3744 439 3823 γοργῶς
462 3740 556 3807 τὰς
585 3741 758 3799 αὐτῶν
785 3740 1044 3821 ἐκδρομὰς
1079 3740 1388 3820 ἀνατρέπων

106 3854 195 3893 240
218 3830 328 3891 καὶ
356 3830 453 3896 τὰς
476 3827 749 3908 μετάρσεις
776 3831 881 3887 τῶν
907 3830 1072 3908 βελῶν
1095 3830 1186 3889 καὶ
1209 3828 1327 3896 τοὺς
1358 3828 1511 3897 κύνας

216 3926 325 3987 καὶ
352 3924 475 3992 τοὺς
497 3925 551 3983 ἐν
576 3924 746 3990 αὐτοῖς
765 3922 1111 4003 ἀντανείργων
1138 3922 1353 3991 ὁπλίτας
1376 3949 1389 3961 ·

218 4013 366 4073 ὅταν
396 4013 443 4070 δ’
470 4013 656 4091 ἐπιστῇ
680 4015 773 4082 τῆς
798 4012 1043 4083 τελευτῆς
1061 4016 1091 4070 ὁ
1109 4014 1291 4093 χρόνος
1304 4057 1319 4085 ,

218 4105 413 4161 κοινοῦ
435 4100 613 4167 τέλους
638 4099 841 4172 ἄμυναν
864 4103 894 4157 ὁ
922 4098 1057 4168 ξένος
1085 4101 1247 4182 φέρει.

378 4192 443 4246 ῧν
472 4178 589 4263 οὖν,
614 4190 871 4261 Βασιλεῦ,
900 4186 1077 4256 δεξιῶν
1108 4188 1273 4268 ἔργων
1302 4186 1480 4268 φύσις,

100 4298 183 4339 ειε
214 4276 385 4348 ξένης
410 4273 589 4354 μάχης
612 4274 853 4347 ἄκουσον,
882 4278 953 4343 ὣς
976 4275 1115 4355 ἔχει,
1140 4276 1349 4358 τρόπον.

214 4361 525 4444 Ἔχθιστός
554 4366 693 4421 ἐστιν
723 4366 752 4421 ὁ
781 4362 987 4445 δράκων
1014 4366 1091 4446 τῷ
1115 4362 1308 4445 θηρίῳ·

218 4452 455 4531 δράκων
482 4448 526 4508 δ’
551 4452 603 4508 ἐν
635 4448 818 4519 Ἰνδοῖς
844 4454 1049 4528 θαῦμα·
1078 4451 1157 4518 τίς
1182 4451 1283 4532 γὰρ
1306 4450 1340 4523 ἢ
1370 4452 1576 4533 δράκων

214 4539 384 4611 ὀξὺς,
412 4536 661 4619 πονηρὸς,
686 4538 967 4619 ἐμβριθὴς,
995 4540 1271 4621 γλίσχρος,
1298 4540 1492 4619 μέγας,

212 4625 485 4711 φθορεὺς,
510 4626 725 4705 ἰταμὸς,
751 4629 1079 4708 ἀνθρακῶδες
1100 4628 1401 4707 ἐμὸλέπων,

94 4740 185 4780 250
214 4714 481 4799 ψυχρὸς,
508 4716 803 4797 πλαδαρὸς,
834 4718 1069 4776 ἐνδακεῗν
1092 4718 1431 4796 ἠπειγμένος,

213 4806 437 4886 ἕρπων,
461 4803 733 4884 συρίττων,
759 4804 974 4883 ἐξεμῶν,
1005 4806 1313 4883 ἀντιπνέων,

214 4892 329 4953 καὶ
362 4894 475 4957 τοῖς
496 4894 727 4971 ἑλιγμοῖς
745 4894 815 4959 ὡς
836 4897 1041 4975 πτεροῖς
1070 4895 1383 4974 ἐπιτρέχωνς

212 4970 421 5044 Οὗτος
441 4976 529 5037 τὸν
554 4978 811 5060 ἐλέφαντα
839 4982 1096 5061 μακρόθεν
1121 4982 1329 5061 βλέπων

218 5068 325 5127 ἐπὶ
354 5065 557 5145 τρύγην
582 5066 778 5139 ἥκοντα
809 5071 1013 5128 λεπτῶν
1042 5070 1291 5150 ἀκρίδων,

90 5182 179 5219 252>
214 5162 464 5222 πυκνοῖς
490 5156 767 5237 καλυφθεὶς
790 5155 1083 5229 ἐξεπίτηδες
1110 5156 1316 5223 κλάδοις

1728 482 1780 530 et
1804 479 1863 528 ad
1891 479 2076 542 quaevis
2100 480 2301 526 omnino
2323 475 2530 524 musices
2552 473 2898 530 instrumenta,

1730 569 1836 618 hau:
1865 569 1984 629 sera,
2007 566 2235 629 magistro
2257 563 2392 614 chori
2418 563 2625 612 docilem
2653 569 2705 612 se
2727 559 2948 624 praebens
2963 595 2978 619 ,

1732 658 1891 708 exsilit
1913 656 1973 705 ad
1997 655 2167 706 seriem
2186 653 2402 704 emboles
2421 650 2678 712 versatilis,

1732 747 1783 796 et
1807 745 1867 793 ad
1892 743 2152 794 cantilenas
2173 743 2286 804 apte
2313 752 2456 789 crura
2481 738 2648 800 agitat,

1734 836 1783 883 et
1806 835 1968 882 motus
1987 843 2100 880 suos
2121 829 2295 891 figurat
2319 827 2378 876 ad
2403 839 2632 877 numeros
2653 823 2920 886 modosque
2937 860 2951 884 ,

1736 933 1926 984 gressus
1950 933 2064 969 suos
2087 917 2343 968 saltatricis
2368 915 2572 977 alicujus
2601 913 2804 964 flexibus
2826 911 3082 962 ostendens
3113 911 3304 958 consor·

1739 1023 1857 1060 mox
1876 1009 2006 1058 enim
2026 1006 2204 1057 incedit
2221 1019 2279 1055 ac
2298 1003 2599 1068 progreditur
2619 1001 2866 1051 moderate
2879 1037 2892 1062 ,
3149 997 3271 1062 [mes
3293 1015 3304 1046 ι

1742 1106 1860 1156 dum
1880 1105 2130 1154 citharista
2149 1103 2410 1166 digitorum
2435 1101 2652 1164 pulsibus

1739 1194 1974 1244 concinne
1998 1191 2214 1254 reprimit
2235 1191 2504 1240 concitatos
2527 1187 2696 1238 modos
2723 1205 2735 1234 ι

1741 1296 1855 1332 mox
1872 1319 1887 1342 ,
1911 1282 1950 1330 si
1977 1281 2188 1330 musicus
2213 1292 2384 1328 sonum
2416 1277 2514 1328 edit
2539 1277 2845 1327 intensiorem
2860 1311 2875 1335 ,

1740 1371 1898 1434 prurit
1920 1369 1982 1420 ad
2001 1369 2246 1419 concitum
2272 1379 2465 1416 cursum
2491 1366 2673 1428 impetu
2701 1363 2795 1414 levi
2824 1360 3123 1421 iaciendum,

1741 1462 1808 1522 et,
1835 1458 1971 1523 quasi
1995 1457 2155 1519 flagris
2177 1455 2565 1519 compelleretur,

1742 1547 2018 1612 geniculans
2037 1545 2236 1594 inflectit
2255 1543 2541 1607 projicitque
2561 1541 2704 1604 pedes

1744 1639 1793 1686 et
1815 1635 1877 1685 ad
1901 1636 2160 1698 proesentes
2183 1632 2410 1683 carminis
2427 1631 2596 1680 modos
2613 1629 2786 1678 dextre
2801 1626 3050 1686 ambulat,

1661 1717 1671 1726 ’
1744 1738 1926 1775 novum
1941 1723 2059 1787 quid
2078 1725 2128 1774 et
2147 1720 2422 1772 mirandum
2437 1719 2615 1768 taciens
2630 1731 2714 1780 per
2731 1715 2948 1766 membra
2965 1715 3068 1764 sine
3083 1713 3310 1764 articulis.

1810 1814 2054 1864 Placidum
2074 1823 2176 1862 ωδε
2196 1811 2318 1861 solet
2341 1810 2434 1859 boc
2456 1807 2663 1869 animal,

1746 1905 1783 1954 si
1802 1905 1966 1953 tenera
1983 1901 2142 1951 adbuc
2159 1901 2304 1950 {etate
2321 1897 2384 1948 sit
2401 1898 2656 1959 exceptum
2675 1897 2726 1944 et
2745 1893 3050 1944 mitificatum

1746 1993 1797 2041 et
1814 1990 2050 2054 magistris
2064 1987 2402 2051 castigantibus
2420 1985 2728 2034 commissum
2742 2019 2757 2045 ‚

1748 2093 1893 2143 asquo
1913 2079 2076 2129 animo
2097 2079 2221 2127 ferre
2243 2075 2462 2126 didicerit
2484 2073 2886 2124 contrectationes
2898 2109 2914 2134 ‚

1750 2168 1842 2218 arti
1860 2166 2136 2218 adversario
2155 2165 2327 2214 ardore
2344 2163 2508 2214 ablato
2521 2199 2537 2224 ,

1752 2257 1828 2306 vel
1848 2256 2051 2306 verbera
2073 2256 2128 2324 et
2153 2253 2300 2316 flagra
2323 2253 2364 2302 si
2390 2251 2499 2316 quis
2524 2249 2738 2313 infligere
2763 2250 2900 2310 vult,
2928 2249 3020 2298 fert
3045 2247 3316 2310 patienter:

1753 2343 1904 2409 sique
1919 2343 2156 2407 tanquam
2175 2355 2296 2405 puer
2316 2340 2371 2390 tit
2387 2339 2628 2403 sapienter
2644 2352 2702 2388 ac
2719 2337 2877 2389 sobrie
2895 2337 3057 2387 vivere
3077 2335 3249 2385 doctus

1752 2431 2060 2496 praeceptoris
2081 2431 2154 2481 sui
2178 2430 2348 2481 animis
2371 2431 2422 2478 et
2443 2428 2635 2478 baculo.

1816 2523 1962 2573 Solon
1980 2519 2176 2584 quidem
2199 2517 2478 2568 bominibus
2497 2516 2582 2566 dat
2601 2516 2729 2578 leges
2751 2517 2800 2564 et
2823 2527 3009 2575 mores,

1754 2613 1803 2659 et
1822 2609 1970 2658 vitam
1994 2607 2274 2657 moderatus
2291 2605 2354 2654 ad
2378 2605 2681 2662 honestatem
2702 2591 2980 2665 componit,

1755 2709 2034 2759 novamque
2053 2693 2428 2744 concinnitatem
2446 2691 2571 2742 indit
2587 2692 2774 2741 naturae
2800 2711 2810 2740 :

1755 2799 1906 2849 quum
1928 2785 2091 2835 autem
2114 2783 2250 2834 senio
2273 2781 2505 2832 confectis
2523 2779 2801 2844 parentibus
2822 2780 2973 2828 sancit

1756 2873 2051 2923 nutrimenta
2068 2872 2119 2922 et
2140 2871 2348 2922 honores
2374 2870 2439 2921 ab
2459 2869 2574 2933 ipsis
2591 2868 2848 2919 carissimis
2867 2865 3138 2919 offerendos
3153 2903 3167 2929 ,

1756 2966 1863 3011 tum
1882 2961 2062 3011 multos
2080 2960 2280 3010 offendit
2301 2962 2352 3009 et
2367 2958 2538 3009 surdas
2554 2971 2697 3008 aures
2717 2957 2951 3009 verberat.

1757 3050 1851 3100 Vix
1870 3049 2000 3099 enim
2018 3050 2276 3111 quisquam
2309 3060 2424 3097 suos
2447 3046 2709 3097 nutritores
2733 3045 2938 3094 vicissim
2962 3045 3144 3094 nutrire
3163 3044 3294 3107 cupit
3311 3080 3324 3103 ‚

1756 3138 1932 3187 ductus
1949 3135 2238 3186 verecundia
2255 3136 2415 3198 legum
2431 3170 2448 3196 ,
2467 3148 2589 3199 quas
2610 3136 2734 3184 inter
2759 3134 2983 3195 ciconias,

1756 3228 1933 3275 natura
1954 3225 2056 3275 sine
2084 3225 2262 3289 scripta
2279 3224 2516 3275 sententia
2537 3224 2647 3274 lixit
2673 3222 2736 3273 de
2755 3234 2932 3272 amore
2957 3225 3011 3271 in
3031 3223 3294 3285 pan-enm.

1758 3319 1853 3366 lsta
1875 3320 2039 3367 autem
2062 3314 2222 3365 bellua
2245 3312 2430 3373 generis
2451 3312 2527 3361 sui
2549 3324 2686 3361 senes
2705 3310 3030 3361 communiter

1758 3406 1833 3455 vel
1855 3397 1970 3455 a’nte
1990 3404 2214 3455 Solonem
2234 3403 2374 3450 norat
2389 3437 2404 3461 ,
2424 3400 2606 3449 mirum
2626 3399 2760 3449 dictu
2776 3435 2790 3459 ,
2811 3398 2956 3449 alere.

1757 3497 1868 3544 Jam
1897 3507 2050 3557 quum
2071 3492 2202 3542 videt
2221 3504 2303 3541 eos
2321 3491 2370 3540 in
2391 3502 2547 3553 pugna
2567 3488 2810 3539 sauciatos
2823 3523 2839 3548 ,

1760 3581 1983 3646 quamvis
2000 3582 2166 3631 liceret
2187 3582 2440 3629 venatores
2457 3579 2796 3641 persequentes
2815 3590 2842 3627 e
2855 3577 3118 3639 longinquo
3133 3578 3331 3640 ιιι-πίοι·-

1760 3670 2054 3735 aliquamdiu
2080 3672 2244 3720 tamen
2265 3682 2353 3732 pro
2377 3667 2560 3717 viribus
2575 3666 2696 3716 illos
2717 3665 2895 3726 reiicit,
3213 3664 3298 3727 [ire
3315 3701 3331 3725 ,

1760 3758 2150 3822 persequentium
2177 3756 2385 3807 insultus
2407 3756 2622 3805 masculo
2644 3755 2880 3815 repellens

1766 3850 1819 3897 ct
1840 3848 2050 3897 telorum
2071 3846 2229 3908 iactus
2253 3848 2302 3895 et
2329 3857 2474 3895 canes

1761 3937 1811 3986 et
1834 3935 1892 3984 iis
1911 3936 2106 3997 iunctos
2132 3936 2345 3983 armatos
2367 3932 2611 3994 excipiens
2633 3933 2684 3981 et
2702 3944 2867 3979 arcens
2889 3946 2901 3978 :

1763 4024 1956 4088 quando
1977 4035 2094 4073 vero
2113 4020 2284 4071 mortis
2301 4022 2493 4083 tempus
2509 4019 2704 4069 affuerit
2718 4056 2732 4079 ,
2757 4022 2960 4069 mortuo

1767 4113 1913 4163 etiam
1932 4112 2118 4161 alienus
2131 4110 2260 4173 iusta
2282 4108 2500 4159 funebria
2516 4144 2529 4167 ,
2546 4107 2790 4157 communi
2809 4109 2997 4157 natura,-
3020 4107 3198 4167 dcbita,
3226 4120 3332 4169 pcr-

1823 4203 1964 4250 Nunc
1979 4237 1995 4262 ,
2013 4213 2044 4248 o
2063 4202 2166 4248 Rex
2178 4234 2192 4259 ,
2215 4195 2386 4247 dextre
2403 4196 2642 4247 factorum
2662 4198 2848 4257 auctor,
3151 4194 3329 4261 [solvit.

1763 4288 1926 4351 accipe
1944 4286 2171 4336 mirabilis
2191 4284 2470 4336 certaminis
2489 4322 2503 4347 ,
2533 4287 2591 4335 ut
2612 4298 2716 4335 sese
2741 4285 2934 4345 habeat,
2957 4283 3174 4333 modum.

1764 4380 1971 4439 Serpens
1987 4376 2059 4425 est
2077 4374 2153 4425 isti
2172 4373 2349 4423 belluae
2368 4372 2725 4423 inimicissimus
2744 4394 2756 4423 :
2852 4372 3046 4437 [praeter
3065 4373 3334 4433 serpentem

1764 4466 1837 4515 est
1852 4478 1968 4515 vero
1986 4476 2180 4526 serpens
2218 4463 2267 4511 in
2286 4460 2416 4511 Indis
2434 4462 2711 4523 portentum
2740 4473 2751 4507 :
2781 4472 2891 4522 qum
2910 4458 3036 4507 enim
3057 4458 3150 4506 alia
3183 4456 3332 4505 bestia

1765 4556 1926 4605 simul
1950 4552 2142 4613 celeris,
2171 4550 2408 4613 maligna,
2432 4552 2600 4609 torva,
2625 4548 2808 4597 lubrica
2829 4585 2841 4609 ,
2865 4546 3082 4609 grandis.

1766 4641 2002 4691 vastatrix
2017 4676 2032 4699 ,
2060 4638 2248 4699 audax,
2272 4636 2632 4699 fulgurantibus
2653 4635 2832 4695 oculis,

1765 4729 1961 4791 frigida,
1987 4726 2213 4789 humida,
2239 4725 2478 4775 morsibus
2495 4724 2754 4775 inferendis
2773 4726 2994 4787 prompta
3010 4759 3024 4779 ,

1766 4832 1960 4881 repens,
1983 4816 2200 4876 sibilans,
2219 4826 2476 4875 evomens,
2497 4813 2684 4875 afflans,

1766 4908 1817 4955 et
1833 4905 1934 4955 suis
1952 4905 2156 4954 flexibus
2173 4904 2404 4965 tanquam
2428 4902 2518 4951 alis
2535 4902 2755 4951 irruens?

1770 4994 1894 5052 llic,
1927 4992 2091 5055 procul
2119 4994 2373 5052 conspecto
2399 4989 2680 5051 elephante,

1768 5081 1849 5144 qui
1872 5080 1933 5129 ad
1959 5078 2246 5127 vindemiam
2267 5078 2485 5126 tenuium
2506 5076 2810 5125 surculorum
2831 5075 3018 5123 accedit
3033 5110 3048 5135 ,

1768 5166 1926 5216 densis
1951 5167 2095 5215 ramis
2113 5166 2172 5217 de
2195 5166 2422 5216 industria
2447 5165 2776 5222 absconditus,
