3767 5825
591 409 665 461 74
1961 395 2394 456 PRAEFATIO.

586 532 1031 610 Erasistratique
1044 531 1285 610 aqualis
1308 529 1473 604 (Gal.
1500 530 1723 590 Comm.
1743 528 1817 586 v1
1836 529 1898 587 in
1919 529 2139 608 Aphor.

586 627 653 685 T.
681 626 750 700 V,
790 649 849 706 p.
892 629 997 685 301
1028 627 1071 706 ).
1096 627 1319 685 Nomen
1354 639 1509 684 certe
1534 624 1806 682 Antiochi
1842 624 2144 682 Philome-

588 724 734 781 toris
760 724 900 782 satis
926 723 1147 781 indicat
1182 723 1297 781 hoc
1335 722 1813 780 medicamentum
1842 719 2016 778 initio
2051 738 2144 777 se-

588 819 761 876 cundi
803 832 935 876 ante
973 830 1230 877 nostram
1269 837 1443 876 aeram
1482 816 1661 876 seculi
1688 835 1808 873 non
1848 814 2025 872 fuisse
2057 833 2147 872 re-

589 915 843 986 centius3
899 928 985 972 est
1037 934 1218 993 porro
1266 914 1465 974 eadem
1525 912 1777 971 theriaca
1826 930 1957 988 quae
2005 922 2148 968 teste

586 1012 783 1070 Plinio
809 1009 971 1090 (XX,
1013 1021 1085 1080 24
1111 1011 1131 1092 )
1158 1012 1354 1092 lapide
1390 1011 1576 1070 incisa
1618 1022 1743 1068 erat
1779 1005 2045 1066 versibus
2085 1007 2146 1064 in

589 1108 791 1166 limine
816 1108 957 1165 aedis
982 1107 1313 1187 AEsculapii.
1490 1173 1497 1180 .

668 1201 809 1261 Post
842 1202 1183 1262 Theriacam
1218 1202 1459 1261 Eudemi
1489 1199 1861 1259 exhibuimus
1891 1197 2148 1255 Theria-

591 1318 715 1356 cam
740 1297 1132 1357 Andromachi
1162 1298 1415 1357 senioris
1437 1295 1873 1354 celeberrimam
1892 1338 1907 1365 ,
1935 1292 2150 1351 Neroni

590 1396 927 1474 imperatori
968 1395 1285 1454 dedicatam
1308 1438 1325 1466 ,
1368 1395 1441 1452 de
1473 1393 1641 1472 cujus
1678 1402 1839 1450 aetate
1868 1390 2051 1466 igitur
2089 1401 2153 1446 ut

590 1491 977 1570 disceptemus
1006 1511 1123 1549 non
1151 1503 1240 1549 est
1256 1510 1425 1569 opus.

672 1585 952 1647 Ultimum
992 1588 1145 1645 inter
1185 1587 1445 1644 carmina
1474 1585 1731 1660 elegiaca
1766 1583 1960 1641 locum
1999 1590 2155 1638 tenet

592 1682 1071 1746 medicamentum
1094 1681 1314 1758 Aglaiae
1340 1680 1619 1739 adversus
1638 1677 1990 1738 suffusiones
2010 1675 2153 1732 inci-

591 1781 836 1858 pientes.
871 1779 1061 1857 Hujus
1110 1779 1388 1837 carminis
1416 1778 1665 1857 primam
1694 1774 1960 1834 notitiam
1989 1771 2156 1830 debe·

593 1897 721 1936 mus
748 1877 879 1936 viro
904 1877 977 1936 cl.
1017 1875 1331 1952 Villoison‚
1362 1875 1465 1951 qui
1492 1887 1625 1932 octo
1666 1873 1898 1952 priores
1948 1886 2154 1926 versus

592 1973 775 2032 edidit
792 1992 825 2031 e
850 1970 995 2031 Cod.
1025 1970 1285 2050 Veneto(
1308 1968 1526 2028 Anecd.
1550 1987 1639 2044 gr.
1662 1967 1735 2025 T.
1762 1966 1845 2037 ll,
1870 1987 1934 2044 p.
1967 1963 2149 2039 179);

598 2069 810 2127 deinde
824 2082 955 2127 ante
977 2069 1153 2126 hosce
1169 2079 1443 2146 quattuor
1458 2085 1643 2123 annos
1663 2064 1759 2121 vir
1781 2062 1939 2120 doct.
1963 2061 2151 2120 Sichel

594 2165 821 2244 primus
862 2165 1153 2239 integrum
1206 2181 1438 2220 carmen
1494 2161 1555 2218 in
1609 2160 1795 2217 lucem
1845 2156 2096 2236 protulit
2123 2176 2156 2214 e

594 2259 740 2318 Cod.
793 2259 1065 2318 Parisino
1116 2260 1179 2317 in
1233 2257 1438 2315 Diario
1491 2259 1670 2312 Reme
1722 2257 1795 2310 de
1844 2254 2157 2326 PhilologIe

596 2357 614 2432 (
638 2354 767 2413 vol.
794 2354 968 2428 11,N⁰
1001 2375 1024 2411 1
1058 2355 1101 2431 ).
1132 2352 1354 2424 Quodsi
1384 2351 1734 2422 Alexander,
1757 2347 1926 2426 cujus
1952 2347 2016 2406 in
2042 2367 2158 2406 me·

593 2451 906 2509 dicamenti
935 2449 1321 2527 inscriptione
1345 2447 1409 2504 fit
1434 2447 1671 2518 mentio,
1701 2445 1875 2503 fuerit
1902 2444 2157 2501 Alexan-

595 2544 700 2603 der
726 2545 1078 2604 philalethes
1098 2542 1405 2601 Strabonis
1424 2541 1697 2618 aequalis(
1716 2537 1851 2610 XII,
1886 2558 1946 2616 p.
1977 2539 2154 2614 869),

599 2641 725 2719 ipse
775 2641 1042 2717 Aglaias,
1081 2639 1168 2698 uti
1213 2637 1335 2716 jam
1376 2648 1687 2695 monuerat
1731 2635 1887 2692 doct.
1933 2633 2155 2705 Sichel,

598 2737 716 2795 fere
761 2735 1156 2794 Andromachi
1196 2732 1499 2792 habendus
1538 2743 1625 2789 est
1669 2730 1910 2807 aequalis
1930 2773 1946 2802 ‚
1988 2742 2160 2807 atque

596 2832 717 2890 haec
750 2831 1087 2910 conjectura
1102 2849 1173 2888 eo
1210 2829 1273 2887 fit
1295 2846 1572 2907 perquam
1612 2825 1974 2897 verisimilis,
2000 2824 2156 2901 quod

596 2932 721 3007 ipse
766 2926 1116 2999 Alexander,
1172 2922 1660 3002 quemadmodum
1711 2941 1745 2977 e
1784 2920 2008 2979 Galeno
2037 2921 2054 2997 (
2077 2920 2160 2977 De

596 3023 725 3081 diff.
754 3023 906 3102 puls.
942 3021 1043 3097 IV,
1078 3022 1134 3093 5,
1170 3019 1242 3077 Τ.
1286 3018 1407 3091 111,
1435 3039 1493 3097 p.
1530 3019 1602 3085 46
1630 3018 1650 3095 )
1683 3028 1938 3087 constat,
1979 3015 2161 3073 disci-

598 3121 801 3201 pulum
864 3119 1074 3179 habuit
1130 3116 1597 3176 Demosthenem.
1657 3112 1864 3172 Nescio
1941 3125 2162 3183 tamen,

599 3217 978 3297 quamobrem
1018 3216 1173 3275 doct.
1226 3214 1416 3273 Sichel
1466 3212 1884 3271 confectionem
1942 3223 2161 3267 tantum

600 3314 999 3373 medicaminis
1024 3311 1298 3371 tribuerit
1316 3312 1430 3390 ipsi
1453 3310 1693 3385 Agla'iae‚
1720 3308 2000 3367 carminis
2019 3328 2161 3365 vero

601 3423 893 3469 auctorem
922 3408 1190 3467 habuerit
1230 3411 1665 3484 grammaticum
1708 3406 2014 3483 quemdam
2051 3406 2162 3482 By·

601 3506 932 3579 zantinum3
997 3503 1171 3563 nobis
1212 3503 1373 3561 nulla
1414 3522 1586 3559 causa
1626 3513 1851 3558 exstare
1905 3500 2157 3573 videtur,

602 3620 781 3679 quare
818 3620 948 3657 cum
976 3598 1377 3656 medicaminis
1424 3610 1543 3654 tuin
1574 3596 1851 3653 carminis
1878 3596 2162 3671 originem

603 3694 839 3753 aliunde
866 3694 1219 3752 deducamus
1243 3712 1415 3770 quam
1440 3690 1513 3748 ab
1537 3692 1737 3765 Aglaia
1766 3701 1992 3749 nostre.
2017 3690 2165 3748 Huic

603 3811 839 3871 quoque
892 3792 1136 3850 carmini
1193 3787 1598 3866 subjungenda
1652 3806 1776 3844 esse
1832 3788 2164 3845 censuimus

602 3888 839 3947 Scholia
873 3906 947 3945 ex
988 3885 1193 3943 eodem
1230 3884 1444 3943 Codice
1483 3882 1860 3962 deprompta,
1903 3882 2042 3959 quia
2074 3883 2165 3939 his

604 3986 824 4044 carenti
865 3998 1019 4043 certe
1050 3983 1350 4042 intellectu
1388 4001 1507 4039 non
1534 3980 1764 4038 facilius
1797 3980 2165 4037 inveniretur

604 4101 777 4159 quam
807 4080 1168 4139 Philonium.

683 4178 957 4236 Carmina
994 4170 1250 4252 elegiaca
1290 4194 1498 4234 rursus
1534 4174 1835 4252 excipiunt
1871 4173 2052 4231 iambi
2095 4174 2167 4232 de

605 4275 748 4333 vino
785 4286 1018 4331 auctore
1054 4270 1375 4330 Mnesitheo
1420 4269 1757 4327 Athernensi
1800 4269 1956 4347 apud
1995 4269 2166 4329 Athe-

606 4389 794 4427 naeum
813 4368 1043 4443 legendi
1064 4365 1280 4442 quibus
1298 4365 1500 4424 addidi
1519 4365 2004 4439 elegantissimam
2026 4364 2170 4423 Gro-

606 4465 676 4523 tii
704 4462 1261 4541 interpretationem.
1291 4460 1460 4531 Quod
1502 4460 1573 4518 ad
1600 4460 1909 4517 Mnesithei
1947 4472 2166 4518 aetatem

609 4564 846 4635 attinet,
884 4571 1212 4619 recensetur
1238 4558 1439 4618 itidem
1475 4578 1508 4615 a
1536 4558 1759 4615 Galeno
1801 4556 2066 4635 (Comm.
2107 4558 2172 4614 in

612 4659 789 4737 Hipp.
830 4669 948 4717 nat.
979 4656 1139 4715 hom.
1176 4655 1220 4715 1.
1252 4654 1295 4713 l.
1322 4654 1342 4731 )
1380 4654 1532 4711 inter
1560 4652 1817 4710 medicos
1846 4652 2170 4729 Herophilo

611 4755 1007 4832 antiquiores,
1050 4752 1377 4829 citaturque
1420 4762 1695 4829 praeterea
1736 4747 1810 4806 ab
1853 4749 2024 4807 Alexi
2069 4770 2171 4807 co-

615 4855 768 4912 mico
812 4852 940 4930 (ap.
985 4849 1323 4908 Athenaeum
1367 4846 1418 4905 X
1454 4868 1513 4927 p.
1562 4856 1677 4922 419
1716 4849 1799 4920 c).
1839 4844 1910 4903 In
1948 4846 2174 4923 reliqua

613 4946 919 5007 Mnesithei
951 4964 1132 5024 opera
1159 4944 1306 5002 nihil
1344 4957 1433 5001 est
1458 4963 1562 5000 cur
1591 4962 1743 4999 nunc
1781 4940 2169 5017 inquiramus.

694 5044 747 5099 A
798 5040 1119 5099 Mnesitheo
1176 5038 1423 5097 transivi
1477 5037 1547 5095 ad
1600 5056 1807 5094 versus
1856 5034 2140 5094 iambicos
2154 5079 2171 5109 ,
2269 5056 2347 5105 hic
2363 5056 2456 5106 sub
2468 5057 2610 5106 mmo
2629 5058 2743 5119 ssepi
2759 5058 2922 5105 ἁπλῶν
2939 5056 3042 5105 ,m-
3061 5058 3181 5113 εἶδος
3201 5059 3446 5115 veneunt,
3459 5057 3653 5103 aum

617 5136 836 5216 quibus
856 5136 1141 5194 Servilius
1165 5135 1535 5191 Damocrates
1560 5132 1739 5190 multa
1760 5131 2178 5189 medicamenta
2274 5135 2366 5197 logi
2386 5135 2433 5183 in
2455 5148 2664 5184 errorem
2681 5133 2992 5183 induxerunt.

2237 4815 2250 4828 ·
2264 4746 2514 4823 denique
2536 4746 2652 4804 alia
2675 4745 2747 4803 de
2765 4764 2958 4815 causa,
2980 4744 3184 4801 Latina
3200 4744 3428 4803 Graecis
3446 4764 3560 4801 non
3579 4760 3680 4815 resp

2235 528 2544 607 descripsit
2579 548 2950 607 quorumque
2989 541 3306 606 separatam
3345 527 3628 588 editionem
3657 529 3721 600 ixi-3

2237 626 2499 699 choavit,
2529 626 2630 684 sed
2661 646 2780 685 non
2819 628 3074 684 absolvit
3101 626 3252 686 doct.
3295 625 3500 684 Harles
3529 627 3718 702 (lionae

2243 722 2415 780 5833.
2450 721 2528 793 4⁸⁰
2553 723 2594 800 ).
2626 721 2758 780 Fuit
2795 736 2983 781 autem
3013 722 3176 780 hicce
3211 723 3562 780 Damocratis
3593 703 3722 792 Plinii]

2239 816 2480 895 majoris
2507 817 2746 894 aequalis
2777 817 2960 897 (Hist.
2987 815 3116 877 Nat.
3143 813 3360 892 xxlv,
3391 839 3424 890 7
3447 815 3487 895 l.
3720 819 3721 826 ’

2318 912 2685 971 Medicinalia
2699 915 2960 972 carmina
2975 913 3170 972 omnia
3187 933 3320 990 quae
3341 913 3416 971 ad
3437 913 3576 970 hunc
3595 917 3722 990 usque*

2241 1009 2429 1067 locum
2459 1010 2827 1082 enumeravi,
2853 1010 3110 1086 exceptis
3127 1008 3514 1086 jurejurando
3531 1052 3546 1078 ,
3571 1011 3722 1082 Aglaiz

2240 1105 2658 1202 medicamento
2675 1118 2734 1165 et
2750 1106 3056 1166 Mnesithei
3077 1089 3290 1164 iambis
3305 1147 3324 1176 ‚
3347 1105 3624 1183 desumpta
3637 1116 3722 1178 sunt

2240 1221 2273 1259 e
2291 1200 2498 1260 Galeni
2519 1201 2796 1280 operibus
2809 1246 2827 1274 ,
2854 1203 3062 1280 partim
3084 1219 3118 1258 e
3135 1200 3305 1259 Libb.
3325 1201 3417 1258 De
3435 1201 3572 1262 med.
3587 1195 3722 1278 come

2241 1317 2354 1356 sec.
2377 1299 2517 1371 loc„
2542 1301 2756 1378 partim
2774 1318 2807 1357 e
2827 1297 2998 1359 Libb.
3015 1299 3101 1357 De
3119 1298 3270 1359 med.
3285 1319 3482 1378 comp.
3499 1319 3598 1358 sec.
3617 1301 3722 1373 gem,

2243 1393 2450 1471 partim
2481 1394 2734 1472 denique
2761 1413 2794 1451 e
2818 1392 3096 1452 Tractatu
3118 1394 3189 1452 de
3212 1394 3416 1453 Antid.
3441 1395 3622 1471 ltaque
3641 1412 3722 1453 cum

2243 1508 2442 1547 omnes
2463 1489 2583 1547 fere
2595 1487 2733 1548 libri
2749 1487 3012 1548 Galenici
3033 1490 3096 1548 in
3115 1489 3272 1548 hunc
3283 1509 3476 1566 usque
3489 1489 3620 1548 diem
3632 1489 3722 1553 editi

2244 1583 2456 1642 acriter
2471 1603 2702 1642 manum
2719 1585 3136 1644 emaculantem
3150 1597 3480 1664 expectant,
3499 1606 3642 1661 quam
3655 1587 3722 1662 pri

2243 1699 2402 1737 mum
2421 1679 2565 1738 mihi
2584 1679 2992 1738 demandatum
3013 1679 3124 1738 fuit
3139 1699 3356 1740 munus
3375 1679 3574 1738 horum
3591 1683 3722 1738 oemfi·

2245 1795 2384 1834 num
2414 1774 2772 1835 edendorum
2792 1821 2811 1854 ,
2837 1777 3040 1836 sedulo
3065 1797 3302 1855 operam
3321 1777 3502 1848 dedi,
3533 1790 3586 1834 ut
3603 1777 3712 1832 Codd

2245 1876 2629 1946 nancisoerer,
2646 1893 2899 1951 quorum
2918 1894 3032 1952 ope
3045 1875 3374 1932 carminum
3389 1888 3592 1934 textum
3605 1895 3722 1932 emen

2247 1971 2386 2029 dare
2399 1991 2648 2050 possem.
2661 1971 2903 2031 Huncin
2913 1972 3088 2030 finem
3101 1973 3331 2030 excussi
3345 1974 3596 2051 quinque
3603 1971 3722 2034 Codd*

2245 2064 2548 2125 Parisinos
2577 2067 2796 2144 (2155,
2825 2066 3004 2140 2156,
3037 2067 3218 2143 2158,
3248 2069 3436 2140 2164,
3465 2065 3722 2142 αις-31,ᾳῶ

2247 2179 2396 2239 opus
2423 2161 2509 2219 De
2537 2162 2687 2222 med.
2723 2182 2837 2221 sec.
2868 2163 2986 2224 loc.
3017 2162 3219 2241 ejusve
3249 2177 3480 2242 partem
3515 2165 3722 2222 contines

2249 2255 2410 2334 iique
2439 2256 2582 2314 mihi
2611 2258 2766 2316 haud
2800 2258 3276 2316 contemnendam
3306 2278 3484 2336 opem
3513 2259 3577 2316 ad
3601 2277 3722 2316 emena

2247 2353 2501 2411 dandum
2524 2368 2856 2414 contextum
2877 2357 3155 2415 tulerunt.
3179 2355 3328 2413 Cum
3351 2369 3536 2414 antem
3561 2355 3722 2412 Parisii

2249 2448 2597 2527 deessent(1)
2611 2449 2768 2508 Codd
2780 2494 2793 2507 .
2808 2449 2980 2509 Libb.
2999 2451 3084 2508 De
3099 2451 3306 2510 medic.
3328 2472 3521 2530 comp.
3529 2469 3722 2524 secgrm

2254 2542 2448 2601 Romae
2474 2545 2620 2603 forte
2648 2545 2862 2621 degens
2887 2546 3118 2624 inspexi
3153 2545 3296 2605 Cod.
3335 2545 3477 2621 Reg.
3505 2545 3722 2602 Christina

2249 2637 2358 2695 hos
2391 2637 2580 2698 libros
2617 2639 2983 2699 exhibentem
3002 2686 3019 2718 ‚
3043 2641 3200 2698 unde
3241 2653 3330 2698 sat
3363 2661 3616 2716 magnum
3643 2659 3696 2715 qu

2251 2752 2365 2804 que
2397 2737 2848 2794 emolumentum
2875 2736 2940 2793 in
2965 2735 3278 2794 editionem
3307 2751 3566 2794 nostram
3591 2735 3692 2791 redu

2251 2827 2429 2888 davit.
2459 2829 2627 2890 Libb.
2656 2830 2884 2889 tandem
2903 2830 2976 2888 de
3002 2830 3204 2888 Antid.
3227 2827 3352 2888 duo
3381 2845 3588 2888 tantum
3609 2827 3696 2886 eod

2251 2923 2508 2983 Parisini
2559 2928 2576 3003 (
2605 2929 2847 2996 21644et
2880 2927 2952 2984 35
2995 2926 3298 3004 Supplem.
3343 2928 3504 3003 quod
3546 2926 3706 2983 dicitur

2253 3023 2398 3081 mihi
2453 3036 2666 3102 praesto
2713 3036 2880 3082 erant
2924 3024 3086 3101 iique
3113 3024 3530 3093 recentissimi,
3562 3036 3690 3080 attam

2252 3119 2419 3188 ethis
2439 3118 2638 3194 adjuto
2659 3119 2962 3191 nonnulla,
2980 3119 3208 3177 etiamsi
3227 3122 3532 3196 pauciora,
3551 3139 3624 3175 en
3707 3116 3716 3125 “

2254 3216 2614 3275 carminibus
2665 3216 2872 3275 menda
2922 3217 3136 3293 ejicere
3180 3216 3328 3273 mihi
3385 3217 3564 3273 licuit.
3611 3214 3722 3281 Qum:

2254 3325 2440 3370 autem
2462 3312 2638 3389 hujus
2656 3312 3094 3371 editionis'ratio
3109 3324 3286 3384 vetat,
3313 3315 3614 3389 quominus
3625 3309 3722 3365 varia

2255 3410 2531 3467 lectiones
2551 3411 2848 3469 contextui
2868 3409 3280 3487 subjiciantur,
3304 3409 3625 3487 ubicunque
3639 3422 3722 3463 men

2256 3506 2596 3583 conjectura
2645 3519 2976 3565 contextum
3018 3506 3327 3565 emendare
3371 3520 3600 3564 conatus
3633 3520 3718 3559 sum

2255 3604 2307 3662 si
2337 3604 2538 3680 aliquo
2578 3602 2751 3660 modo
2789 3604 2918 3660 fieri
2956 3616 3175 3681 posset,
3201 3602 3390 3668 vei-lu
3439 3602 3618 3659 addita
3637 3587 3722 3654 und

2255 3698 2490 3771 inclusi,
2525 3700 2612 3756 vel
2637 3698 2936 3756 emendata
2961 3700 3132 3773 signo
3153 3700 3216 3775 (i’)
3247 3697 3540 3767 indicavi,
3565 3715 3658 3771 quo
3675 3703 3722 3748 ml

2255 3793 2371 3852 lius
2390 3795 2888 3870 distinguerentur
2907 3813 2940 3851 a
2963 3795 3129 3866 locis,
3147 3793 3368 3871 quibus
3389 3796 3482 3851 vel
3503 3792 3676 3859 codd„
3689 3805 3722 3843 v<

2258 3890 2468 3968 passim
2498 3894 2694 3962 etiam,
2727 3891 2863 3947 licet
2907 3910 3060 3959 raro,
3091 3890 3466 3966 antiquarum
3501 3888 3722 3945 editionul

2262 3984 2434 4061 (Ald.
2465 3974 2680 4042 et'Bas.
2714 3986 2732 4061 )
2780 4004 2894 4063 ope
2924 3986 3236 4063 pristinum
3274 3984 3528 4041 nitorem
3563 3980 3722 4039 restim*

2259 4100 2399 4137 ram.
2433 4080 2510 4137 Ut
2549 4100 2731 4159 porro
2769 4080 2973 4138 Latine
3015 4078 3352 4137 exhiberem
3383 4080 3508 4137 haec
3529 4074 3722 4134 carmini

2259 4176 2331 4232 iis
2368 4195 2497 4253 quae
2525 4196 2557 4231 e
2592 4174 2768 4233 Libb.
2799 4174 2886 4231 De
2915 4174 3066 4232 med.
3112 4166 3310 4252 comps
3336 4194 3453 4232 sec.
3491 4174 3596 4229 loc.
3629 4166 3722 4247 ped!

2259 4283 2426 4327 erant
2448 4269 2644 4327 addidi
2669 4270 3207 4347 interpretationem
3228 4268 3367 4327 Jani
3393 4266 3656 4332 Corum-ii,

2261 4365 2524 4423 minibus
2561 4384 2704 4421 vero
2735 4382 2768 4421 e
2809 4362 2982 4421 Libb.
3023 4364 3110 4421 De
3147 4362 3295 4421 med.
3331 4384 3523 4441 comp.
3543 4382 3638 4419 sec.
3661 4420 3675 4433 ,

2260 4459 2579 4537 desumptis
2595 4458 3028 4517 translationem
3053 4456 3322 4515 Guinteri
3340 4450 3714 4515 Andernacens'

2263 4576 2406 4633 quas
2425 4556 2662 4613 nonnisi
2685 4554 2762 4613 iis
2801 4553 2862 4611 in
2892 4554 3040 4612 locis
3077 4553 3364 4627 castigare
3391 4566 3614 4610 conatus
3635 4568 3684 4606 su

2262 4650 2366 4708 ubi
2381 4650 2473 4707 vel
2487 4662 2730 4729 propter
2743 4662 3016 4707 mutatam
3027 4648 3356 4720 lectionem,
3371 4648 3468 4706 vel
3487 4665 3646 4724 quaen

2329 4900 2398 4963 (1)
2433 4904 2488 4950 In
2519 4902 2748 4963 catalogo
2781 4900 2976 4964 quidem
3013 4900 3196 4950 lii-libri
3221 4899 3270 4947 in
3297 4900 3458 4949 codd.
3486 4905 3595 4947 2156
3616 4898 3652 4942 ct
3669 4896 3706 4939 21

2266 4980 2469 5028 inveniri
2504 4980 2750 5040 dicuntur,
2779 4980 2863 5028 sed
2889 4979 3026 5029 Libb.
3055 4980 3218 5029 vl-xl
3240 4982 3310 5027 De
3335 4979 3499 5040 simpl.
3528 4974 3684 5025 medic-2
