3767 5825
1224 399 1505 463 Mosen!
1547 400 1918 460 lDYLLlON
1964 399 2038 458 11.
3155 405 3226 455 79

66 559 99 600 ω
116 533 285 608 ἀγλαΐην
304 533 498 611 πυρσοῖο
518 533 664 610 ῥόδου
687 530 919 611 χείρεσσι
940 529 1161 608 λέγουσα
1176 575 1191 600 ,

116 612 271 698 οἷάπερ
294 621 341 677 ἐν
366 617 639 696 Χαρίτεσσι
668 616 940 697 διέπρεπεν
970 615 1315 697 Ἀφρογένεια.

111 710 151 765 αὖ
170 706 251 782 μὴν
273 706 409 786 δηρὸν
428 705 637 782 ἔμελλεν
656 704 742 764 ἐπ’
766 704 945 763 ἄνθεσι
964 703 1123 780 θυμὸν
1143 704 1343 780 ἰαίνειν,

113 795 187 864 οὐδ’
207 793 292 872 ἄρα
315 793 577 873 παρθενίην
604 789 793 871 μίτρην
817 790 1073 870 ἄχραντον
1102 789 1330 870 ἔρυσθαι.

112 875 229 961 {wip
251 879 306 952 δὴ
326 879 567 960 Κρονίδης
587 877 657 946 ὥς
676 902 765 956 μιν
787 877 1027 960 φράσαθ’,
1045 881 1116 944 ὣς
1132 877 1313 948 ἐόλητο

66 995 97 1034 3
112 971 233 1046 θυμὸν
250 969 548 1028 ἀνωίστοισιν
562 967 875 1045 ὑποδμηθεὶς
896 965 1157 1046 βελέεσσιν

111 1057 321 1136 Κύπριδος
337 1101 355 1134 ,
376 1055 409 1127 ἢ
434 1055 596 1132 μούνη
627 1054 842 1113 δύναται
863 1054 954 1112 καὶ
979 1057 1127 1124 Ζῆνα
1150 1055 1437 1131 δαμάσσαι.

112 1143 157 1214 δὴ
170 1145 253 1224 γὰρ
270 1142 553 1252 ἀλευόμενός
577 1165 635 1201 τε
652 1141 809 1222 χόλον
837 1140 1124 1218 ζηλήμονος
1146 1139 1321 1221 Ἥρης
1332 1187 1351 1218 ,

112 1235 361 1308 καρθενικης
377 1230 421 1288 τ’
445 1229 632 1288 ἐθέλων
652 1227 843 1287 ἀταλὸν
862 1229 977 1286 νόον
994 1226 1341 1301 ἐξαπατῆσαι,

110 1317 235 1397 κρύψε
260 1317 357 1376 θεὸν
374 1317 461 1376 καὶ
484 1315 641 1397 τρέψε
672 1315 831 1393 δέμας
858 1315 949 1374 καὶ
970 1314 1141 1392 γίνετο
1167 1339 1354 1396 ταυρος
1377 1361 1395 1394 ‚

66 1423 97 1462 ω
110 1407 179 1512 οὐχ
203 1395 287 1472 οἷος
300 1409 533 1482 σταθμοῖς
556 1403 901 1484 ἑνιφέρὸεται,
923 1402 1039 1462 οὐδὲ
1060 1403 1155 1480 μὲν
1177 1393 1277 1470 οἶος

110 1483 221 1550 ωλκα
240 1491 490 1569 διατμήγει
523 1491 695 1572 σύρων
722 1489 987 1567 εὐκαμπὲς
1005 1490 1239 1571 ἄροτρον.

114 1579 197 1656 [οὓο
178 1569 313 1645 οἶος
328 1580 563 1656 ποίμναις
584 1577 933 1652 ἒπιὸόσκεται,
950 1576 1067 1637 οὐδὲ
1094 1576 1187 1656 μὲν
1206 1570 1309 1643 οἷος

111 1665 213 1730 ὅστις
230 1667 516 1743 ὑποδμηθεὶς
542 1665 679 1746 ἕρύει
705 1665 1025 1745 πολύφορτον
1054 1664 1277 1738 ἀπήνην.
1284 1665 1306 1743 ]

110 1756 177 1808 τοῦ
193 1773 215 1810 ο
196 1752 341 1825 ”vitot
358 1753 413 1810 τὸ
432 1752 528 1830 μὲν
557 1751 689 1812 ἄλλο
707 1751 869 1831 δέμας
886 1751 1191 1834 ξανθόχροον
1224 1751 1391 1823 ἔσκεν,

66 1859 93 1900 3
108 1839 249 1906 κύκλος
274 1840 319 1898 δ’
338 1839 587 1920 ἀργύφεος
615 1839 794 1919 μέσσῳ
829 1837 1095 1920 μάρμαιρε
1130 1839 1375 1920 μετώπῳ,

108 1927 257 1985 6⁶oe&
276 1928 693 2006 ὑπογλαύσσεοκε
722 1926 814 1985 καὶ
839 1925 1021 2008 ἵμερον
1052 1928 1464 2009 ἀστράπτεσκεν,

102 2003 171 2072 ἶσα
190 2015 230 2072 τ’
250 2018 325 2075 ἐπ’
358 2015 631 2088 ἀλλήλοισι
662 2015 791 2096 κέρα
825 2013 1060 2074 ἀνέτελλε
1089 2015 1352 2095 καρήνου,

106 2101 273 2180 ἄντυγος
294 2105 549 2182 ἡμιτόμου
570 2107 761 2184 κεραῆς
782 2101 874 2162 ἅτε
903 2101 1070 2162 κύκλα
1097 2104 1333 2175 σελήνης.

107 2189 223 2258 ἤλυθε
243 2191 285 2248 δ’
308 2194 355 2257 ἐς
377 2194 611 2268 λειμῶνα
630 2189 721 2250 καὶ
752 2191 847 2248 οὐκ
874 2188 1099 2269 ἐφόὸησε
1127 2190 1368 2272 φαανθείς

66 2297 89 2335 ο
105 2278 385 2357 παρθενικάς,
412 2279 623 2358 πάσῃσι
652 2280 699 2338 δ’
719 2277 847 2358 ἔρως
866 2275 1029 2356 γένετ’
1049 2277 1199 2355 ἐγγὺς
1220 2275 1422 2336 ἱκέσθαι

104 2365 257 2442 ψαῦσαί
278 2371 319 2423 θ’
348 2369 583 2448 ἱμερτοῗο
612 2365 743 2445 βοός·
775 2370 865 2424 τοῦ
888 2367 934 2424 δ’
956 2363 1217 2445 ἄμὸροτος
1238 2363 1377 2441 ὀδμή

103 2451 239 2520 τηλόθι
262 2454 345 2511 καὶ
376 2457 632 2532 λειμῶνος
662 2453 900 2512 ἐκαίνυτο
925 2453 1085 2533 λαρὸν
1105 2452 1327 2530 ἀυτμήν.

104 2541 177 2609 στῆ
192 2539 235 2597 δὲ
258 2542 418 2600 ποδῶν
434 2539 788 2620 προπάροιθεν
825 2539 1089 2618 ἀμύμονος
1116 2537 1451 2619 Εὖρωπείης,

100 2623 168 2681 καί
190 2629 230 2684 οἱ
247 2629 558 2707 λιχμάζεσκε
590 2626 756 2708 δέριν,
786 2627 1063 2706 κατέθελγε
1096 2626 1149 2686 δὲ
1175 2620 1383 2709 κούρην.

66 2731 85 2770 ι
100 2715 127 2780 ἦ
145 2711 187 2769 δέ
206 2737 281 2790 μιν
297 2715 655 2797 ἀμφαφάασκε
682 2714 773 2773 καὶ
798 2715 971 2795 ἠρέμα
1004 2714 1233 2796 χείρεσιν
1256 2713 1417 2796 ἀφρόν

98 2799 247 2860 πολλὸν
276 2803 373 2861 ἀπὸ
396 2802 679 2882 στομάτων
709 2801 1070 2882 ἀπεμόργνυτο
1106 2803 1195 2861 καὶ
1218 2801 1345 2861 κύσε
1378 2805 1590 2880 ταῦρον.

102 2887 229 2967 αὐτὰρ
249 2893 275 2947 ὅ
298 2889 551 2971 μειλίχιον
580 2889 871 2965 μυκήσατο.
898 2891 1020 2973 φαῖό
1046 2914 1133 2950 κεν
1156 2891 1318 2950 αύλου

102 2976 340 3053 Ηυγδονίου
364 2980 515 3058 λιγὺν
538 2970 673 3059 ἦχον
696 2980 1011 3051 ἀνηπύοντος
1031 2979 1257 3040 ἀκούειν.

102 3062 267 3123 ὤκλασε
298 3066 349 3125 δὲ
370 3090 474 3149 προ
496 3068 721 3141 ποδοῖιν,
745 3067 978 3147 ἐδέρκετο
1014 3070 1058 3125 δ’
1098 3066 1405 3147 Εὗρωπείην

66 3150 235 3229 αὐχέν’
256 3154 565 3235 ἐπιστρέψας
593 3153 685 3214 καί
711 3156 758 3213 οἱ
780 3154 951 3213 πλατὺ
974 3155 1171 3213 δείκνυε
1194 3158 1376 3214 νῶτον.

101 3238 191 3306 ἡδὲ
209 3242 655 3319 βαθυπλοκάμοισι
680 3242 957 3319 μετέννεπε
982 3245 1368 3323 παρθενικῇσιν·

156 3327 271 3387 δεῦθ’
295 3329 478 3437 ἑτάραι
506 3328 677 3410 φίλιαι
704 3330 795 3387 καὶ
830 3332 1103 3406 ὁμήλικες,
1132 3328 1245 3410 ὄφρ’
1274 3327 1360 3386 ἐπὶ
1396 3329 1529 3405 τῇδε

100 3412 293 3489 ἑζόμενοι
315 3414 497 3497 ταύρῳ
516 3414 855 3494 τερπώμεθα·
878 3416 941 3485 δὴ
964 3415 1066 3507 [dp
1090 3414 1300 3481 ἁπάσας

96 3522 219 3559 m
248 3502 608 3585 ὖποσπορέσας
635 3500 930 3571 ἀναδίξεται
963 3494 1047 3561 οἶα
1072 3526 1128 3561 τε
1148 3526 1267 3574 νηα.

66 3584 224 3665 axau<
247 3590 288 3648 τ’
310 3590 542 3659 εἶςιδέειν
570 3590 661 3649 καὶ
690 3588 945 3669 μείλιχος,
979 3590 1093 3648 οὐδέ
1121 3614 1171 3648 τι
1197 3588 1403 3671 ταύροις

98 3672 257 3734 mom
280 3678 569 3759 προςέοικε·
598 3675 711 3742 νόος
735 3677 789 3735 δέ
812 3679 859 3735 οἱ
890 3676 1014 3749 ἠύτε
1042 3676 1209 3758 φωτός

95 3760 257 3839 εἷσιμος
282 3764 555 3847 ἀμφιθέει,
588 3763 779 3837 μούνης
814 3765 859 3821 δ’
884 3765 1175 3823 ἐπιδεύεται
1202 3764 1379 3835 αὐδῆς.

150 3850 205 3917 ὣς
227 3853 427 3932 φαμένη
452 3851 696 3911 νώτοισιν
719 3850 923 3931 ἐφίζανε
946 3852 1228 3928 μειδιόωσα
1246 3897 1264 3930 ‚

93 3940 132 3993 :i
154 3939 191 3995 δ’
212 3940 361 3999 ἄλλαι
390 3940 705 4015 μέλλεσκον·
738 3939 877 4020 ἄφαρ
905 3939 950 3997 δ’
980 3939 1276 4013 ἀνεπήλατο
1307 3946 1490 4021 ταῦρος
1510 3984 1526 4017 ‚

66 4024 139 4091 »ἣν
152 4028 279 4085 aaa
300 4028 562 4109 ἁρπάξας·
592 4026 727 4094 ὠκὺς
758 4028 801 4084 δ’
825 4026 911 4085 ἐπὶ
937 4027 1121 4086 πόντον
1147 4026 1340 4088 ἵκανεν.

88 4111 176 4179 ἡδὲ
199 4114 648 4196 μεταστρεφθεῖσα
672 4113 825 4195 φίλας
850 4114 1129 4173 καλέεσκον
1152 4114 1359 4195 ἑταίρας

86 4208 230 4277 χεῖρας
251 4202 578 4283 ὀριγνυμένη
592 4245 610 4276 ,
632 4200 721 4261 ταὶ
741 4204 789 4259 δ’
819 4205 913 4261 οὐκ
939 4200 1182 4261 ἐδύναντο
1202 4202 1451 4282 κιχάνειν.

88 4284 261 4347 ἀκτάων
287 4290 333 4347 δ’
358 4288 559 4355 ἕπιὸὰς
577 4287 793 4369 πρόσσω
820 4287 959 4361 θέεν,
986 4287 1113 4360 ἠύτε
1136 4289 1336 4368 δελφίς,

86 4376 239 4448 χηλαῖς
260 4376 597 4458 ἀὸρέκτοισιν
626 4375 710 4435 ἐπ’
738 4374 893 4455 εὐρέα
919 4374 1133 4453 κύματα
1162 4375 1373 4456 βαίνων.

66 4464 111 4529 ιή
134 4460 179 4521 δὲ
200 4464 303 4523 τότ’
325 4464 646 4547 ἐρχομένοιο
668 4464 1028 4541 γαληνιάασκε
1052 4464 1319 4538 θάλασσα,

84 4548 217 4617 κήτεα
236 4554 279 4609 δ’
308 4552 479 4635 ἀμφις
508 4550 705 4611 ἄταλλε
732 4551 853 4619 Διὸς
874 4552 1191 4633 προπάροιθε
1219 4554 1436 4623 ποδοῖιν,

84 4638 327 4711 γηθόσυνος
348 4640 395 4699 δ’
432 4637 575 4719 ὑπὲρ
604 4629 762 4716 οἶδμα
783 4638 1024 4698 κυὸίστεε
1057 4639 1273 4719 βυσσόθε
1300 4640 1490 4719 δελφίς.

84 4722 297 4802 Νηρείδες
325 4726 377 4785 δ’
404 4723 672 4785 ἀνέδυσαν
695 4724 822 4795 ὑπὲξ
850 4726 999 4799 ἁλός,
1028 4728 1083 4785 αἱ
1109 4727 1156 4785 δ’
1188 4726 1289 4807 ἄρα
1314 4732 1497 4785 πᾶσαι

84 4812 272 4881 κητείαις
292 4812 547 4872 νώτοισιν
570 4811 825 4895 ὄφήμεναι
847 4813 1169 4893 (inaximo.

66 4898 155 4955 καὶ
174 4899 215 4957 δ’
238 4900 395 4969 αὐτὸς
419 4899 753 4981 βαρύδουπος
773 4900 925 4981 ὑπεὶρ
952 4898 1057 4959 ἅλα
1085 4900 1434 4979 Ἐννοσίγαιος

86 4988 207 5059 κῦμα
230 4988 535 5047 κατιθύνων
556 4986 706 5060 ἁλίης
726 4991 903 5065 ἡγεῖτο
924 4985 1163 5046 κελεύθου

82 5074 517 5157 α’ἶντοιιασιγνήτῳ’
544 5075 622 5135 τοὶ
649 5074 695 5134 δ’
724 5075 861 5156 ἀμφί
882 5078 971 5153 ιρν
989 5073 1293 5155 ἠγερέθοντο

84 5158 347 5238 'spi-amu,
373 5162 599 5223 πόντοιο
625 5162 899 5245 βαρύθροοι
922 5162 1211 5245 αὗλητῆρκ
1228 5199 1255 5239 ,

1674 537 2044 601 pulcritudinem
2061 536 2220 586 rutilae
2247 548 2366 584 rosia
2395 534 2618 585 manibus
2640 536 2826 597 legens,

1674 625 1815 674 sicuti
1838 625 1962 674 inter
1989 623 2178 675 Gratias
2195 622 2385 673 excellit
2399 626 2582 672 vuius.

1674 725 1771 762 non
1792 725 1908 762 sane
1929 711 2012 762 diu
2029 711 2226 761 floribus
2245 710 2460 760 animum
2475 709 2774 760 oblectatur-a
2787 711 2916 772 erat,

1674 813 1765 849 nec
1780 799 2060 862 virginalem
2077 811 2247 848 zonam
2277 799 2510 862 inoegram
2525 799 2790 848 servatura.

1675 887 1852 937 etenim
1864 885 1966 959 jam
1992 887 2243 937 Saturnius
2261 889 2316 934 ut
2333 886 2486 948 ipsam
2501 884 2866 950 animadvertit,
2883 886 2943 935 ut
2958 884 3228 948 agitabatur

1675 973 1914 1024 in-animo
1932 973 2186 1036 inopinatis
2201 973 2414 1024 domitus
2437 973 2620 1036 saulttis

1676 1063 1876 1112 Veneris
1889 1098 1904 1123 ,
1923 1073 2036 1124 quae
2053 1062 2157 1112 sola
2181 1063 2339 1124 potaet
2355 1061 2501 1112 etiam
2518 1064 2692 1112 Jovem
2709 1059 2923 1112 domare.

1674 1151 1775 1214 iam
1801 1151 2105 1200 enim-vitans
2119 1151 2242 1199 iram
2268 1149 2502 1212 zelotypae
2519 1149 2751 1212 Junonis,

1680 1238 1950 1300 puelloeque
1969 1238 2137 1288 volens
2153 1239 2369 1287 teneram
2391 1238 2602 1286 mentem
2625 1237 2816 1300 tallere,

1679 1325 1852 1374 celavit
1866 1324 2015 1376 deum
2032 1327 2083 1375 et
2111 1325 2319 1374 mutavit
2341 1337 2517 1386 corpus
2540 1326 2592 1376 et
2612 1325 2768 1374 saeuis
2793 1325 2866 1374 est
2891 1325 3061 1376 taurus
3075 1360 3091 1387 ,

1629 1399 1643 1520 Ι
1676 1425 1777 1464 non
1799 1412 1955 1476 qualis
1977 1412 2028 1460 in
2051 1412 2250 1462 stabulis
2270 1411 2498 1476 pascitur,
2517 1425 2673 1475 neque
2690 1426 2807 1463 vero
2826 1413 2984 1476 qualis

1681 1500 1872 1551 sulcum
1897 1499 2100 1550 dissecat
2119 1500 2314 1550 trahens
2339 1512 2546 1550 curvum
2569 1501 2802 1550 aratrum.

1682 1587 1860 1652 [neque
1876 1587 2034 1651 qualh
2056 1587 2184 1638 inter
2198 1589 2417 1638 armenta
2441 1589 2676 1650 pascitur,
2698 1600 2858 1652 neque
2883 1587 3038 1650 qualis
3053 1592 3130 1639 est
3145 1589 3234 1639 ali-

1682 1675 1811 1738 quis]
1826 1675 1910 1737 qui
1929 1673 2142 1725 domitus
2157 1674 2306 1725 trahit
2317 1677 2544 1725 onustum
2563 1673 2870 1738 plaustrum]

1683 1761 1787 1823 eius
1802 1762 1946 1833 igitur
1962 1763 2179 1812 ceterum
2209 1761 2406 1825 quidem
2425 1775 2598 1824 corpus
2623 1761 2803 1812 flavum
2827 1766 2960 1825 erat,

1684 1849 1894 1899 circulus
1917 1851 2081 1899 autem
2104 1849 2244 1899 albus
2261 1853 2319 1900 tn
2341 1849 2498 1899 media
2515 1849 2794 1912 splendebat
2808 1851 2964 1901 fronte
2975 1889 2990 1913 ,

1684 1936 1813 1984 oculi
1836 1949 1952 1986 vero
1975 1935 2291 1987 sublucebant
2316 1937 2366 1986 et
2384 1949 2548 1986 amore
2573 1936 2845 2000 mlgebant,

1685 2027 1737 2075 et
1756 2025 1961 2088 aequalia
1980 2025 2106 2074 inter
2122 2037 2174 2075 se
2199 2037 2381 2074 cornua
2404 2024 2663 2088 surgebant
2679 2039 2707 2075 e
2721 2025 2874 2088 capite
2887 2062 2901 2086 ,

1686 2113 1811 2162 sicut
1839 2112 1982 2162 orbes
2007 2115 2224 2163 cornutae
2257 2113 2388 2162 lunae
2405 2113 2588 2163 ambitu
2617 2112 2882 2162 dimidiato.

1686 2199 1819 2250 venit
1835 2201 2000 2250 autem
2017 2201 2068 2249 in
2083 2201 2276 2264 pratum
2293 2212 2382 2249 nec
2398 2200 2655 2262 perterruit
2671 2199 2802 2249 visus

1687 2285 1895 2350 virgines
1907 2323 1922 2348 ,
1937 2286 2022 2337 sed
2047 2287 2271 2337 omnibus
2291 2287 2382 2336 fuit
2404 2286 2578 2350 cupido
2592 2288 2788 2350 propius
2808 2287 3062 2338 accedendi

1688 2375 1739 2424 et
1759 2373 2088 2429 contrectandi
2103 2374 2359 2425 amabilem
2379 2375 2581 2435 bovem;
2608 2373 2713 2436 eius
2728 2377 2892 2425 autem
2917 2374 3107 2425 divinus
3124 2376 3236 2424 odor

1688 2461 1858 2525 procul
1880 2462 2028 2512 etiam
2053 2462 2177 2525 prati
2193 2463 2449 2525 superabat
2474 2461 2668 2513 dulcem
2695 2462 2917 2513 halitum.

1690 2549 1823 2600 stetit
1838 2551 2004 2600 autem
2020 2551 2134 2600 ante
2147 2549 2291 2612 pedes
2308 2550 2555 2612 praeclaroe
2567 2539 2776 2613 Europae
2788 2587 2803 2612 ‚

1691 2637 1742 2684 et
1758 2635 1804 2684 ei
1819 2633 2066 2685 lambebat
2089 2634 2270 2684 collum
2280 2671 2296 2697 ,
2315 2634 2714 2699 demulcebatque
2729 2636 2958 2700 puellam.

1690 2721 1775 2772 illa
1790 2735 1906 2772 vero
1928 2735 2043 2772 eum
2068 2721 2448 2784 amplectebatur
2489 2725 2541 2774 et
2569 2724 2754 2787 placide
2777 2725 3000 2775 manibus
3024 2739 3242 2805 spumam

1692 2811 1898 2860 multam
1913 2810 1977 2860 ab
1993 2823 2078 2860 ore
2094 2809 2370 2874 detergebat
2386 2812 2438 2862 et
2461 2811 2772 2863 osculabatur
2797 2814 3012 2864 taurum.

1694 2899 1745 2949 at
1760 2897 1841 2949 ille
1856 2897 2031 2949 blande
2056 2897 2252 2961 mugim
2269 2897 2448 2949 diceres
2474 2898 2645 2950 tibiam

1694 2984 2000 3049 Mygdoniam
2027 2998 2260 3037 canorum
2276 2999 2450 3036 sonum
2467 2985 2688 3037 edentem
2707 2990 2754 3037 te
2766 2986 2944 3037 audire.

1694 3072 1827 3123 ilexit
1842 3076 2005 3123 autem
2021 3087 2176 3137 genua
2209 3076 2322 3124 ante
2352 3073 2499 3139 pedes
2510 3111 2525 3135 ,
2549 3076 2695 3138 atque
2713 3074 2991 3126 intuebatur
3005 3079 3245 3139 Europam

1694 3161 1883 3211 cervice
1903 3161 2084 3211 reflexa
2098 3163 2149 3211 et
2165 3160 2232 3210 illi
2250 3161 2404 3211 latum
2420 3159 2703 3211 ostendebat
2719 3160 2933 3212 dorsum.

1694 3247 1781 3298 illa
1804 3261 1924 3299 vero
1941 3248 2199 3311 promissos
2223 3248 2468 3299 cincinnos
2483 3248 2770 3300 habentibus
2797 3249 2922 3301 dixit
2950 3250 3244 3314 virginibus:

1756 3335 1855 3385 buc
1874 3335 2038 3387 adeste
2059 3335 2250 3387 sodales
2266 3350 2392 3387 carm.
2416 3338 2564 3400 atque
2580 3337 2816 3402 aequales,
2843 3340 2899 3388 ut
2919 3338 2971 3387 in
2989 3338 3079 3389 boc

1697 3420 1999 3485 considentes
2020 3424 2164 3472 tauro
2179 3421 2502 3486 delectemur;
2517 3423 2620 3486 iam
2633 3423 2762 3475 enim
2785 3438 2953 3476 omnoe
2964 3464 2979 3488 ,

1697 3507 1894 3558 dorsum
1917 3522 2072 3572 quum
2087 3508 2400 3561 substraverit
2416 3512 2583 3574 utpote
2612 3525 2786 3563 navem
2798 3551 2813 3575 ,
2833 3514 3044 3578 recipiet.

1696 3597 1976 3646 mansuetus
1987 3596 2216 3660 adspectu
2233 3598 2284 3647 et
2297 3597 2530 3662 blandus,
2556 3611 2714 3662 neque
2738 3601 3002 3664 quidquam
3027 3604 3177 3653 tauris

1698 3683 1801 3732 aliis
1816 3683 1982 3733 similis
1998 3686 2078 3745 ⁶est
2088 3700 2106 3746 ;
2123 3698 2260 3735 meus
2274 3688 2438 3735 autem
2459 3685 2502 3735 el
2519 3688 2768 3751 tamquam
2785 3687 2990 3738 bominis

1699 3769 1881 3832 integra
1897 3773 1996 3833 est,
2015 3774 2065 3822 et
2085 3772 2186 3822 sola
2204 3776 2336 3822 caret
2353 3786 2484 3823 voce.

1758 3857 1829 3907 sic
1848 3858 2051 3922 loquuta
2065 3861 2200 3923 tergo
2217 3859 2453 3910 insidebat
2470 3860 2631 3911 ridens
2641 3898 2657 3924 ,

1700 3946 1871 3996 ceterae
1892 3946 2326 3998 veroadscensurae
2348 3950 2498 3997 erant.
2517 3948 3250 4003 statimautemsursumsemo-

1699 4033 1771 4082 vit
1785 4035 1956 4084 taurus
1969 4032 2007 4097 ‚]
2025 4046 2180 4097 quum
2196 4020 2304 4084 eam
2319 4047 2466 4098 quam
2483 4035 2677 4086 volebat
2692 4036 2949 4100 rapuisset3
2967 4051 3026 4087 ac
3046 4038 3172 4090 citus
3187 4041 3252 4090 ad

1700 4132 1835 4171 mare
1848 4120 2117 4184 pervenit.]
2135 4120 2407 4184 ipeaautem
2425 4124 2691 4174 retroversa
2707 4136 2842 4175 caras
2857 4124 3060 4176 vocabat
3069 4125 3254 4177 sodaloe

1700 4219 1871 4257 manus
1886 4206 2199 4270 protendens,
2219 4212 2270 4259 at
2286 4208 2380 4259 illae
2399 4221 2497 4259 non
2517 4212 2741 4273 poterant
2759 4224 2878 4262 eam
2893 4212 3098 4275 assequi.

1701 4295 1817 4346 litus
1838 4308 1955 4345 vero
1972 4296 2208 4359 ingressus
2223 4296 2362 4359 longe
2378 4298 2620 4360 procurrit
2633 4334 2650 4361 ,
2667 4298 2811 4349 sicuti
2833 4298 3086 4363 delphinus
3096 4338 3112 4364 ,

1702 4383 1892 4445 ungulis
1908 4396 2007 4433 non
2023 4382 2303 4434 madefactis
2318 4398 2458 4448 super
2481 4386 2664 4449 amplas
2684 4386 2840 4437 undas
2855 4386 3051 4439 vadem.

1701 4471 1809 4520 tum
1830 4472 1996 4521 autem
2011 4484 2069 4521 eo
2085 4473 2230 4521 eunte
2245 4471 2560 4535 tranquillum
2578 4473 2682 4522 erat
2696 4486 2853 4536 mare,

1704 4560 1754 4607 et
1776 4560 1883 4608 cae
1905 4558 2148 4621 utrimque
2167 4559 2472 4609 exsultabant
2486 4562 2598 4609 ante
2616 4562 2748 4611 Jovis
2764 4561 2908 4624 pedes
2920 4599 2935 4624 ‚

1704 4645 1846 4696 laetus
1860 4647 2026 4696 autem
2043 4659 2189 4709 supra
2213 4646 2626 4697 tumidos-fluctus
2651 4648 2930 4698 urinabatur
2947 4653 3132 4699 ex-imo
3151 4652 3248 4701 del-

1704 4732 1927 4797 phinus]
1949 4732 2171 4783 Nereides
2191 4734 2352 4782 autem
2375 4746 2609 4783 emersere
2630 4747 2820 4784 sursum
2845 4750 2873 4785 e
2895 4738 3014 4785 mari
3028 4774 3043 4798 ,
3067 4740 3212 4801 atque

1706 4819 1900 4885 omnes]
1922 4822 2140 4871 cetorum
2155 4820 2300 4883 tergis
2315 4819 2572 4871 insidentes
2588 4834 2652 4871 ex
2668 4822 2867 4873 adverso
2885 4824 3195 4878 vehebantur.

1707 4910 1757 4957 et
1777 4907 1877 4971 ipse
1893 4908 2298 4971 graviter-sonans
2315 4920 2458 4970 supra
2483 4919 2616 4957 mare
2629 4910 2880 4970 Neptunus

1708 4994 1886 5045 fluctus
1907 5008 2195 5058 componens
2212 4994 2384 5043 marini
2401 4994 2505 5043 dux
2521 4996 2626 5045 erat
2641 4994 2822 5045 itineris

1708 5093 1936 5145 germano
1955 5081 2116 5143 fratri;
2138 5084 2284 5144 atque
2302 5081 2429 5130 circa
2445 5095 2558 5133 eum
2577 5082 2984 5146 <inuncabuntur

2145 5166 2341 5219 clamosi
2355 5168 2576 5221 tibidnes
2583 5206 2600 5233 ,
