3767 5825
1179 400 1589 465 Tflssocm‘rl
1628 402 1992 467 IDYLLION
2031 408 2213 468 XXII.
3193 427 3264 477 015

166 536 398 612 ἐσσυμένως
416 536 617 597 ἐδίωκον
639 536 871 618 ἀδελφεὼ
893 530 959 597 υἷ’
985 538 1263 619 Ἀφαρῆος,

114 626 339 707 ιιογαμὸρὼ
354 623 649 701 μελλογάμω
660 670 679 699 ,
696 623 929 703 Λυγκεύς
947 624 1037 685 καὶ
1055 629 1084 685 ὁ
1106 626 1349 709 καρτερὸς
1366 626 1527 697 ’.Ιδας

164 712 251 771 ἀλλ’
270 712 339 771 ὅτε
358 711 535 789 τύμὸον
561 708 735 771 ὃιανον
758 712 1107 793 ἀποφθιμένου
1135 713 1415 795 Ἀφαρῆος,

164 801 207 859 ἐκ
224 800 379 881 δίφρων
402 799 493 879 ἄρα
516 798 705 866 πάντες
729 802 813 857 ἐπ’
836 799 1135 860 ἀλλάλοισιν
1164 800 1402 880 ὄρουσαν,

162 886 297 965 ἔγχεσι
319 908 397 945 και
419 886 627 945 κοίλοισι
652 887 991 966 βαρυνόμενοι
1015 886 1307 949 σακέεσσιν.

160 972 343 1051 Λυγκεὺς
366 975 407 1032 δ’
431 972 491 1055 ἂρ
517 972 785 1051 μετέειπεν
808 974 941 1033 ὑπὲκ
965 973 1177 1053 κόρυθος
1198 974 1314 1054 μέγ’
1338 976 1517 1043 ἀύσας.

108 1084 161 1123 ιιι
218 1061 445 1139 δαιμόνιοι,
454 1060 501 1119 τί
524 1060 700 1141 μάχης
720 1061 980 1141 ἱμείρετε;
1000 1065 1111 1128 πῶς
1129 1060 1173 1120 δ’
1196 1061 1283 1121 ἐπὶ
1303 1063 1527 1143 νύμφαις

160 1148 393 1228 ἀλλοτρίαις
413 1147 655 1227 χαλεποί,
680 1149 875 1225 γυμναὶ
901 1150 945 1208 δ’
974 1150 1028 1207 ἰν
1054 1150 1207 1230 χερσὶ
1233 1152 1519 1233 μάχαιραι;

161 1236 257 1313 ἁμῖν
273 1258 339 1295 τοι
356 1236 637 1303 Λεύκιππος
660 1235 749 1302 ἑὰς
770 1234 960 1295 ἕδνωσε
989 1235 1244 1317 θύγατρας

158 1330 271 1397 τάςδε
292 1329 405 1390 πολὺ
428 1331 693 1412 προτέροις
706 1376 725 1409 ,
755 1333 880 1409 ἇμῖν
906 1333 1074 1409 γάμος
1100 1324 1247 1399 οὗτος
1268 1336 1320 1393 ἐν
1345 1334 1483 1417 ὅρκῳ
1500 1360 1513 1373 ·

159 1421 269 1493 ὑμεῖς
289 1420 327 1477 δ’
351 1421 403 1477 οὐ
426 1418 559 1479 κατὰ
589 1418 785 1497 κόσμον
808 1418 889 1479 ἔπ’
919 1420 1205 1501 ἀλλοτρίοις
1225 1424 1511 1503 λεχέεσσιν,

105 1506 271 1585 Ιιυβουσι
290 1506 369 1566 καὶ
390 1506 638 1583 ἡμιόνοισι
664 1530 757 1567 και
784 1506 1019 1567 ἄλλοισιν
1043 1509 1343 1569 κτεάτεσσιν

156 1592 279 1701 ἄνδρα
298 1592 695 1675 παρετρέψασθε,
720 1594 890 1672 γάμον
918 1596 963 1653 δ’
990 1594 1243 1677 ἐκλέψατε
1273 1598 1467 1677 δώροις.

155 1704 178 1751 η
158 1672 283 1757 ’μὲν
304 1680 587 1749 πολλάκις’
557 1704 589 1740 υ
634 1706 721 1759 μιν
751 1680 967 1749 ἐνώπιος
990 1682 1358 1765 ἀμφοτέροισιν

154 1768 269 1835 αὖτὀς
291 1767 379 1846 ἐγὼ
403 1768 519 1837 στὰς
545 1706 670 1828 εἶξα
700 1770 791 1827 καὶ
818 1772 877 1828 οὗ
903 1771 1197 1849 πολύμυθος
1224 1774 1320 1831 ἐών
1342 1797 1457 1853 περ.

155 1857 267 1934 ιοῦχ
286 1854 403 1913 οὕτω
414 1854 587 1935 ,φίλοι
614 1856 826 1935 ἄνδρες,
852 1856 1184 1937 ἀριστήεσσιν
1207 1858 1368 1917 ἔοικεν

100 1958 127 1995 ι
116 1941 397 2017 ιμναοτεύειν
420 1942 637 2023 ἀλόχους
651 1987 668 2018 ,
692 1936 773 2011 αἶς
795 1943 1005 2025 νυμφίοι
1030 1945 1133 2017 ἤδη
1162 1948 1377 2023 ἑτοῖμοι.

150 2030 281 2088 πολλά
298 2054 367 2087 τοι
386 2032 637 2112 Σπάρτα,
662 2032 833 2090 πολλὰ
862 2032 905 2090 δ’
932 2033 1223 2105 ἱππήλατος
1249 2024 1389 2101 ''Ah-2
1409 2080 1425 2111 ,

150 2118 343 2197 Ἀρκαδία
370 2121 413 2176 τ’
434 2118 657 2195 εὔμαλος
684 2118 906 2199 Ἀχαιῶν
937 2143 995 2178 τε
1028 2120 1334 2202 πτολίεθρα,

150 2206 353 2263 Μεσσάνα
372 2230 425 2265 τε
444 2208 531 2265 καὶ
564 2202 775 2287 Ἄργος,
805 2206 987 2267 ἅπασά
1016 2231 1073 2266 τε
1100 2210 1367 2289 Σισυφις’
1338 2210 1472 2267 ακτά
1488 2230 1501 2244 ·

148 2292 239 2351 ἔνθα
257 2293 389 2375 κόραι
410 2293 671 2353 τοκέεσσιν
697 2292 799 2352 ὕπο
828 2293 1115 2375 σφετέροισι
1139 2296 1409 2377 τρέφονται

96 2381 313 2459 intas-opion,
336 2381 441 2441 οὔτε
462 2386 592 2464 φυῆς
615 2380 871 2449 ἐπιδευέες
902 2379 1018 2441 οὔτε
1044 2384 1193 2441 νόοιο.

144 2467 251 2527 τάων
270 2470 515 2551 eumpse*
486 2492 653 2548 υμμιν
680 2468 875 2527 ὀπυίειν
899 2467 957 2536 ἃς
983 2468 1033 2528 κ’
1056 2471 1290 2543 ἐθέλητε·

145 2558 197 2622 ὥς
217 2559 397 2633 ἀγαθοῖς
419 2558 597 2625 πολέες
628 2556 893 2637 βούλοιντό
918 2580 977 2615 κε
1004 2560 1237 2640 πενθεροὶ
1260 2549 1417 2616 εἶναι·

146 2641 277 2719 ὔμμες
297 2644 337 2703 δ’
356 2647 405 2703 ἐν
424 2644 679 2705 πάντεσσι
705 2643 958 2724 διάκριτοι
985 2644 1263 2725 ἡρώεσσιν,

144 2733 251 2789 καὶ
235 2731 427 2813 πατέρες
445 2733 533 2793 καὶ
561 2731 759 2792 ἄνωθεν
787 2730 927 2790 ἅπαν
955 2731 1217 2813 πατρώιον
1245 2724 1397 2810 αἷμα.

92 2820 250 2878 Ιῶᾶλλά
260 2822 443 2932 ,φίλοι,
462 2828 647 2882 τοῦτον
669 2845 764 2900 μεν
793 2820 975 2881 ἐάσετε
999 2822 1125 2903 πρὸς
1150 2822 1297 2889 τέλος
1324 2824 1486 2881 ἐλθεῖν

142 2907 433 2989 ἄμμιγάμον·
456 2914 599 2993 σφῷν
626 2908 675 2968 δ’
697 2908 852 2968 ἄλλον
878 2908 1280 2992 ἐπιφραζωμεθα
1305 2909 1510 2976 πάντες.
1543 2938 1563 2962 ι

140 2995 253 3056 ἴσκον
270 2999 425 3059 τοιάδε
448 2997 627 3058 πολλά
642 3042 662 3076 ,
684 2996 751 3056 τὰ
774 2997 823 3055 δ’
844 3000 915 3064 εἰς
934 2997 1088 3078 ὑγρὸν
1108 2997 1277 3079 ᾤχετο
1298 3004 1442 3075 κῦμα

138 3083 257 3154 πνοιὴ
280 3083 430 3164 ι’·ἷχοιθ
458 3085 701 3164 ἀνέμοιο,
724 3082 877 3163 χάρις
899 3083 945 3142 δ’
969 3087 1069 3164 οὐχ
1093 3084 1277 3144 ἕσπετο
1304 3083 1499 3162 μύθοις.

142 3168 228 3248 σφὼ
246 3171 335 3252 γὰρ
359 3173 605 3246 ἀκηλήτω
636 3171 729 3230 καὶ
752 3169 989 3243 ἀπηνέες.
1016 3173 1132 3231 ἀλλ’
1153 3171 1230 3232 ἔτι
1251 3172 1341 3232 καὶ
1362 3177 1450 3231 νῦν

88 3257 335 3318 ιπιπείθεσθ·
360 3259 513 3343 ἄμφω
542 3262 591 3319 δ’
623 3259 791 3338 ἄμμιν
820 3260 1013 3340 ἀνεψιὼ
1041 3261 1101 3318 ἐκ
1125 3259 1319 3341 πατρός
1350 3264 1513 3320 ἐστον.

140 3345 229 3402 εἶδ’
251 3351 359 3424 ὑμῖν
382 3349 569 3428 κραδία
600 3348 831 3424 πόλεμον
852 3352 1027 3420 ποθεῖ,
1057 3347 1243 3425 αἵματι
1274 3349 1329 3407 δὲ
1357 3349 1461 3430 χρή

136 3441 265 3501 νεῖκος
284 3435 669 3519 ἀναρρήξαντας
695 3434 893 3514 ὁμοίιον
919 3433 1080 3514 ἔγχεα
1110 3438 1321 3510 λοῦσαι,

134 3519 245 3589 Ἰδας
268 3523 353 3600 μὲν
376 3523 467 3584 καὶ
493 3523 725 3604 ὅμαιμος
758 3521 837 3590 ἑὸς
862 3522 1109 3604 κρατερὸς
1138 3522 1469 3596 Πολυδεύκης

134 3615 275 3688 χεῖρας
296 3611 607 3694 ἐρωήσουσιν
632 3609 980 3691 ἀποσχομένω
1001 3610 1245 3688 ὑσμίνης,

84 3699 205 3754 ιπνιῖιι
224 3698 261 3754 δ’
284 3699 379 3778 ἐγὼ
400 3699 638 3779 Κάστωρ
661 3721 718 3758 τε
739 3695 1102 3778 διακρινώμεθ’
1128 3696 1276 3772 ἄρηι,

136 3785 353 3870 ὃπλοτίρω
374 3791 629 3868 γεγαῶτε.
650 3809 855 3867 γονευσι
879 3785 934 3844 δὲ
959 3785 1033 3863 μὴ
1062 3784 1195 3844 πολυ
1218 3784 1397 3850 πένθος

134 3870 383 3955 ἇμετέροισι
404 3875 662 3954 λίποιμεν.
689 3873 801 3942 ἅλις
819 3871 962 3940 νέκυς
985 3872 1037 3942 ἐξ
1056 3872 1164 3940 ἑνὸς
1186 3872 1325 3932 οἴκου

135 3947 208 4024 εἷς·
232 3961 349 4040 ἀτὰρ
379 3962 527 4022 ἄλλοι
552 3963 757 4028 πάντας
784 3959 1143 4042 ἐυφρανέουσιν
1166 3959 1396 4039 ἑταίρους

131 4047 300 4128 νυμφίοι
320 4051 430 4109 ἀντὶ
449 4053 675 4131 νεκρῶν,
706 4048 1084 4128 ὑμεναιώσουσι
1111 4045 1167 4107 δὲ
1188 4045 1373 4126 κούρας

82 4133 255 4200 Wff.
278 4137 429 4218 ὀλίγῳ
452 4160 535 4197 τοι
557 4137 697 4198 ἔοικε
718 4139 871 4217 κακῷ
892 4134 1028 4215 μέγα
1050 4136 1213 4203 νεῖκος
1237 4137 1481 4216 ἀναιρεῖν.

190 4213 309 4298 εἷπε,
334 4223 398 4284 τὰ
419 4225 467 4285 δ’
490 4228 589 4286 οὐκ
614 4225 696 4306 ἄρ’
722 4225 911 4301 ἔμελλε
939 4223 1050 4290 θεὸς
1076 4222 1383 4334 μεταμώνια
1406 4223 1600 4294 θήσειν.

132 4306 189 4364 τὼ
209 4309 291 4388 μὲν
310 4336 409 4394 γαρ
433 4312 559 4373 ποτὶ
582 4315 739 4390 γαῖαν
770 4310 862 4370 ἀπ’
882 4309 1041 4388 ὤμων
1064 4309 1238 4390 τεύχε’
1260 4311 1457 4385 ἔθεντο,

130 4396 191 4455 τοὶ
216 4409 349 4482 γενεᾷ
368 4401 745 4483 προφέρεσκον·
771 4403 800 4458 δ
823 4401 871 4458 δ’
892 4402 963 4466 εἰς
997 4398 1155 4477 μέσον
1189 4398 1347 4470 ἤλυθε
1378 4398 1639 4480 Λυγκεύς,

131 4484 250 4544 σείων
272 4488 515 4570 καρτερὸν
538 4489 695 4569 ἔγχος
722 4485 813 4546 ὑπ’
833 4485 1047 4554 ἀσπίδος
1073 4485 1269 4565 ἄντυγα
1296 4485 1526 4568 πρώταν·

79 4572 185 4638 lotio<
201 4572 239 4631 δ’
256 4574 415 4645 αὔτως
436 4576 611 4658 ἄκρας
630 4575 899 4643 ἔτινάξατο
922 4572 1165 4654 δούρατος
1188 4573 1361 4650 ἀκμάς

134 4659 339 4744 flio-unp.
368 4665 689 4745 ἀμφοτέροις
714 4662 770 4721 δὲ
796 4661 968 4743 λόφων
998 4661 1233 4720 ἐπένευον
1257 4660 1469 4741 ἔθειραι.

131 4745 276 4828 ἔγχεσι
298 4750 391 4828 μὲν
416 4750 696 4834 πρώτιστα
720 4749 1077 4822 τιτυσκόμενοι
1102 4749 1256 4806 πόνον
1285 4739 1423 4828 εἶχον

132 4835 350 4912 ἆλλάλων,
370 4839 419 4898 εἶ
440 4838 547 4898 πού
576 4861 632 4896 τι
656 4837 811 4918 χροὸς
836 4834 1099 4914 γυμνωθὲν
1125 4835 1297 4895 ἴδοιεν.

132 4923 223 4980 ἀλλ’
246 4923 355 4997 ἤτοι
377 4925 446 4985 τὰ
474 4925 574 5005 μὲν
610 4925 784 5006 ἄκρα,
813 4925 974 5003 πάρος
1004 4947 1117 4982 τινα
1146 4921 1469 4994 δηλησασθαι
1488 4967 1504 4998 ,

80 5011 243 5120 'ffl‘ooo‘p'
266 5009 420 5092 ἐαγη,
452 5013 740 5073 σακέεσσιν
767 5011 842 5070 ἔνι
868 5011 1074 5070 δεινοῖσι
1096 5011 1348 5122 παγέντα.

132 5097 189 5154 τὼ
206 5099 245 5156 δ’
265 5100 353 5180 ἄορ
374 5104 435 5160 ἐκ
456 5104 670 5160 κολεοῖο
692 5098 953 5200 ἐρυσσαμέ
952 5123 1026 5156 νω
1048 5097 1198 5200 φόνον
1227 5088 1370 5163 αυτις

132 5180 383 5256 ‘fixoria'
409 5180 727 5240 ἀλλάλοισι·
753 5175 997 5258 μάχηςδ’
1018 5202 1075 5236 ου
1100 5175 1252 5254 γίνετ’
1282 5175 1434 5254 ἐρωή.
1508 5187 1512 5192 ’

1724 564 1837 603 cum
1855 552 2038 615 impetu
2055 554 2461 616 persequebantur
2485 556 2679 617 fratres,
2707 554 2791 605 filii
2818 556 3044 619 Apharei,

1722 640 1881 703 generi
1906 640 2054 689 futuri
2067 677 2081 703 ,
2110 644 2326 703 Lynceus
2350 644 2399 692 et
2424 642 2559 693 sortis
2576 643 2699 695 Idas.

1724 739 1892 777 verum
1913 741 2064 791 quum
2089 728 2151 778 ad
2177 730 2418 779 tumulum
2436 731 2761 794 pervenissent
2775 734 2956 783 mortui
2982 736 3181 797 Apharei
3207 773 3220 797 ,

1721 816 1829 863 tum
1848 815 1908 865 de
1925 816 2142 865 curribus
2159 830 2326 867 omnes
2343 819 2508 868 contra
2531 830 2582 867 se
2599 816 2806 867 invicem
2823 822 3051 882 ruerunt,
3097 838 3104 845 ·

1724 901 1869 952 hastis
1896 905 1944 953 et
1967 904 2095 953 cavis
2121 905 2269 954 scutis
2292 904 2491 968 gravati.

1723 990 1941 1052 Lynceus
1956 991 2096 1053 igitur
2113 992 2239 1042 dixit
2253 1006 2282 1042 e
2297 992 2431 1056 galea
2445 992 2542 1043 alte
2559 992 2772 1044 clamans
2791 1013 2806 1044 ι

1783 1076 1961 1139 miseri,
1973 1078 2090 1141 quid
2099 1092 2304 1141 pugnam
2313 1079 2565 1143 appetitis?
2576 1080 2822 1143 quomodo
2828 1083 3020 1145 propter
3031 1095 3224 1143 sponsas

1721 1162 1900 1213 alienas
1921 1164 2107 1214 molesti
2131 1168 2280 1227 estis,
2299 1166 2548 1230 strictique
2562 1168 2756 1218 suntin
2773 1168 2993 1220 manibus
3013 1172 3180 1218 enses?

1722 1250 1860 1300 nobis
1876 1264 1990 1301 sane
2011 1252 2275 1317 Leucippus
2295 1266 2406 1303 suas
2430 1253 2682 1317 despondit
2699 1255 2820 1306 filies

1721 1335 1864 1387 hasce
1879 1338 2019 1401 longe
2037 1338 2299 1404 prioribus,
2320 1341 2460 1391 nobis
2483 1341 2562 1391 hoe
2577 1342 2767 1405 ‘nuptiae
2779 1342 2955 1405 iuratae
2979 1348 3105 1395 sunl
3136 1364 3148 1393 z

1722 1425 1773 1472 at
1788 1438 1877 1473 vos
1893 1438 1989 1474 non
2007 1426 2132 1475 sicut
2154 1425 2292 1476 decet
2301 1463 2318 1490 ,
2337 1441 2491 1491 quum
2508 1431 2676 1491 agatur
2693 1428 2754 1479 de
2770 1430 2934 1481 alienis
2953 1432 3073 1481 toris
3084 1468 3099 1493 ‚

1722 1509 1878 1561 bobus
1903 1514 1952 1561 et
1977 1512 2122 1563 mulis
2145 1516 2195 1564 et
2218 1514 2322 1564 aliis
2345 1514 2542 1579 opibus,

1722 1600 1828 1647 viro
1855 1602 2066 1650 mentem
2088 1602 2296 1653 vertistis
2310 1604 2394 1665 ,et
2411 1604 2602 1667 nuptias
2621 1605 2902 1656 muneribus
2919 1606 3061 1657 furati
3079 1608 3208 1657 estis.

1722 1688 1938 1750 profecto
1955 1702 2082 1753 saepe
2098 1690 2234 1741 vobis
2256 1704 2420 1741 coram
2444 1692 2678 1745 ambobus

1722 1776 1820 1839 ipse
1838 1790 1925 1839 ego
1949 1780 2078 1827 stans
2096 1778 2206 1845 hoec
2224 1779 2326 1829 dixi
2339 1815 2354 1842 ,
2374 1780 2464 1829 etsi
2479 1780 2626 1831 homo
2643 1795 2742 1835 non
2760 1783 2989 1834 verbosus
3005 1796 3115 1833 sum
3136 1802 3148 1833 ε

1725 1882 1749 1905 α
1770 1877 1867 1913 non
1894 1866 1989 1921 sic.
2011 1865 2179 1928 amici,
2197 1866 2435 1930 principes
2450 1867 2590 1919 decet

1723 1950 1905 2001 ambire
1932 1966 2130 2015 uxores,
2149 1954 2327 2015 quibus
2350 1955 2509 2018 sponsi
2521 1956 2625 2019 jam
2641 1960 2766 2009 sunt
2782 1958 2950 2024 parati.

1722 2052 1894 2102 magna
1913 2052 2026 2090 sane
2044 2044 2117 2091 est
2135 2044 2331 2104 Sparta,
2350 2055 2522 2105 magna
2536 2046 2771 2107 equestris
2791 2046 2912 2107 Elis,

1724 2126 2022 2190 Arcadiaque
2045 2142 2296 2191 pecorosa,
2320 2129 2700 2193 Achoeorumque
2716 2131 2916 2194 oppida,

1724 2216 1934 2265 Messene
1950 2217 1999 2265 et
2021 2222 2189 2278 Argos,
2208 2219 2404 2279 totaque
2422 2217 2632 2281 Sisypbis
2647 2220 2756 2268 acta
2775 2219 3114 2282 (Corinthiun

1724 2302 1805 2350 ubi
1824 2301 1997 2364 puellm
2015 2317 2042 2351 a
2061 2303 2338 2365 parentibus
2354 2304 2454 2354 suis
2467 2304 2734 2357 educantur

1724 2388 1994 2451 permultae,
2006 2402 2162 2453 neque
2177 2392 2342 2440 forrum
2355 2392 2506 2454 vatia
2517 2391 2760 2442 destitutae
2775 2407 2930 2457 neque
2943 2394 3146 2457 ingenio.

1724 2489 1785 2525 ex
1805 2477 1877 2526 his
1895 2477 2032 2527 facile
2049 2478 2183 2529 vobis
2200 2482 2302 2529 erit
2318 2479 2494 2529 ducere
2505 2515 2520 2542 ,
2539 2494 2851 2546 quascunque
2867 2482 3138 2545 volueritis;

1725 2577 1838 2612 nam
1857 2564 1996 2614 bonis
2011 2567 2153 2615 multi
2173 2565 2337 2616 volent
2353 2566 2504 2617 soceri
2521 2580 2622 2618 esse
2632 2584 2648 2630 3

1726 2663 1812 2700 vos
1834 2664 1896 2700 au
1903 2654 1998 2702 tem
2015 2652 2140 2702 inter
2157 2667 2325 2705 omnes
2341 2655 2510 2705 heroes
2533 2656 2764 2706 excellitis
2775 2693 2792 2719 ,

1726 2740 1775 2787 et
1790 2740 1950 2802 patres
1967 2741 2116 2789 vestri
2140 2742 2188 2789 et
2205 2740 2316 2792 inde
2332 2755 2362 2791 a
2379 2742 2640 2804 majoribus
2655 2744 2759 2793 tote
2773 2746 2973 2807 paterna
2991 2746 3149 2809 stirps.

1725 2838 1838 2887 age,
1856 2826 1998 2877 amici
2010 2863 2025 2889 ,
2050 2827 2137 2877 has
2153 2827 2293 2878 sinite
2309 2827 2372 2877 ad
2387 2828 2534 2879 finem
2555 2829 2811 2892 procedere

1726 2911 1863 2962 nobis
1882 2914 2100 2976 nuptias;
2120 2915 2256 2965 vobis
2272 2916 2388 2965 alias
2405 2917 2700 2968 inveniemus
2716 2931 2896 2969 omnes.
2915 2939 2940 2963 ιι

1725 3000 1944 3050 dicebam
1961 3001 2076 3050 talia
2089 3003 2246 3054 multa
2255 3039 2271 3066 ,
2289 3016 2402 3066 quoe
2421 3004 2473 3054 in
2491 3004 2712 3055 humidos
2737 3005 2914 3056 fluctus

1726 3087 1868 3138 ssatus
1883 3090 2016 3138 venti
2033 3089 2232 3140 abstulit
2242 3127 2258 3153 ,
2277 3105 2434 3154 neque
2449 3092 2598 3154 gratia
2614 3096 2778 3142 secuta
2795 3095 2868 3144 est
2883 3093 3030 3144 dicta.

1726 3189 1812 3226 vos
1838 3177 1966 3227 enim
1983 3177 2192 3228 immites
2215 3177 2332 3229 estis
2357 3181 2406 3229 et
2422 3180 2555 3229 smvi.
2574 3180 2658 3230 sed
2675 3181 2820 3230 etiarn
2845 3195 2974 3231 nunc
3121 3181 3275 3245 [estis.

1726 3265 2079 3328 obtemperate;
2121 3267 2265 3316 ambo
2301 3268 2430 3316 enim
2465 3267 2602 3318 nobis
2628 3268 2796 3320 tratres
2831 3269 3069 3333 patrueles
3089 3283 3118 3319 e
3147 3272 3282 3333 patre

1724 3354 1799 3402 sin
1816 3356 1980 3403 autem
1996 3353 2133 3404 vobis
2150 3355 2340 3404 animus
2355 3354 2536 3404 bellum
2553 3357 2760 3419 appetit,
2779 3359 2826 3406 et
2845 3358 3072 3420 sanguine
3093 3358 3281 3421 oportet

1727 3441 1986 3492 certamine
2011 3442 2258 3492 communi
2282 3445 2513 3506 prorupto
2537 3443 2697 3494 hastas
2712 3444 2902 3507 lavare,

1724 3527 1832 3578 Idas
1849 3529 2046 3592 quidem
2064 3533 2112 3580 et
2129 3531 2506 3594 consanguineus
2522 3544 2640 3582 suus
2659 3531 2793 3582 fortis
2818 3532 2992 3583 Pollux

1725 3629 1898 3666 manus
1915 3617 2229 3668 continebunt
2245 3617 2534 3668 abstinentes
2557 3631 2587 3667 a
2612 3631 2772 3682 pugna
2783 3655 2800 3682 ,
2977 3601 2984 3608 ⁶

1726 3715 1815 3752 nos
1838 3705 2029 3766 autem,
2050 3717 2136 3766 ego
2163 3706 2212 3753 et
2233 3706 2420 3767 castor,
2449 3704 2747 3756 decertemus
2771 3706 2939 3768 proelio

1726 3788 1935 3840 minores
1951 3793 2068 3840 natu
2087 3791 2171 3854 qui
2188 3805 2372 3842 sumus.
2393 3805 2550 3854 neque
2564 3793 2841 3854 parentibus
2854 3807 3080 3857 magnum
3094 3795 3278 3846 luctum

1726 3877 1901 3926 nostris
1927 3878 2273 3942 reliquerimus.
2302 3878 2418 3928 satis
2441 3882 2517 3928 est
2541 3883 2762 3930 mortuus
2785 3895 2848 3930 ex
2871 3894 2966 3930 una
2985 3881 3130 3931 domo

1727 3977 1880 4026 unus;
1910 3978 2080 4016 verum
2106 3965 2252 4015 ceteri
2278 3965 2459 4016 amicos
2483 3979 2649 4016 omnes
2672 3966 2840 4017 laetitia
2863 3967 3074 4019 afficient

1726 4052 1886 4115 sponsi
1913 4066 2000 4116 pro
2027 4053 2256 4116 mortuis,
2283 4053 2553 4116 ducentque
2579 4053 2785 4118 virgines
3071 4055 3277 4120 [rimere.

1728 4140 1884 4190 hasce.
1912 4153 2062 4204 parvo
2089 4139 2285 4204 quidem
2311 4141 2440 4190 malo
2462 4155 2548 4203 par
2573 4143 2646 4190 est
2679 4155 2906 4205 maguum
2930 4140 3176 4192 dissidium
3203 4143 3279 4193 di·

1790 4226 1946 4290 dixit,
1976 4227 2199 4290 dictaque
2224 4226 2343 4277 deus
2363 4241 2462 4277 non
2481 4227 2616 4277 irrita
2643 4228 2858 4280 facturus
2882 4231 3003 4279 erat.

1727 4314 1797 4364 illi
1822 4313 1951 4364 enim
1969 4314 2019 4363 in
2039 4314 2241 4364 humum
2258 4315 2320 4364 ab
2342 4314 2553 4365 humeris
2569 4329 2703 4365 arma
2719 4315 3042 4379 deposuerunt
3054 4354 3070 4379 ,

1729 4401 1813 4465 qui
1841 4403 1986 4452 oetate
2011 4402 2286 4464 anteibant3
2315 4405 2533 4465 Lynceus
2558 4405 2718 4452 autem
2740 4403 2790 4452 in
2815 4401 3030 4454 medium
3056 4402 3282 4466 processit

1718 4487 1948 4552 'quatiens
1972 4489 2182 4540 validam
2209 4490 2396 4539 hastam
2422 4491 2513 4540 sub
2538 4492 2662 4541 scuti
2686 4504 2771 4540 ora
2791 4503 3006 4555 summa3

1730 4578 2003 4640 pariterque
2028 4591 2267 4627 summam
2285 4577 2490 4627 vibravit
2515 4579 2664 4628 hastae
2681 4578 2925 4642 cuspidem

1731 4667 1930 4727 caston
1949 4666 2210 4732 etutrique
2227 4666 2276 4714 in
2295 4678 2417 4715 cono
2435 4666 2675 4728 galearum
2693 4667 2926 4716 nutabant
2941 4667 3116 4716 cristoe.

1732 4753 1891 4803 hastas
1906 4753 2116 4816 primum
2135 4752 2388 4815 dirigentes
2404 4753 2685 4803 laborabant

1732 4840 1852 4890 alter
1866 4839 1918 4889 in
1934 4841 2140 4889 alterum
2151 4877 2164 4902 ,
2186 4841 2225 4889 si
2243 4853 2341 4902 qua
2359 4841 2572 4903 corporis
2590 4845 2774 4903 partem
2790 4841 2970 4892 nudam
2986 4841 3220 4892 viderent.

1732 4928 1813 4978 sed
1833 4927 2076 4990 cuspides,
2095 4927 2372 4990 priusquam
2391 4929 2678 4978 alterutrum
2695 4929 2949 4993 laederent,

1732 5016 1979 5066 hastarum
1997 5016 2162 5065 sractae
2186 5017 2324 5078 sunt,
2351 5016 2500 5066 scutis
2515 5017 2784 5079 ingentibus
2799 5017 2977 5068 iniixoe.

1732 5107 1839 5154 tum
1857 5117 1970 5154 ense
1983 5116 2013 5154 e
2028 5104 2199 5167 vagina
2218 5106 2436 5155 extracto
2454 5106 2632 5155 caedem
2665 5117 2828 5155 rursus
3207 5173 3216 5184 ⁸

1736 5191 2061 5243 moliebantur
2082 5191 2173 5243 sibi
2198 5193 2401 5254 mutuo;
2430 5207 2588 5256 neque
2611 5206 2782 5256 pugnae
2810 5192 3020 5244 remissio
3042 5195 3160 5244 erat.
