3767 5825
892 386 1225 467 SERVILI!
1266 381 1763 445 DAMOCRATrs
1802 380 1986 454 QUAE
2029 377 2501 439 SUPERSUNT.

201 516 305 577 Δία’
326 514 489 589 ἥμισυ
512 511 716 592 λίτρας,
745 509 834 568 καὶ
864 508 1047 575 ὕδατος
1069 508 1254 580 ξέστην
1280 506 1422 585 μίαν.

198 604 348 684 ‘Eque
376 602 419 661 δ’
442 601 635 671 ἔλαιον,
655 598 914 680 ψιμύθιον,
938 597 1263 676 λιθάργυρον,

200 692 391 768 “’Υὸωρ
414 688 539 770 πυρὶ
563 687 769 767 κούφῳ,
791 690 855 763 τῇ
880 684 1053 763 σπάθῃ
1082 688 1236 742 κινῶν
1262 682 1363 741 ἀεί.

125 803 175 839 is
200 779 378 837 Ὅταν
402 774 456 835 δὲ
479 784 583 833 πᾶν
612 772 705 852 μὲν
730 776 961 854 ἐκφρυγῇ
986 773 1157 839 καλῶς
1185 769 1324 847 ὕδωρ
1343 813 1358 842 ,

204 869 289 927 Τὸ
314 867 367 924 δὲ
399 864 675 945 φάρμακον
701 862 881 919 λευκόν
907 884 963 918 τε
986 859 1078 917 καὶ
1106 861 1241 919 λεῖον
1270 856 1489 938 βλέπῃς,

208 951 469 1014 Μαλακὸν
494 949 802 1027 ἆμδλυντον,
824 946 939 1005 τότε
963 948 1169 1026 βάλλεις
1190 944 1539 1025 τερμινθίνην,

206 1040 445 1101 Ἔπειτα
472 1037 651 1117 κηρὸν,
678 1027 791 1094 εἶτα
810 1034 1019 1094 λίὸανον
1042 1032 1253 1111 ὕστερον
1269 1053 1282 1066 ·

204 1129 369 1206 Ἄρας
382 1149 439 1185 τε
455 1126 584 1184 κίνει
597 1124 691 1195 τὴν
712 1123 909 1203 χύτραν
934 1122 1039 1180 ἀπὸ
1068 1126 1155 1179 τοῦ
1171 1120 1359 1201 πυρὸς,

125 1239 183 1277 20
211 1214 518 1296 ’Υποψυγέν
536 1236 593 1271 τε
622 1211 929 1291 συμμέτρως
948 1210 1007 1268 τὸ
1030 1208 1303 1287 φάρμακον

216 1306 317 1370 Εἷς
343 1303 439 1372 τὴν
468 1300 640 1359 θυείαν
666 1288 928 1377 καταχὲας
946 1294 1305 1371 ἀναλάμὸανε.

210 1390 347 1451 Ἐπί
366 1413 425 1449 τε
450 1390 707 1467 γυναικῶν
732 1385 767 1457 ἢ
793 1388 1053 1467 τρυφερῶν
1083 1388 1185 1442 τῶν
1204 1381 1447 1460 παιδίων,

206 1472 427 1540 ‘Enixa
444 1475 697 1559 γερόντων
718 1473 753 1546 ἢ
785 1472 1180 1553 καχεκτούντων
1220 1472 1345 1529 νέων

207 1566 403 1645 Ταύτῃ
432 1563 727 1641 κατάμισγε
747 1567 841 1633 τῆς
865 1560 1182 1639 στυπτηρίας
1207 1560 1376 1639 τρίτον

216 1743 337 1803 Καὶ
359 1745 475 1821 χρῶ
501 1740 624 1820 πρὸς
654 1737 860 1797 ἅπαντα
882 1738 969 1793 καὶ
998 1736 1255 1815 νεότρωτα
1280 1734 1582 1816 τραύματα.

218 1831 537 1907 Κατάμισγε
566 1831 611 1887 δ’
645 1826 779 1908 [ἄρ’]
812 1828 943 1905 αὐτῇ
974 1824 1169 1906 ῥόδινον
1194 1822 1485 1901 τετηγμένῃ

218 1918 336 1979 Καὶ
358 1916 515 1995 κηρὸν
550 1915 745 1993 ὀλίγον,
770 1914 859 1973 καὶ
887 1913 1115 1992 λιπαρὰν
1144 1911 1271 1980 ἔξεις
1293 1909 1481 1985 καλὴν,

214 1999 385 2067 Οἶνον
416 2003 690 2084 παραχέας
714 2002 893 2061 λευκὸν
921 2002 1176 2082 αὐστηρὸν
1207 2000 1399 2083 βραχύ.

108 2116 257 2177 (Gal.
278 2126 379 2162 sec.
397 2124 506 2173 geu.
528 2112 571 2169 1,
592 2112 646 2159 P.
671 2110 741 2170 Il,
764 2121 812 2171 p.
841 2112 949 2158 327.
972 2109 990 2170 )
1028 2154 1037 2160 .

746 2276 1059 2299 ---····——

532 2448 583 2505 Η
624 2444 751 2502 Ala
792 2440 1266 2501 ΔῙΚΤΑΜΝΟΥ.

212 2632 348 2690 Τῶν
370 2623 697 2704 περιὸοήτων
724 2621 771 2679 δ’
798 2621 935 2680 ἐστὶν
964 2619 1310 2699 ἐμπλάστρων
1338 2620 1437 2698 μία
1459 2665 1477 2699 ‚

220 2714 381 2785 Μόνη
409 2714 465 2771 τ’
491 2712 684 2792 ἔχουσα
714 2710 975 2785 Κρητικὸν
998 2706 1058 2765 τὸ
1081 2707 1401 2782 καλούμενον

220 2804 552 2879 Δίκταμνον,
584 2801 728 2857 ἰᾶται
750 2795 805 2855 δὲ
822 2796 917 2863 τὰς
938 2799 1040 2853 τῶν
1070 2798 1298 2876 ἑρπετῶν

221 2892 405 2971 [Τῶν]
430 2888 648 2948 ἷοὸόλων
672 2884 877 2962 πληγάς
896 2908 951 2942 τε
979 2882 1069 2943 καὶ
1092 2881 1159 2942 τὰ
1190 2883 1437 2962 δήγματα

152 3005 177 3040 s
228 2981 463 3040 Πάντων
484 2975 837 3056 τετραπόδων,
866 2971 963 3032 κᾶν
983 2974 1283 3055 λελυσσήκῃ
1312 2973 1457 3046 τινὰ,

226 3065 589 3142 Τετυλωμένα
619 3068 665 3121 θ’
696 3063 823 3134 ἕλκη
843 3107 861 3137 ,
888 3061 981 3128 τάς
1008 3085 1063 3118 τε
1090 3064 1195 3118 τῶν
1221 3059 1412 3139 νεύρων
1435 3058 1653 3141 φθορὰς,

228 3159 397 3216 Μυῶν
423 3177 479 3211 τε
509 3152 597 3212 καὶ
620 3155 722 3209 τῶν
751 3148 945 3216 ὀστέοις
966 3147 1305 3224 ἐπικειμένων

220 3244 494 3322 Χόνδρων,
520 3240 740 3320 ἐχόντων
771 3237 855 3296 διὰ
884 3238 1069 3317 βάθους
1087 3235 1189 3308 ἤδη
1209 3235 1403 3318 φθοράν
1419 3258 1435 3274 ·

224 3332 321 3391 Τά
352 3355 409 3388 τε
438 3329 558 3408 περὶ
589 3324 815 3398 μαστοὺς
838 3324 930 3384 καὶ
946 3324 1209 3403 τράχηλον
1232 3324 1323 3382 καὶ
1351 3323 1503 3406 ῥάχιν

146 3443 197 3480 10
220 3417 409 3490 Ἓλκη
430 3416 703 3496 θεραπεύει
718 3460 733 3488 ,
771 3413 867 3472 κᾶν
893 3413 1112 3493 χρόνους
1138 3409 1361 3478 πολλοὺς
1379 3411 1477 3491 ἔχῃ
1496 3457 1512 3485 ,

228 3506 347 3568 Καὶ
364 3505 519 3563 πάνθ’
541 3501 617 3562 ὅσ’
644 3495 789 3561 εἶπον
816 3501 908 3572 τὴν
937 3500 1265 3577 καλουμένην
1282 3503 1449 3558 ποιεῖν

228 3593 537 3672 Αἰγυπτίαν
562 3590 894 3669 ἔμπλαστρον
916 3587 1203 3668 ἔμπροσθεν
1227 3585 1420 3667 βραχύ.

226 3681 456 3750 Ταύτην
476 3677 674 3758 ἀγαθὴν
700 3677 879 3757 σφόδρ’
904 3666 1061 3734 οὖσαν
1087 3675 1211 3733 ἔνιοι
1239 3675 1329 3733 καὶ
1354 3673 1514 3751 μόνην

231 3773 471 3830 Δοκοῦσι
489 3770 673 3825 πασῶν
695 3769 796 3822 τῶν
828 3765 1000 3821 καλῶν
1025 3760 1261 3841 βελτίονα
1275 3805 1290 3833 ,

148 3878 197 3916 15
232 3857 465 3916 Πολλῶν
494 3853 577 3912 διὰ
606 3851 786 3931 πείρας
810 3853 902 3910 οὐκ
925 3850 1127 3929 ἔχοντες
1150 3847 1465 3930 φαρμάκων.

232 3942 401 4021 Ἔχει
425 3942 479 4001 δὲ
505 3941 811 4021 λιθάργυρον
838 3939 859 4018 [
881 3937 974 4015 μὲν
996 3940 1017 4017 ]
1044 3937 1120 4004 δὶς
1148 3936 1332 3995 ἑκατὸν
1356 3935 1623 4015 δραχμάς·

232 4033 438 4109 Λίτρας
464 4031 508 4088 δ’
533 4029 707 4088 ἐλαίου
727 4035 817 4086 τοῦ
843 4029 1067 4084 παλαιοῦ
1088 4024 1343 4103 τέσσαρας
1359 4046 1372 4060 ·

227 4118 394 4184 Τινὲς
416 4117 469 4176 δὲ
496 4117 633 4196 [καὶ]
652 4115 879 4181 κοτύλας
908 4115 1033 4194 φασὶ
1054 4114 1256 4190 μᾶλλον
1279 4109 1561 4188 τέσσαρας·

234 4208 341 4271 Δὶς
361 4205 404 4263 δ’
420 4203 583 4262 εἴκοσι
598 4204 751 4262 πέντε
772 4205 1031 4263 Ποντικοῦ
1060 4205 1219 4278 κηροῦ
1250 4196 1507 4276 δραχμάς·

146 4317 205 4355 m
240 4291 581 4373 Κολοφωνίας
605 4291 659 4347 δὲ
685 4294 778 4360 τῆς
810 4292 975 4358 καλῆς
1000 4291 1159 4365 κηροῦ
1188 4287 1400 4343 διπλοῦν
1418 4307 1433 4320 ·

240 4379 403 4444 Τινὲς
426 4379 480 4436 δὲ
508 4379 707 4454 μᾶλλον
730 4375 889 4434 ταύτὸ
918 4380 1009 4446 τῆς
1036 4373 1387 4452 τερμινθίνης·

236 4469 351 4529 Ἰοῦ
380 4468 432 4547 δὲ
455 4468 655 4544 χαλκοῦ
680 4463 769 4522 καὶ
786 4462 939 4534 ἀλόης
966 4463 1105 4540 [τῆς]
1129 4461 1377 4530 Ἰνδικῆς,

230 4558 458 4618 Χαλκοῦ
476 4577 533 4613 τε
552 4549 870 4626 κεκαυμένου
889 4552 980 4608 καὶ
1000 4551 1083 4628 διφ
1091 4554 1271 4628 ρυγοῦς
1294 4548 1459 4605 καλοῦ

234 4640 502 4721 Δραχμὰς
528 4639 785 4700 ἑκκαίδεκ’
807 4639 857 4706 ἐξ
873 4637 1095 4696 ἑκάστου
1120 4636 1376 4712 μίγματος
1392 4657 1405 4670 ·

150 4757 205 4794 25
244 4731 435 4793 Εἴκοσι
462 4727 699 4808 δραχμὰς
719 4727 773 4785 δὲ
794 4723 1068 4805 χαλὸάνης
1090 4724 1181 4782 καὶ
1208 4722 1481 4802 τέσσαρας·

238 4818 466 4888 Μάννης
489 4815 701 4874 λιὸάνου
729 4837 787 4873 τε
810 4813 901 4880 τὰς
922 4811 1040 4879 ἴσας
1076 4811 1151 4876 δὶς
1172 4810 1371 4868 δώδεκα
1392 4832 1404 4845 ·

236 4909 294 4968 Ἀ
306 4909 613 4983 μμωνιακοῦ
635 4903 710 4969 δὶς
730 4900 885 4959 πέντε
907 4900 997 4958 καὶ
1022 4898 1097 4964 δὶς
1123 4897 1311 4956 εἴκοσιν
1327 4919 1341 4934 ·

240 4993 569 5055 Ἑκκαίδεκα
586 4989 821 5069 δραχμὰς
852 4987 1155 5066 προπόλεως
1176 4989 1267 5054 τῆς
1289 4983 1538 5052 Ἀττικῆς·

244 5076 633 5160 Ἀριστολοχίας
657 5082 747 5148 τῆς
775 5083 979 5152 μακρᾶς
1008 5073 1083 5138 δὶς
1109 5072 1232 5129 δέκα
1253 5069 1512 5150 δραχμάς·

158 5195 213 5232 au
242 5171 339 5236 Δὶς
356 5167 411 5236 ἓξ
432 5166 637 5232 λεπίδος
656 5169 747 5224 τοῦ
766 5162 1003 5240 Κυπρίου
1028 5163 1237 5238 χαλκοῦ
1260 5157 1514 5238 δραχμάς·

1556 1554 1667 1637 [κὺι

128 1677 183 1715 as
213 1656 328 1715 ειΗν
346 1649 857 1732 προαποδεδώκαμεν
874 1649 1204 1729 ἔμπλαστρον
1225 1647 1510 1728 ἔμπροσθεν
1536 1650 1666 1725 βρα-

1748 513 1974 575 Binaeque
1991 511 2152 572 lihrae;
2169 522 2310 572 aquae
2330 521 2447 557 vero
2463 506 2716 557 sextarius.

1748 600 1943 661 Oleum,
1962 612 2170 659 cerussa,
2189 597 2368 660 argenti
2386 609 2574 659 spuma,
2595 608 2722 658 aqua
2740 594 2964 657 coquitur

1747 689 1865 740 Leni
1887 690 2020 750 igne,
2041 687 2248 749 agitatur
2263 684 2431 735 sedulo
2453 683 2688 733 rudicula.

1749 780 1871 827 cum
1889 779 1993 826 tota
2021 775 2184 837 pulcre
2206 773 2445 824 desiccata
2461 773 2530 822 sic
2548 785 2672 835 aqua
2691 775 2762 821 est
2774 807 2789 829 .

1750 867 1813 915 Et
1829 865 1938 915 leve
1967 864 2372 913 medicamentum
2389 863 2613 924 apparet,
2633 859 2890 909 candidum
2908 896 2923 919 ,

1750 956 1814 1004 Et
1830 954 2002 1014 molle,
2025 965 2116 1002 nec
2133 953 2344 1013 tingens,
2367 948 2688 1000 teremuthim
2711 948 2909 1006 inditur,

1752 1040 1936 1093 Deinde
1957 1054 2067 1090 cera
2083 1039 2332 1097 succedet,
2349 1038 2464 1089 thus
2479 1038 2660 1100 postea.

1752 1130 1825 1181 Ab
1842 1129 1950 1191 igne
1967 1140 2118 1191 quum
2136 1127 2342 1190 depones
2358 1126 2555 1175 ollulam
2567 1162 2584 1187 ,
2605 1136 2760 1173 move.

1755 1223 1918 1278 Quum
1940 1217 2128 1267 modice
2149 1216 2242 1268 erit
2257 1214 2583 1277 refrigeratum
2607 1213 2938 1275 pharmacum,

1755 1308 1982 1360 mortario
1999 1303 2316 1369 superfundas
2327 1305 2474 1367 atque
2491 1302 2672 1365 excipe.

1754 1401 1810 1449 ln
1826 1394 2110 1445 mulieribus
2125 1393 2203 1443 vel
2221 1390 2438 1442 delicatis
2453 1389 2664 1453 puerulis
2675 1424 2691 1449 ,

1756 1489 1811 1535 ln
1828 1483 2022 1533 senibus
2039 1481 2208 1531 habitu
2223 1481 2311 1529 aut
2327 1491 2477 1543 pravo
2492 1477 2748 1539 juvenibus
2768 1475 2910 1525 simul

1756 1573 1881 1623 Huic
1899 1572 2090 1621 tertiam
2111 1570 2296 1631 partem
2315 1566 2586 1616 immisceto
2608 1562 2848 1625 alumini5‚

1756 1661 1898 1721 Quod
1917 1657 2212 1723 prodidimus
2237 1655 2549 1717 emplastrum
2567 1667 2666 1703 non
2688 1653 2894 1703 multum
2919 1654 3058 1701 antea
3071 1688 3086 1711 ,

1762 1754 1831 1800 Ac
1852 1748 2004 1798 utitor
2029 1745 2089 1795 ad
2109 1744 2271 1794 omnia
2290 1742 2498 1793 recentia
2514 1741 2730 1791 vulnera.

1760 1838 1854 1901 ipsi
1872 1848 1990 1885 vero
2009 1833 2250 1883 rhodinon
2276 1830 2532 1893 liquefacto
2549 1828 2818 1878 immisceas

1764 1926 1964 1977 Paulum
1982 1924 2129 1985 atque
2155 1932 2300 1981 certe,
2322 1918 2522 1969 habebis
2535 1918 2605 1967 sic
2622 1917 2726 1967 leve
2747 1916 2982 1977 optimum
2997 1950 3010 1971 ,

1762 2014 1939 2067 Album
1956 2012 2123 2063 vinum
2142 2022 2316 2074 parum
2327 2009 2576 2059 austerum
2614 2006 2652 2056 si
2674 2003 2919 2055 effuderis.

1953 2428 2582 2494 MEDICAMENTUM
2624 2428 2673 2486 E
2717 2424 3138 2486 DICTAMNO.

1770 2616 2092 2681 Emplastrum
2119 2612 2382 2675 insignibus
2400 2608 2530 2673 quod
2554 2609 2684 2659 recte
2698 2606 2950 2656 ascribitur

1770 2708 2032 2767 solumque
2047 2701 2176 2766 quod
2199 2700 2367 2763 recipit
2387 2698 2684 2747 dictamnum
2703 2694 2946 2745 Creticum

1772 2796 1983 2844 Dictum.
2011 2790 2228 2841 Medetur
2246 2799 2472 2851 prospere
2496 2783 2736 2847 reptilium

1773 2878 2081 2932 Percussibus
2098 2873 2342 2926 venenatis
2355 2885 2412 2922 ac
2433 2870 2671 2922 morsibus

1773 2966 2151 3029 Quadrupedum
2169 2964 2482 3022 cunctorum,
2506 2959 2596 3009 etsi
2615 2957 2767 3007 rabies
2788 2955 3012 3020 quaedam
3033 2956 3144 3015 agat
3160 2988 3176 3012 ,

1773 3059 1922 3108 Juvat
1935 3055 2151 3103 ulcerum
2169 3051 2318 3101 callos
2341 3051 2392 3098 et
2409 3060 2582 3098 nervos
2599 3045 2810 3108 perditos
2822 3081 2838 3105 ,

1776 3147 1838 3196 Et
1858 3142 2103 3192 musculos
2120 3141 2169 3190 et
2185 3139 2282 3188 alto
2310 3134 2611 3197 cartilagines

1775 3235 1989 3294 corpore
2007 3227 2333 3292 putrescentes
2355 3235 2465 3286 quae
2485 3220 2770 3270 incumbunt
2789 3217 3006 3277 ossihus3

1777 3319 1922 3379 colli,
1945 3315 2285 3375 mamillarum,
2305 3311 2453 3374 spinae
2471 3321 2666 3373 quoqne
2693 3307 2854 3356 ulcera

1778 3405 2026 3464 Persanat,
2043 3403 2091 3452 et
2107 3401 2190 3450 diu
2210 3400 2249 3449 si
2264 3400 2366 3461 jam
2389 3395 2698 3455 duraverint,

1777 3500 1847 3545 Ac
1864 3491 2028 3542 omnia
2045 3490 2186 3540 simul
2205 3501 2320 3551 quae
2338 3487 2493 3536 iacere
2510 3484 2653 3548 paulo
2675 3484 2817 3532 antea

1776 3582 1889 3632 Dixi
1916 3579 2226 3642 emplastrum
2249 3575 2444 3626 nomine
2461 3573 2642 3623 scilicet
2660 3569 2950 3634 AEgyptium.

1780 3673 1886 3719 Hoc
1908 3667 2167 3717 admodum
2191 3678 2344 3727 quum
2367 3663 2428 3712 sit
2440 3661 2652 3720 bonum,
2676 3657 2871 3721 quidam
2899 3654 3120 3704 omnibus

1780 3762 1942 3808 Unum
1960 3754 2097 3804 bonis
2116 3753 2340 3815 reputant
2351 3763 2442 3800 usu
2459 3746 2781 3812 praestantius,

1783 3843 2166 3906 Haudquaquam
2183 3851 2356 3901 nempe
2368 3837 2550 3900 experti
2571 3834 2724 3884 multa
2741 3832 3016 3894 pharmaca.

1784 3930 2062 3994 byth-argyri
2080 3929 2312 3976 ducentas
2327 3923 2544 3973 continet
2559 3921 2814 3970 drachmas
2827 3953 2843 3978 ,

1780 4019 1890 4070 olei
1915 4016 2092 4067 vetusti
2115 4015 2274 4077 pondo
2292 4013 2522 4074 quattuor
2542 4009 2710 4068 libras3

1782 4106 1930 4169 Magis
1945 4104 2115 4154 volunt
2131 4103 2360 4165 quattuor
2382 4097 2461 4146 alii
2481 4095 2647 4145 indere
2668 4093 2885 4143 heminas
2896 4108 2911 4153 ;

1784 4196 1844 4244 Et
1866 4190 2208 4255 quinquaginta
2227 4200 2352 4237 cerae
2373 4186 2627 4234 drachmas
2645 4181 2879 4239 Ponticae,

1783 4279 2093 4344 Colophoniae
2114 4276 2375 4341 probaeque
2398 4273 2506 4336 plus
2522 4284 2633 4320 cera
2650 4270 2826 4332 duplo;

1785 4369 1875 4420 Alii
1901 4367 2086 4416 malunt
2104 4363 2438 4414 terebinthinae
2460 4371 2624 4423 parem
2639 4357 2867 4418 modum;

1785 4455 2022 4518 AErugiuis
2039 4465 2250 4516 quoque,
2273 4451 2404 4500 aloes
2421 4462 2510 4498 nec
2526 4461 2624 4497 non
2645 4446 2818 4498 lndicae
2831 4480 2844 4501 ,

1786 4545 2002 4606 itemque
2016 4543 2124 4591 oeris
2143 4539 2378 4590 combusti
2403 4545 2450 4587 et
2471 4537 2601 4598 dlphl
2614 4549 2713 4598 ygis
2735 4537 2846 4583 boni
2862 4569 2877 4590 ‚

1788 4633 2036 4694 cuiusque
2050 4629 2255 4679 sedecim
2273 4626 2527 4676 drachmas
2545 4623 2766 4684 adjicito;

1786 4724 2058 4778 Quaternas
2075 4719 2126 4766 et
2138 4716 2330 4777 vigenas
2357 4713 2612 4762 drachmas
2631 4708 2848 4772 galbani3

1785 4808 2057 4868 Thurisque
2082 4817 2272 4854 mannae
2290 4815 2432 4864 porro
2455 4800 2528 4850 bis
2549 4797 2802 4846 duodecim
2817 4834 2830 4858 ,

1789 4893 2091 4946 Ammoniaci
2111 4891 2276 4952 viginti
2295 4889 2465 4951 bisque
2494 4887 2708 4949 quinque
2731 4885 2828 4948 υἷες

1788 4987 1851 5035 Et
1868 4982 2074 5034 sedecim
2089 4979 2353 5042 jungantur
2374 4974 2584 5039 propolis
2611 4974 2810 5034 Atticae3

1791 5069 2121 5124 Aristolochiae
2138 5068 2294 5128 longoe
2315 5066 2389 5114 bis
2410 5065 2654 5112 drachmae
2671 5061 2836 5110 decem
2851 5094 2867 5119 ,

1792 5159 1916 5211 AEris
1939 5155 2104 5220 Cyprii
2121 5167 2335 5217 squamoe
2352 5151 2594 5201 drachmis
2613 5148 2891 5206 duodecim3

3195 384 3296 433 ior·
