3767 5825
848 364 1387 425 ARCHESTRATI
1430 364 1659 425 GELOI
1701 365 1881 438 QUAE
1925 367 2392 428 SUPERSUNT.
3155 381 3228 431 79

144 468 414 527 ,ἱειοὸάτου
442 472 719 527 ποιεῖσθαι·
742 471 884 545 ὁμῶς
904 468 1227 548 κροκόδειλον
1246 468 1309 528 ἂν
1335 468 1491 528 ὀπτὸν

137 557 422 632 Δαισαίμην
448 556 541 614 ἀπ’
566 560 715 615 ἰπνοῦ
732 601 749 628 ,
777 555 993 637 τερπνὸν
1018 556 1293 616 παίδεσσιν
1316 556 1529 617 Ἰώνων.

78 663 140 714 ιι).
164 665 264 722 vn,
282 676 325 724 p.
353 668 441 713 κιο
466 663 553 723 e.)

728 751 859 809 XII.

138 847 217 907 Ἐν
245 845 299 905 δὲ
315 846 632 926 Τορωναίων
656 845 803 904 ἄστει
829 850 919 904 τοῦ
938 846 1204 927 καρχαρία
1232 846 1335 927 χρὴ

134 939 235 996 Τοῦ
254 935 405 1000 κυνὸς
423 937 643 1015 ὀψωνεῖν
668 935 995 1014 ὑπογάστρια
1021 937 1173 994 κοῖλα
1201 935 1451 994 κάτωθεν·

140 1014 263 1084 Εἶτα
284 1023 487 1104 κυμίνῳ
510 1021 647 1082 αὐτὰ
666 1023 859 1095 πάσας,
882 1024 972 1082 ἁλὶ
998 1023 1075 1100 μὴ
1100 1026 1279 1104 συχνῷ
1300 1023 1455 1082 ὄπτα.

137 1111 281 1172 Ἄλλο
306 1112 351 1170 δ’
369 1115 539 1170 ἐκεῖσε
554 1155 573 1186 ,
601 1111 727 1187 φίλη
748 1109 953 1192 κεφαλὴ
971 1158 989 1189 ,
1016 1112 1179 1188 μηδὲν
1203 1111 1573 1192 προσενέγκῃς,

80 1225 103 1260 ιι
136 1203 197 1260 Εἰ
218 1204 289 1278 μὴ
310 1199 539 1276 γλαυκὸν
560 1198 751 1258 ἔλαιον·
776 1197 987 1258 ἐπειδὰν
1018 1201 1065 1258 δ’
1084 1200 1221 1258 ὀπτὰ
1243 1201 1457 1279 γένηται

138 1287 297 1362 Ἤδη,
320 1288 639 1368 τριμμάτιόν
655 1311 713 1346 τε
733 1287 932 1368 φέρειν,
951 1287 1040 1347 καὶ
1065 1290 1236 1348 ἐκεῖνα
1262 1292 1375 1367 μετ’
1402 1292 1576 1346 αὐτοῦ.

140 1377 313 1436 Ὄσσα
340 1378 387 1435 δ’
418 1375 481 1435 ἂν
514 1379 569 1436 ἐν
594 1376 820 1443 λοπάδος
842 1377 1020 1447 κοίλης
1047 1375 1389 1457 πλευρώματι
1416 1375 1574 1456 ἕψῃς,

142 1467 270 1535 Μήθ’
287 1465 474 1532 ὕδατος
499 1463 675 1543 πηγὴν
702 1466 917 1537 [αὐτοῖς]
936 1509 953 1538 ,
978 1466 1105 1542 μήτ’
1130 1465 1313 1524 οἴνινον
1334 1465 1445 1532 ὅξος

140 1553 403 1631 Συμμίξῃς
416 1599 433 1624 ,
463 1554 581 1611 ἀλλ’
605 1554 733 1612 αὐτὸ
753 1553 907 1629 μόνον
936 1553 1229 1633 κατάχευον
1252 1553 1423 1611 ἔλαιον
1440 1600 1455 1628 ,

78 1665 119 1702 ιο
148 1641 427 1722 Αὗχμηρόν
444 1665 503 1700 τε
532 1640 775 1717 κύμινον,
789 1645 920 1719 ὁμοῦ
940 1641 985 1700 δ’
1006 1641 1202 1701 εὗώδεα
1222 1643 1417 1722 φύλλα.

136 1729 268 1809 Ἕψε
286 1731 334 1788 δ’
356 1733 439 1788 ἐπ’
458 1732 769 1809 ἀνθρακιῆς,
794 1729 961 1811 φλόγα
982 1729 1180 1797 τούτοις
1203 1731 1277 1805 μὴ
1299 1752 1580 1809 προσενεγ-

140 1821 239 1878 Καὶ
260 1818 391 1878 κίνει
410 1822 657 1892 πυκινῶς,
673 1818 749 1895 μὴ
764 1819 1153 1898 προσκαυθέντα
1173 1817 1307 1897 λάθῃ
1328 1841 1409 1878 σε.
1435 1816 1580 1890 [κὼν,

142 1907 268 1966 Ἀλλ’
286 1910 345 1966 οὗ
364 1906 553 1968 πολλοὶ
578 1905 726 1966 ἴσασι
752 1911 950 1986 βροτῶν
974 1907 1091 1967 τόδε
1111 1913 1245 1966 θεῖον
1266 1907 1465 1984 ἔδεσμα
1480 1953 1497 1983 ,

140 1996 261 2054 Οὗδ’
285 1995 453 2054 ἔσθειν
482 1994 744 2054 ἰθέλουσιν
769 1992 883 2054 ὅσοι
904 1993 1380 2075 κιπφαττελεὸώδη

78 2105 119 2142 15
142 2082 332 2162 Ψυχὴν
354 2081 635 2154 κέκτηνται
659 2087 859 2156 θνητῶν
874 2129 893 2162 ,
924 2084 1051 2142 εἰσίν
1074 2086 1123 2142 τ’
1144 2083 1500 2156 ἀπόπληκτοι,

142 2171 224 2239 Ὡς
250 2171 663 2252 ἀνθρωποφάγου
690 2177 781 2232 τοῧ
800 2170 980 2250 θηρίου
998 2171 1161 2239 ὄντος·
1192 2171 1327 2238 ἅπας
1349 2170 1405 2229 δὲ

144 2259 301 2338 Ἰχθὺς
322 2260 497 2339 σάρκα
521 2264 660 2341 φιλεῖ
678 2260 921 2340 βροτέην,
949 2259 1013 2319 ἄν
1030 2283 1131 2320 που
1155 2259 1460 2340 περικύρσῃ·
1542 2247 1555 2260 ⁰

137 2344 299 2406 Ὥστε
316 2345 510 2424 πρέπει
527 2352 768 2424 καθαρῶς
786 2348 969 2408 ὁπόσοι
990 2347 1113 2408 τάδε
1140 2351 1524 2429 μωρολογοῦσιν

138 2437 253 2500 Τοῖς
274 2435 526 2515 λαχάνοις
544 2435 827 2516 προσάγειν
840 2481 857 2511 ,
876 2437 967 2496 καὶ
985 2435 1113 2518 πρὸς
1134 2437 1395 2516 Διόδωρον
1414 2437 1583 2504 ἰόντας

81 2546 125 2580 m
152 2522 251 2582 Τὸν
268 2523 427 2604 σοφὸν
448 2525 739 2604 ἐγκρατέως
758 2529 871 2600 μετ’
894 2523 1089 2585 ἐκείνου
1112 2525 1497 2606 πυθαγορίζειν.

57 2629 143 2688 (lh.
162 2631 267 2691 vn,
290 2645 340 2694 p.
368 2635 459 2681 310
474 2643 523 2692 c,
544 2633 595 2680 et
614 2633 702 2693 lv,
723 2637 783 2694 p:
808 2636 895 2682 168
908 2631 997 2692 d.)

144 2820 231 2882 Ἐν
246 2820 301 2881 δὲ
322 2821 497 2903 Ῥόδῳ
509 2821 699 2900 γαλεὸν
715 2822 802 2882 τὸν
822 2821 1093 2882 ἀλωπέκα·
1112 2821 1211 2881 κᾶν
1237 2823 1580 2896 ἀποθνήσκειν

138 2910 370 2991 Μέλλῃς,
392 2909 455 2970 ἂν
484 2908 561 2989 μή
584 2934 667 2970 σοι
688 2914 882 2971 πωλεῖν
904 2910 1029 2992 θέλῃ
1045 2959 1063 2987 ,
1090 2911 1331 2993 ἅρπασον
1352 2914 1505 2973 αὐτὸν
1522 2959 1537 2987 ,

137 2996 234 3059 Ὀν
251 2999 499 3059 καλέουσι
524 2998 841 3081 Συρακόσιοι
858 3000 997 3060 κύνα.
1011 2999 1166 3059 πίονα
1183 3045 1199 3076 ,
1225 2992 1363 3082 κᾷτα

138 3086 387 3169 Ὕστερον
406 3087 511 3160 ἤδη
528 3092 695 3168 πασχ’
720 3086 753 3146 ὅ
775 3088 829 3147 τί
855 3111 938 3149 σοι
956 3088 1301 3171 πεπρωμένον
1320 3090 1461 3148 ἐστίν

48 3191 139 3251 (lb.
159 3195 260 3255 vu,
285 3208 337 3257 p.
360 3200 449 3245 286
466 3207 517 3257 ι,
534 3197 585 3245 et
602 3200 694 3245 295
711 3207 757 3244 a.
778 3196 797 3257 )

136 3388 237 3447 Καὶ
258 3388 460 3469 νάρκην
488 3386 645 3469 ἑφθὴν
670 3390 725 3445 ἑν
749 3386 912 3466 ἐλαίῳ
944 3386 1039 3459 ἠδὲ
1067 3388 1157 3446 καὶ
1186 3388 1305 3470 οἴνῳ

142 3476 244 3535 Καὶ
262 3478 401 3557 χλόῃ
431 3477 610 3535 εὖώδιι
638 3476 728 3535 καὶ
752 3478 889 3557 βαιῷ
916 3474 1139 3553 ξύσματι
1158 3482 1332 3557 τυροῦ.

46 3586 207 3651 (lb.‚p.
226 3594 315 3639 314
328 3589 409 3651 d.)

732 3664 865 3727 XV.

137 3762 285 3822 Ἀλλά
312 3784 403 3841 μοι
420 3761 609 3845 ὀψώνει
638 3761 869 3840 γλαύκου
888 3762 1120 3844 κεφαλὴν
1144 3764 1196 3821 ἒν
1222 3760 1457 3844 Ὀλύνθῳ

136 3852 235 3911 Καὶ
244 3851 539 3932 Μεγάροις·
560 3850 746 3927 σεμνὸς
768 3850 871 3930 γὰρ
894 3851 1169 3911 ἁλίσκεται
1191 3854 1247 3910 ἐν
1259 3852 1577 3929 τενάγεσσιν.

46 3952 61 4013 (
80 3954 333 4019 1b.‚p.29⁵
356 3957 439 4019 c.)

718 4032 876 4096 XVI.

132 4131 401 4211 Βάτραχον
429 4128 531 4188 ἔνθ’
558 4128 621 4189 ἂν
641 4129 775 4209 ἴδῃς,
802 4128 1080 4208 dodun...
1110 4128 1201 4187 καὶ

134 4218 379 4303 Γάστριον
401 4220 559 4276 αὐτοῦ
584 4216 856 4278 σκεύασον.

42 4320 154 4384 (Ib.,
176 4337 219 4387 p.
237 4330 329 4375 286
352 4323 439 4385 d.)

61 4456 72 4464 .
709 4400 897 4461 XVII.

140 4498 243 4557 Καὶ
268 4496 433 4577 βατίδ’
456 4494 615 4576 ἑφθὴν
646 4494 762 4554 ἔσθε
787 4491 949 4570 μέσου
976 4497 1231 4573 χειμῶνος
1258 4495 1310 4551 ἐν
1338 4491 1449 4573 ὥρῃ
1465 4517 1477 4530 ·

136 4584 239 4643 Καὶ
264 4584 429 4663 ταύτῃ
452 4582 605 4661 τυρὸν
625 4581 716 4640 καὶ
742 4581 944 4661 σίλφιον
962 4604 976 4619 ·
1007 4580 1141 4639 ἅττα
1162 4604 1217 4639 τε
1245 4580 1417 4661 σάρκα

135 4670 223 4743 Μὴ
251 4672 457 4753 πίειραν
488 4669 600 4751 ἔχει
629 4670 819 4729 πόντου
849 4668 1043 4744 τέκνα,
1074 4672 1208 4750 τῷδε
1235 4669 1413 4749 τρόπῳ
1430 4668 1535 4749 χρὴ

134 4756 407 4829 Σκευάζειν
420 4782 435 4797 ·
455 4758 560 4832 ἤδη
582 4781 664 4818 σοι
688 4756 793 4837 ἐγὼ
810 4756 935 4817 τάδε
955 4757 1193 4838 δεύτερον
1216 4758 1379 4819 αὐδῶ.

44 4858 219 4923 (ibid.)

688 4942 910 5003 XVIII.

136 5034 223 5098 Ἐν
252 5032 294 5096 δ’
319 5034 463 5119 Λίνῳ
480 5036 572 5096 καὶ
600 5038 677 5119 τῷ
704 5032 895 5117 Πόντῳ
912 5034 1009 5107 τὴν
1039 5034 1097 5094 ὃν
1122 5036 1343 5115 ἀγόραζε
1362 5078 1379 5112 ,

135 5122 237 5184 *Ην
264 5123 511 5185 καλέουσί
528 5148 660 5191 τινες
687 5128 885 5197 θνητῶν
917 5127 1179 5205 ψαμμῖτιν
1205 5123 1430 5204 ὀρυκτήν
1448 5146 1461 5160 ·

1668 471 1805 520 Levis
1818 471 1932 532 rajae
1951 470 2183 522 rationem
2199 471 2402 534 habere;
2417 472 2510 522 bac
2525 473 2710 522 ratione
2723 482 3017 524 crocodilum
3035 486 3234 538 qnoque

1667 562 1870 609 coenare
1895 573 2080 622 possem
2095 596 2110 621 ,
2134 560 2538 610 oblectamentum
2560 564 2729 612 ionum
2751 561 2874 612 tiliis.

2379 777 2512 836 XII.

1670 873 1730 919 In
1754 873 2098 921 Toronaeorum
2129 871 2248 921 urbe
2273 875 2466 936 oportet
2483 873 2742 924 carchariae

1667 957 1813 1008 Canis
1843 959 2068 1020 opsonari
2085 972 2202 1009 cava
2224 959 2408 1010 inferne
2423 960 2680 1010 abdomina
2691 997 2708 1023 ‚

1668 1045 1848 1094 Deinde
1868 1059 1980 1096 assa
2002 1061 2113 1096 cum
2137 1049 2360 1108 cumino,
2379 1061 2693 1111 conspergens
2708 1048 2806 1096 sale
2825 1047 2951 1096 haud
2969 1048 3138 1097 nimio.

1668 1132 1809 1181 Aliud
1827 1147 1944 1183 vero
1963 1135 2077 1197 huc,
2097 1150 2128 1185 o
2146 1149 2316 1186 carum
2333 1138 2502 1198 caput,
2525 1136 2902 1199 haudquaquam
2917 1135 3136 1197 adjicias,

1672 1221 1773 1270 Nisi
1802 1222 2028 1282 glaucum
2043 1224 2205 1273 oleum
2222 1242 2238 1286 ς
2269 1225 2352 1274 ubi
2373 1225 2539 1274 autem
2557 1237 2668 1274 assa
2687 1226 2802 1273 aunt

1668 1313 1795 1373 Jam,
1815 1312 1934 1360 tunc
1953 1311 2212 1362 intinctum
2231 1313 2371 1375 inl'er,
2389 1313 2570 1375 illaque
2585 1311 2731 1362 simul
2751 1327 2864 1362 cum
2889 1313 3000 1363 hoc.

1669 1399 1811 1455 Quod
1827 1399 1890 1448 ad
1914 1413 1972 1450 ea
1997 1413 2116 1451 vero
2132 1415 2248 1464 quae
2272 1401 2321 1450 in
2339 1413 2567 1452 concavae
2585 1402 2762 1463 patinoe
2786 1401 3018 1452 lateribus
3039 1402 3213 1461 elixas,

1671 1489 1752 1537 His
1770 1501 1928 1551 neque
1945 1502 2084 1552 aquae
2106 1489 2290 1541 fontem
2309 1527 2324 1552 ,
2353 1504 2510 1554 neque
2529 1504 2557 1542 e
2575 1489 2689 1540 vino
2707 1493 2931 1554 paratum
2949 1492 3142 1540 acetum

1670 1575 1908 1639 Admisce,
1922 1577 2010 1627 sed
2027 1578 2223 1628 infunde
2239 1579 2306 1629 nil
2321 1579 2412 1628 nisi
2431 1579 2596 1629 oleum
2618 1579 2778 1642 ipsum

1670 1664 1967 1728 Aridumque
1985 1666 2236 1716 cuminum
2259 1669 2310 1716 et
2327 1667 2474 1716 simul
2495 1681 2607 1717 cum
2629 1667 2706 1717 hin
2723 1667 2836 1716 folia
2855 1668 3128 1730 fragrantia.

1669 1757 1837 1816 coque
1854 1756 2020 1804 autem
2032 1769 2176 1818 super
2194 1754 2504 1826 carbonibus,
2514 1755 2830 1806 flammamtis
2843 1769 2938 1805 non
2955 1756 3236 1815 admovens,

1670 1841 1904 1904 Agitaque
1921 1844 2218 1905 frequenter,
2237 1856 2301 1894 ne
2325 1843 2480 1894 inscio
2509 1846 2558 1894 te
2579 1843 2863 1894 adurantur.

1670 1933 2020 1982 Verumtamen
2040 1932 2180 1994 pauci
2199 1916 2380 1982 norunt
2393 1933 2621 1982 mortales
2635 1931 2853 1983 divinum
2875 1933 2968 1982 boc
3001 1932 3240 1993 edulium,

1670 2021 1833 2081 Neque
1846 2032 1904 2068 eo
1927 2019 2061 2070 vesci
2082 2021 2252 2070 volunt
2273 2021 2554 2084 quicunque
2575 2020 2762 2084 cepplio
2781 2020 3090 2084 attelaboque
3110 2021 3237 2070 simi·

1671 2106 1859 2157 Habent
1882 2109 2098 2158 mentem
2119 2107 2338 2158 homiues
2360 2111 2572 2171 suntque
2585 2109 2806 2170 attoniti,
3115 2107 3231 2174 [lem

1675 2193 1865 2256 Quippe
1887 2194 2072 2245 scilioet
2090 2194 2302 2245 humana
2327 2208 2474 2246 carne
2491 2197 2703 2247 vescitur
2727 2196 2938 2258 animal3
2964 2197 3016 2246 at
3043 2195 3203 2258 quivis

1670 2283 1942 2332 Humanam
1961 2284 2094 2333 amat
2111 2296 2308 2334 carnem
2332 2284 2495 2346 piscia,
2519 2284 2678 2334 sicubi
2698 2283 2844 2334 fuerit
2865 2271 3056 2334 nactus.

1673 2371 1879 2432 Oportet
1897 2371 2060 2432 itaque
2075 2372 2356 2434 simpliciter
2373 2372 2457 2435 qui
2489 2373 2654 2436 inepta
2675 2373 2780 2422 lraec
2799 2372 3020 2435 garriunt

1673 2457 1746 2508 Ad
1768 2459 1902 2507 olera
1923 2459 2160 2509 adducere
2172 2497 2187 2521 ,
2213 2461 2577 2524 sapientemque
2594 2460 2861 2511 Diodorum
2878 2460 3115 2511 adeuntes

1673 2549 2020 2610 'temperanter
2041 2548 2359 2612 philosophiae
2378 2550 2710 2614 Pytlmgoricoe
2731 2562 2928 2613 operam
2941 2548 3073 2598 dare.

2372 2737 2529 2796 XIII.

1672 2837 1825 2888 Rhodi
1842 2838 2102 2888 mustelam
2120 2838 2346 2902 vulpem;
2377 2840 2457 2889 vel
2483 2839 2524 2889 ai
2547 2837 2852 2888 moriendum

1674 2929 1835 2986 Esset,
1862 2926 1914 2975 ni
1933 2928 2020 2979 tibi
2039 2927 2248 2977 vendere
2271 2928 2528 2991 voluerint,
2552 2929 2682 2979 mtto
2701 2928 2839 2977 aul'er
2864 2927 3012 3007 huuc,

1676 3029 1832 3083 Quem
1851 3024 2094 3085 Syracusii
2115 3028 2292 3074 vocant
2315 3037 2488 3074 canem
2507 3025 2732 3088 pinguem
2748 3040 2766 3086 ς
2789 3038 2848 3073 ac
2863 3022 3037 3073 deinde

1675 3111 1986 3161 Postmodum
2011 3111 2144 3175 quod
2167 3111 2258 3163 tihi
2281 3112 2382 3162 fato
2399 3112 2692 3163 destinatum
2718 3114 2790 3162 est
2811 3112 2992 3175 patere.

2369 3308 2532 3370 XIV.

1672 3411 1736 3457 Et
1758 3408 2055 3472 torpedinern
2074 3410 2252 3461 elixam
2271 3412 2322 3461 in
2347 3412 2454 3461 oleo
2481 3413 2632 3475 atque
2655 3412 2800 3462 etlam
2820 3411 2934 3463 vino

1674 3498 1801 3546 cum
1828 3497 2000 3549 fronde
2029 3499 2254 3561 fragranti
2275 3501 2326 3551 et
2345 3499 2520 3563 exiguo
2547 3500 2673 3550 casei
2687 3502 2921 3551 ramento.

1672 3776 1735 3824 At
1751 3776 1910 3837 glauci
1927 3777 2042 3826 mihi
2063 3780 2210 3841 caput
2227 3686 2682 3842 opsomlievolynthi

1671 3866 1734 3913 Et
1760 3864 1987 3926 Megari&
2010 3866 2312 3917 venerandus
2331 3867 2460 3917 enim
2474 3868 2663 3929 capitur
2679 3868 2730 3917 in
2744 3866 2862 3917 locis
2879 3866 3084 3917 vadosis„

1671 4137 1881 4198 Ranam,
1905 4136 2184 4199 ubicunque
2207 4046 2742 4201 viderisyfxpleonare....
2767 4142 2818 4188 et

1674 4214 1923 4273 abdomen
1945 4224 2048 4286 elue
2065 4227 2249 4287 parato.

2354 4395 2542 4457 xv11.

1672 4490 1956 4551 Elixamquc
1977 4488 2124 4550 rajam
2142 4488 2338 4538 comede
2357 4489 2529 4538 mediae
2555 4488 2740 4551 hyemis
2759 4490 3008 4551 tempore;

1673 4579 1799 4628 Huic
1818 4590 2018 4639 quoque
2033 4590 2226 4625 caseum
2245 4579 2295 4626 et
2329 4578 2471 4640 laser3
2496 4579 2644 4639 atque
2667 4578 2962 4641 quicumque

1673 4666 1815 4716 Maris
1838 4664 1922 4713 sslii
1946 4678 2138 4713 carnem
2157 4678 2256 4714 non
2279 4666 2502 4728 pinguem
2517 4665 2713 4725 habent,
2735 4666 2824 4714 hac
2833 4666 3016 4716 ratione
3033 4669 3221 4729 oportet

1672 4755 1909 4813 condire;
1932 4751 2031 4813 iam
2049 4752 2226 4803 iterum
2248 4754 2338 4803 tibi
2359 4754 2452 4803 hoc
2464 4753 2593 4802 dico.

2339 4939 2560 4999 XVIII.

1675 5036 1795 5086 Aeni
1817 5036 2032 5099 atquem
2061 5036 2216 5086 Ponto
2237 5048 2371 5104 suem
2389 5046 2651 5096 opsonare,

1675 5128 1828 5182 Quem
1854 5125 2082 5174 mortales
2107 5122 2324 5180 nonnulli
2351 5122 2528 5173 vocant
2548 5120 2821 5172 arenartum
2845 5120 3104 5183 elroesnm3
