3767 5825
437 403 638 445 XXXIV

438 530 583 589 erat,
615 518 664 576 si
696 529 754 575 et
773 516 869 575 Sol
905 528 963 575 et
983 516 1148 575 Luna
1174 529 1338 575 extra
1359 529 1558 576 centra
1583 530 1795 588 essent,
1840 518 1998 587 unde

1819 386 2254 451 PRAEFATIO.

2171 522 2266 577 32.
2297 517 2499 599 ἐπέχων
2533 520 2695 595 edd.,
2727 516 2942 597 ἀπέχων
2976 538 3082 577 nos
3115 540 3130 574 τ
3162 517 3417 575 abstinet
3448 518 3639 597 procul

441 617 561 662 tum
618 604 758 662 vitae
793 604 1023 663 initium
1069 605 1518 683 computandum
1561 617 1727 663 esset.
1751 604 1836 664 Ne
1865 608 2001 683 quis
2090 620 2283 667 ortum
2308 608 2510 666 aSole.

441 707 631 752 autem
653 692 873 750 Lunam
896 712 1073 751 versu
1101 695 1364 771 sequenti
1389 692 1750 751 emendando
1787 697 1820 764 ἦ
1845 692 1889 752 δ’
1916 695 1999 774 ἄρ’

441 780 773 850 -νίσσηται
786 780 1078 860 προθέουσα
1098 782 1456 841 inferendam
1481 794 1663 854 ratus,
1685 781 1912 841 Φαέθων
1928 782 2001 841 de

441 868 574 927 Sole
600 870 926 945 intelligat,
961 871 1272 929 tenendum
1299 892 1372 930 eo
1395 870 1633 929 nomine
1663 871 1818 949 apud
1843 871 2001 929 hunc

441 970 666 1035 poetam
696 977 925 1036 semper
945 962 1135 1016 lovem
1159 959 1468 1036 planetam,
1493 977 1791 1036 nunquam
1816 962 2001 1017 Solem

441 1044 580 1105 dici.
610 1043 810 1122 ltaque
837 1048 1048 1124 scripsi
1075 1046 1216 1112 ἐκτὸς
1238 1045 1330 1105 δύο
1361 1044 1490 1126 φῶτ’
1520 1046 1806 1127 άποκλινθῇ
1834 1046 2000 1124 (vid.

444 1132 581 1209 376,
611 1133 745 1204 383,
772 1133 918 1210 398;
943 1131 1040 1204 vl,
1069 1135 1257 1211 649);
1289 1154 1398 1212 pro
1426 1153 1543 1210 quo
1572 1134 1622 1191 si
1644 1134 1814 1192 etiam
1858 1134 2003 1201 ἐκτὸς

441 1218 534 1279 δύο
577 1220 715 1301 φάεα
753 1221 934 1300 κλινθῇ
969 1221 986 1302 (
1011 1221 1134 1282 vid.
1188 1225 1332 1294 3643
1373 1220 1470 1293 vl,
1517 1242 1630 1293 720
1653 1224 1672 1299 )
1724 1226 2003 1301 scriptum

443 1326 576 1397 fuit,
604 1326 976 1402 intelligitur,
1005 1327 1298 1404 quomodo
1316 1348 1389 1386 ex
1421 1302 1558 1419 φῖἔὲ
1577 1330 1722 1387 oriri
1748 1331 2005 1408 potuerit

439 1434 688 1511 Φαέθων,
714 1458 834 1515 quo
852 1438 1109 1496 admisso
1131 1436 1222 1497 δύο
1243 1440 1460 1517 expelli
1479 1440 1746 1501 debebat.

521 1534 659 1596 411.
692 1517 776 1596 ἦτ’
810 1524 872 1583 ἂν
902 1524 988 1584 ἐπὶ
1014 1525 1251 1606 μοίρεσσι
1277 1527 1355 1600 G,
1380 1527 1466 1599 ἤτ’
1496 1527 1557 1588 ἂν
1582 1530 1654 1605 Η,
1689 1534 1722 1599 ἡ
1754 1528 1798 1587 δ’
1827 1528 1890 1587 ἂν
1917 1528 2002 1587 ἐπὶ

441 1611 658 1693 μοίρῃσι
675 1613 799 1687 ed.,
818 1612 930 1671 hoc
949 1632 982 1671 e
1011 1634 1167 1672 corr.
1193 1613 1392 1674 Herm.
1417 1614 1599 1694 Orph.
1628 1619 1762 1688 716.
1787 1616 1866 1673 Ut
1882 1616 2004 1674 haec

438 1699 911 1760 antecedentibus
927 1714 1285 1779 aptarentur,
1305 1702 1390 1772 ἠδ’
1410 1702 1494 1781 ἄρ’
1509 1702 1595 1760 ἐπὶ
1618 1702 1832 1781 μοίρῃσι
1851 1706 2002 1763 scri-

439 1788 694 1849 bendum
717 1802 870 1862 erat3
899 1802 958 1847 et
982 1787 1066 1868 ἄρ’
1077 1790 1200 1867 jam
1229 1789 1381 1867 conj.
1411 1791 1480 1847 A.

521 1882 658 1947 416.
687 1876 851 1957 εὕροις
872 1876 1033 1950 edd.,
1063 1876 1216 1957 εὕρῃς
1243 1896 1351 1937 nos
1383 1899 1398 1935 ε
1424 1878 1550 1936 vid.
1579 1896 1774 1961 supra.

523 1968 658 2033 418.
685 1965 857 2023 κείνου
878 1987 939 2023 τε
966 1964 1330 2046 πιριμοιὸαἷσι
1350 1965 1610 2024 δάσασθαι
1632 1964 1707 2037 G,
1732 1965 1928 2033 κείνους
1948 1990 2004 2024 τε

439 2052 559 2132 περὶ
602 2054 838 2135 μοιραῖσι
864 2055 911 2113 δ.
947 2054 1030 2126 Η,
1069 2053 1240 2113 κείνου
1276 2076 1334 2112 τι
1367 2053 1488 2134 περὶ
1515 2052 1728 2133 μοίρῃσι
1761 2054 1810 2114 δ.
1845 2055 1941 2114 ed.
1972 2076 2005 2113 e

441 2142 600 2220 conj.
641 2144 839 2201 Herm.
875 2141 1064 2221 Orph.
1106 2144 1256 2216 716;
1292 2141 1490 2208 κείνους
1515 2141 1574 2199 τέ
1599 2164 1698 2222 περ
1727 2141 2005 2219 ἠμοιὸαἷσι

439 2232 494 2289 D
522 2232 633 2290 651
661 2229 930 2291 barbare.
958 2230 1072 2289 Sed
1097 2250 1172 2289 ne
1208 2231 1487 2288 δάσασθαι·
1516 2230 1746 2307 quidem
1771 2250 2002 2289 sensum

439 2318 679 2399 praebet.
738 2317 904 2377 Patet
939 2316 1202 2397 ejusdem
1248 2317 1523 2377 vocabuli
1567 2319 2005 2377 terminationes

439 2406 538 2466 hic
564 2416 622 2466 et
662 2418 936 2483 sequente
968 2426 1144 2466 versu
1176 2406 1518 2465 commixtas
1546 2425 1706 2479 esse;
1733 2405 1818 2466 ibi
1845 2408 2003 2465 enim

441 2496 773 2574 importune
785 2494 999 2571 legitur
1015 2497 1211 2573 μοιρῶν
1227 2517 1307 2555 τε.
1321 2492 1438 2552 Hic
1446 2513 1587 2551 vero
1598 2493 1969 2552 scribendum
1986 2517 1999 2551 z

439 2582 621 2643 κείνων
643 2606 702 2641 τε
724 2581 844 2663 περὶ
874 2586 1069 2662 μοιρῶν
1093 2581 1393 2655 δεδάασθαι,
1421 2582 1481 2641 h.
1511 2602 1564 2643 e.
1594 2596 1652 2639 et
1677 2586 1748 2641 de
1781 2588 2003 2640 Illorum

438 2680 718 2750 sfgnorum
732 2675 988 2748 parabus
1005 2674 1292 2731 observare
1311 2674 1489 2741 deber,
1521 2672 1564 2731 i.
1587 2690 1640 2729 e.
1665 2670 1872 2730 observ
1880 2691 2001 2744 are,

441 2762 656 2840 quibus
680 2762 742 2819 in
755 2759 1024 2837 partibus
1043 2761 1276 2837 singula
1295 2760 1618 2819 nativitatis
1633 2760 1798 2835 signa
1819 2764 2007 2818 orian-

441 2862 556 2909 tur.
574 2849 790 2907 Multus
802 2862 889 2908 est
903 2849 976 2908 de
988 2848 1082 2909 his
1101 2849 1368 2929 partibus
1383 2850 1682 2926 signorum
1711 2848 2002 2907 Manilius,

522 2949 658 3015 419.
694 2943 889 3018 μοιρῶν
931 2961 990 2996 τε
1020 2939 1182 3012 edd.,
1215 2941 1430 3018 inepte.
1461 2938 1606 2996 Nam
1648 2958 1779 3015 quae
1811 2952 2007 3016 partes

440 3028 873 3117 intelligantur?
911 3028 1134 3107 Scripsi
1159 3027 1397 3109 μοίρῃσι,
1436 3027 1494 3085 h.
1526 3047 1578 3088 e.
1616 3047 1688 3085 ex
1712 3026 2004 3104 partibuS,

445 3116 504 3175 in
538 3100 754 3196 quibus
782 3117 948 3192 signa
969 3128 1275 3194 apparent,
1307 3115 1380 3174 de
1411 3117 1548 3174 vitae
1576 3135 1858 3174 annorum
1906 3137 2008 3175 nu·

443 3226 603 3266 mero
627 3205 1018 3285 conjecturam
1051 3205 1235 3264 facere
1259 3205 1470 3283 possis.

524 3303 660 3365 424.
703 3293 912 3370 αὐτοίγε
957 3292 1031 3366 G,
1075 3292 1218 3352 αιίτοί
1267 3316 1326 3372 γε
1375 3293 1497 3371 ed.,
1544 3293 1784 3372 inepte:
1817 3313 2006 3371 neque

440 3385 598 3445 enim
622 3383 777 3442 radii
820 3383 970 3460 ipsis
997 3383 1204 3456 stellis,
1247 3383 1346 3441 sed
1393 3382 1763 3458 συναντόμενοι
1803 3383 2008 3458 figuris

443 3491 623 3551 supra
645 3471 980 3530 memoratis
1031 3469 1356 3550 τετράγωνος
1376 3484 1434 3529 et
1455 3468 1867 3547 καταντιπέρην)
1901 3490 2006 3547 op-

442 3571 764 3642 ponuntur.
797 3557 953 3616 Hinc
979 3581 1014 3616 α
1069 3558 1210 3636 τοίγε
1228 3557 1493 3617 distinxi.

937 3879 1162 3943 LIBER
1202 3881 1512 3942 SEXTUS.

527 4065 582 4130 4.
613 4056 806 4138 καίπερ
833 4055 1039 4138 θανάτῳ
1061 4055 1222 4133 θυμὸν
1249 4055 1409 4127 edd.,
1443 4055 1592 4112 mira
1619 4054 1823 4112 mortis
1851 4074 2009 4112 com-

447 4149 894 4220 memoratione,
925 4147 997 4205 ad
1017 4165 1191 4223 quam
1219 4143 1636 4202 defendendam
1663 4144 1814 4200 male
1841 4142 2007 4200 adhi-

444 4237 584 4297 beas
610 4236 768 4295 Flav.
797 4234 1032 4315 Vopisc.
1065 4233 1321 4293 Florian.
1350 4235 1382 4292 3
1409 4255 1424 4290 :
1472 4261 1494 4284 ι
1530 4232 1654 4290 haec
1681 4265 1759 4276 --
1784 4223 2006 4289 credidi

446 4324 891 4404 praelibmda—
902 4343 976 4382 ne
990 4322 1147 4380 fatali
1165 4323 1500 4380 necessitate
1520 4320 1858 4397 absumptus
1873 4319 2011 4376 Pro·

445 4412 526 4472 bo
545 4413 769 4472 indicto
787 4411 1147 4490 deperirem3
1173 4435 1198 4462 n
1231 4407 1482 4468 etProb.
1517 4430 1571 4485 1,
1611 4435 1633 4458 a
1659 4408 1710 4466 si
1738 4409 1859 4466 vita
1875 4429 2006 4486 sup-

443 4513 621 4579 petet,
639 4519 865 4572 omnes,
882 4499 988 4576 qui
1007 4509 1336 4576 supersunt.
1348 4540 1385 4557 ..
1403 4497 1694 4568 dicturus3
1718 4521 1742 4547 »
1763 4509 1820 4553 et
1838 4497 2007 4572 siqui

447 4602 583 4647 sunt
595 4589 814 4647 similes
828 4587 968 4645 loci.
986 4585 1156 4645 Certe
1175 4584 1338 4650 πέλας
1354 4583 1478 4642 ὄντα
1496 4605 1598 4643 seu
1613 4585 1727 4642 tale
1741 4584 1882 4660 quid
1901 4604 2008 4661 pro

447 4676 700 4754 μογέοντα
723 4673 1093 4733 scribendum
1126 4673 1251 4731 fuit.
1291 4672 1442 4731 Hinc
1469 4673 1774 4730 emendavi
1799 4671 2007 4729 ordine

444 4765 617 4823 etiam
662 4761 974 4820 verborum
1029 4773 1246 4818 mutato
1281 4779 1296 4820 ε
1345 4759 1504 4836 Θυμὸν
1548 4759 1738 4834 καίπερ
1781 4758 2007 4839 καμάτῳ

445 4850 719 4930 μογέοντα.
737 4849 1018 4926 Intelligit
1031 4849 1290 4908 laborem
1307 4848 1561 4907 siderum
1579 4848 2005 4923 cognoscendo-

443 4961 572 4998 rum
595 4938 838 4997 arduum
854 4980 872 5010 ,
901 4937 974 4996 de
997 4957 1114 5014 quo
1143 4939 1355 5015 saepius
1381 4937 1682 4995 admonuit
1707 4935 2001 4994 Manilius.

521 5026 622 5084 25.
657 5025 749 5084 καὶ
775 5022 947 5092 ὅσσοις
970 5024 1345 5102 γιγνομένοισιν
1362 5023 1416 5080 G
1446 5025 1463 5099 (
1487 5044 1604 5082 non
1635 5021 1789 5094 ὅσοις,
1817 5035 1881 5079 ut
1902 5043 2004 5080 no-

443 5127 566 5173 tant
587 5110 744 5192 AR);
772 5113 864 5172 καὶ
901 5111 1144 5179 ὁπόσσοις
1184 5109 1560 5191 γιγνομένοισιν
1583 5112 1704 5182 ed.,
1740 5108 1878 5176 ὅσοις
1919 5109 2005 5167 ἔπι

445 5200 816 5280 γιινομένοισιν
851 5219 974 5260 nos,

2171 707 2267 766 41.
2307 694 2562 775 Θρεφθέντ“
2605 696 2749 771 GH,
2788 696 2888 753 sed
2936 722 2959 745 κ
2990 694 3089 752 MS
3113 692 3402 771 θαιφθέντ’,
3442 692 3642 769 quibus

2092 804 2382 863 superscr.
2411 783 2657 865 ῥεφθέντ“.
2690 810 2715 835 n
2745 780 3249 863 GRON.Opu‹poe'vt’
3268 782 3388 853 ed.;
3414 780 3640 860 §oekflt'vt‘

2092 872 2244 949 conj.
2273 873 2324 930 D
2360 874 2499 944 413,
2542 870 2794 953 ῥαισθέντ·
2834 871 2916 930 id.
2951 874 3088 947 649.
3117 868 3333 927 Mirum
3366 872 3639 928 neminem

2090 962 2341 1033 vidisse,
2379 960 2527 1018 nihil
2558 959 2765 1017 aliud
2747 980 2811 1018 ιιι
2846 959 2971 1018 cod.
3004 959 3296 1037 scriptura
3321 959 3503 1015 latere
3540 960 3640 1017 nisi

2092 1048 2365 1129 θλιφθέντ’,
2394 1070 2512 1127 quo
2540 1048 2725 1107 verbo
2744 1048 2915 1105 etiam
2948 1045 3640 1121 111,263·,V1‚612uti-

2092 1150 2208 1198 tur.

2176 1226 2272 1294 45.
2308 1224 2369 1283 ἄν
2400 1225 2619 1283 addidi.

2176 1322 2271 1389 49.
2298 1312 2477 1371 ὄλοντο
2500 1313 2655 1385 edd.,
2680 1311 2836 1389 quod
2858 1332 2973 1369 non
2992 1311 3279 1387 intelligo.
3308 1310 3454 1369 Nam
3476 1313 3533 1369 in
3544 1312 3639 1370 san·

2094 1415 2200 1475 tes,
2234 1403 2335 1477 qui
2373 1402 2583 1479 primis
2613 1402 2677 1459 in
2721 1414 2923 1479 partus
2951 1398 3257 1458 doloribus
3302 1402 3638 1473 moriuntur,

2094 1490 2352 1566 profecto
2382 1509 2497 1547 non
2520 1490 2850 1545 moriuntur
2878 1507 3061 1565 prope
3084 1486 3259 1565 pedes
3288 1492 3515 1549 matris.
3540 1492 3644 1551 Nee

2094 1577 2353 1635 dubitari
2374 1589 2593 1655 potest,
2632 1577 2777 1653 quin
2805 1596 2933 1652 quae
2965 1576 3147 1651 5¹·59
3176 1576 3249 1633 de
3278 1578 3535 1655 expositi
3572 1579 3645 1636 in·

2096 1665 2269 1723 fantis
2310 1678 2463 1724 sorte
2493 1664 2991 1740 demonstrantur,
3016 1662 3089 1721 ad
3133 1663 3385 1722 eundem
3428 1664 3501 1723 de
3542 1686 3645 1743 quo

2092 1753 2189 1811 hic
2214 1774 2406 1811 sermo
2433 1766 2518 1811 est
2540 1753 2883 1831 pertineant.
2920 1750 3051 1809 Jam
3084 1765 3238 1830 patet
3284 1773 3420 1811 eum
3437 1798 3456 1830 ,
3483 1774 3645 1832 quum

2094 1854 2436 1918 exponatur,
2461 1860 2579 1897 non
2608 1841 2866 1917 potuisse
2894 1839 2957 1896 in
3000 1840 3129 1915 ipso
3158 1853 3334 1918 partu
3360 1854 3645 1899 mortuum

2094 1949 2237 1987 esse.
2266 1929 2418 1987 Hinc
2439 1928 2640 1986 ὄλισθον
2669 1947 2778 2005 pro
2802 1928 2982 1985 ὄλοντο
3007 1927 3239 2006 scripsi.

2178 2018 2271 2077 58.
2304 2016 2433 2074 ὑπαὶ
2462 2016 2591 2088 GH,
2624 2014 2758 2072 ἀπαὶ
2776 2016 2893 2087 ed.,
2928 2013 3031 2073 ἀπὸ
3058 2035 3187 2073 nos.

2177 2106 2272 2183 59.
2308 2102 2583 2174 ἐνούλησεν
2620 2103 2754 2175 Gn,
2796 2100 2897 2159 αἴν’
2938 2101 3159 2173 ὄτλησεν
3194 2102 3315 2178 ed.,
3357 2105 3521 2182 quod
3541 2104 3653 2183 jam

2095 2207 2333 2271 propter
2371 2192 2742 2269 spondiacam
2783 2191 3099 2249 clausulam
3122 2206 3491 2269 suspectum;
3544 2190 3655 2248 αἱνᾶ

2095 2280 2309 2353 ἔτλησεν
2337 2283 2387 2338 D
2410 2285 2523 2353 672
2548 2280 2764 2337 vitioso
2788 2280 2972 2350 hiatu,
3006 2280 3110 2357 qui
3138 2279 3311 2338 facile
3336 2280 3520 2337 vitari
3548 2301 3655 2358 po-

2095 2383 2240 2428 terat
2267 2368 2365 2427 αίν’
2395 2367 2682 2439 ἀνέτλησαν
2708 2366 3039 2426 scribendo.

2174 2460 2270 2519 68.
2289 2456 2783 2536 δουλοσύνῃ-ὀΐζυρῇ
2809 2455 2884 2532 G,
2911 2456 3117 2533 οἰζυρῆς
3137 2456 3206 2514 H.
3232 2454 3486 2515 Restitui
3508 2456 3655 2533 geni·

2095 2546 2245 2603 tivos
2261 2545 2541 2603 oriundos
2552 2542 2744 2601 ede.
2764 2542 2837 2618 X,
2859 2546 2994 2617 423,
3006 2542 3111 2601 ubi
3128 2542 3425 2601 Bekkerus
3434 2544 3653 2601 demum

2096 2633 2407 2705 δουλοσύνην
2432 2632 2691 2710 scripsit,
2713 2636 2923 2689 vereor
2948 2653 3020 2690 ne
3043 2652 3117 2690 ex
3142 2632 3268 2689 sola
3303 2631 3653 2708 conjectura.

2095 2722 2264 2781 Certe
2294 2740 2481 2799 neque
2500 2740 2573 2779 ex
2598 2718 2911 2796 Harlejano
2942 2738 3129 2798 neque
3150 2740 3223 2777 ex
3245 2718 3657 2778 vindobonen-

2096 2812 2261 2871 sibus
2297 2810 2480 2868 Alteri
2506 2809 2823 2886 quidquam
2848 2807 3181 2867 adnotatum
3212 2808 3410 2865 video.

2176 2900 2273 2975 69.
2294 2897 2365 2957 ἔοι
2386 2898 2458 2972 G,
2476 2896 2634 2974 quod
2654 2896 2878 2955 restitui
2896 2921 2913 2970 ;
2931 2897 2990 2975 ἔῃ
3008 2896 3099 2958 ed.
3114 2916 3149 2955 e
3164 2896 3315 2970 conj.
3334 2896 3633 2956 Holstenii.

2178 2988 2275 3046 80.
2307 2987 2493 3068 βρέφος
2516 2988 2585 3051 εἷς
2608 2985 2793 3044 τόσσον
2816 2985 2890 3054 G,
2918 2985 3075 3063 quod
3098 2985 3357 3058 restitui,
3374 2987 3491 3044 nisi
3512 2985 3659 3062 quod

2097 3077 2173 3149 ἐς,
2192 3090 2256 3134 ιιι
2278 3090 2334 3134 et
2369 3075 2581 3134 habent
2607 3073 2728 3147 HJ,
2748 3075 3009 3146 correxi3
3040 3071 3228 3131 τόσσον
3256 3071 3445 3154 βρέφος
3474 3097 3549 3141 εις
3572 3075 3657 3132 ed.
3727 3069 3728 3117 ἶ

2096 3186 2129 3224 e
2157 3165 2307 3243 conj.
2338 3166 2389 3222 D
2422 3167 2560 3237 672.

2178 3276 2269 3332 9⁰·
2301 3255 2398 3312 ὁδ’
2429 3252 2505 3329 G,
2531 3252 2605 3311 ὅδ’
2630 3252 2793 3311 ned.
2805 3251 2927 3327 ,’8γ
2958 3271 3110 3309 nos:
3141 3251 3213 3309 cf.
3248 3213 3381 3323 173.

2178 3344 2276 3418 98.
2304 3340 2361 3400 τέ
2407 3367 2495 3419 μιν
2523 3341 2737 3401 edd.H
2746 3342 2835 3416 ,τ
2866 3337 2993 3416 ἔμεν
3016 3359 3123 3397 nos
3149 3359 3184 3396 e
3206 3338 3365 3417 conj.
3396 3339 3472 3399 A.
3502 3340 3661 3397 Alius

2098 3429 2195 3489 hic
2224 3450 2455 3508 quoque
2499 3449 2731 3503 versum
2774 3426 3139 3485 intercidisse
3186 3427 3523 3505 suspicetur
3560 3427 3661 3486 hoe
3723 3501 3724 3504 Ἴ

2101 3519 2219 3578 fere
2244 3520 2416 3578 modo
2439 3516 2829 3596 supplendum
2852 3535 2867 3574 :
3723 3509 3724 3520 ¹

2222 3668 2434 3732 ῥίπτουσ’
2462 3667 2507 3724 ἐς
2528 3668 2650 3731 βαθὺ
2668 3672 2798 3729 κῦμα
2830 3663 3341 3729 [πολυφλοίσδοιο
3366 3663 3663 3718 θαλάσσης

2224 3743 2254 3799 ἢ
2280 3740 2432 3789 κατὰ
2454 3743 2721 3802 κρημνοῦ
2744 3737 2763 3800 ]
2786 3737 2944 3799 κύρμα
2964 3735 3167 3798 βορήντ’
3189 3735 3297 3796 ἔμεν
3316 3733 3577 3782 eluentem

2182 3896 2278 3950 99.
2300 3871 2537 3950 γένονται
2559 3870 2635 3941 G,
2658 3869 2887 3947 γίνονται
2910 3868 2981 3941 ll,
3010 3865 3275 3925 τοκὲεσσιν
3294 3863 3515 3924 ἔσονται
3538 3865 3656 3925 εὼς
3719 3901 3720 3906 =

2101 3961 2199 4020 sed
2223 3959 2446 4038 γένοντο,
2476 3959 2635 4038 quod
2660 3971 2775 4015 tam
2801 3913 3087 4014 familiare
3121 3966 3323 4013 nostro
3351 3967 3471 4024 est,
3508 3955 3660 4012 resti·

2100 4051 2374 4108 tuendum
2403 4050 2579 4108 fuisse
2604 4059 2780 4125 patet.
3717 4115 3718 4126 γ

2185 4143 2317 4197 106.
2342 4135 2625 4218 φαινόντων
2642 4134 2773 4194 edd.
2784 4131 3113 4212 ,βαινόντων
3130 4150 3237 4190 nos
3260 4129 3482 4206 ecouj.
3508 4131 3581 4189 Α.
3596 4161 3659 4173 —-

2097 4223 2131 4296 ἢ
2163 4224 2247 4284 ὅτε
2276 4235 2439 4284 τοῖσιν
2472 4224 2613 4295 GH,
2646 4223 2745 4281 sed
2771 4219 2807 4292 ἢ
2836 4224 3055 4278 ὁτεοῖσιν
3086 4219 3173 4276 Μ·
3159 4216 3269 4293 ,ἦέ
3290 4239 3347 4275 τε
3370 4225 3547 4276 τοῖσιν
3582 4217 3657 4274 ed

2100 4335 2131 4370 e
2156 4313 2311 4391 conj.
2342 4313 2389 4371 R
2411 4312 2523 4387 ,ἠέ
2547 4315 2593 4370 θ’
2620 4314 2777 4370 ἑοῖσιν
2803 4330 2959 4368 nos:
2988 4309 3313 4368 cf.v.181.
3715 4323 3716 4330 “

2164 4425 2207 4472 ,1
2227 4404 2316 4458 13.
2346 4401 2455 4473 ἤεις
2483 4399 2688 4476 6,ἤεις
2712 4397 2841 4474 H,’'
2808 4407 2918 4470 ηϊες
2940 4397 3033 4456 ed.
3062 4396 3271 4472 eoonj.
3296 4394 3347 4452 D
3366 4397 3499 4468 678
3524 4395 3659 4472 (non

2099 4491 2285 4568 684),
2311 4489 2443 4562 ἤεισ’
2468 4509 2607 4564 nos,
2636 4488 2798 4566 quod
2816 4487 2987 4544 etiam
3012 4485 3117 4542 AR
3143 4486 3207 4542 in
3232 4483 3405 4561 praef,
3442 4504 3509 4561 p.
3534 4501 3659 4539 xm

2098 4592 2156 4635 et
2178 4599 2290 4636 va
2317 4575 2740 4637 commendant.

2186 4688 2312 4724 120.
2365 4663 2645 4731 ἐξανῦωσιν
2690 4662 2798 4721 GH
2817 4706 2835 4738 ,

2098 4755 2477 4828 restituimus,
2496 4752 2720 4811 lacunae
2739 4751 2925 4826 signis
2944 4761 3075 4827 post
3097 4767 3320 4805 versum
3342 4747 3585 4823 positis.
3608 4741 3659 4798 ln
3711 4775 3712 4786 κ

2098 4863 2164 4900 ea
2187 4844 2395 4900 lacuna
2420 4860 2611 4899 sermo
2631 4851 2756 4897 erat
2782 4839 2853 4896 de
2878 4840 3008 4894 Sole
3036 4849 3093 4894 et
3114 4840 3293 4902 Luna,
3323 4837 3441 4910 qui
3468 4855 3529 4894 v.
3572 4849 3657 4896 ιειτ
3708 4863 3710 4876 =

2098 4931 2450 4989 indicantur.
2476 4930 2557 4987 Cf.
2583 4928 2679 5003 lv,
2708 4935 2821 4997 414
2846 4946 2971 5002 sqq.

2184 5040 2314 5076 122.
2356 5018 2539 5076 Etiam
2584 5029 2710 5094 post
2754 5015 2910 5073 hunc
2944 5032 3179 5072 versum
3216 5011 3439 5069 lacuna
3476 5023 3589 5079 est,
3612 5019 3660 5062 ut

2096 5108 2263 5166 hians
2283 5107 2563 5164 sententia
2582 5118 2641 5163 et
2664 5104 2941 5160 omissum
2968 5100 3153 5160 Lunae
3170 5119 3391 5158 nomen
3418 5100 3563 5158 satis
3580 5099 3660 5153 in-

2097 5197 2330 5255 dicant:
2364 5196 2435 5254 cf.
2466 5194 2574 5268 Vl,
2604 5202 2710 5270 4ο,
2742 5193 2848 5266 78,
2884 5189 3023 5267 495.

2892 4658 3163 4737 ἕξανῦῃσιν
3208 4659 3324 4730 ed.;
3370 4677 3493 4716 nos
3536 4653 3659 4714 illud
3710 4673 3712 4678 ·
