3767 5825
291 386 526 432 LXXVIII

287 504 540 564 dubitari
577 512 786 580 potest.
835 506 1150 581 Egregium
1195 521 1335 564 Vero
1381 511 1493 563 195
1529 500 1858 581 ἐπισπέρχοι.

289 594 508 653 Utrum
552 603 666 653 260
710 592 962 671 στυγερὴν
991 610 1067 652 an
1106 590 1371 671 σμυγερήν
1410 600 1594 669 poetae
1622 596 1726 663 sit,
1759 595 1860 649 vix

287 684 596 742 decernere
613 684 864 742 audeam
896 701 912 740 :
941 686 1166 761 στυγερῇ
1198 680 1481 759 ἐναλίγκιοι
1505 678 1634 758 Ἄτῃ
1664 684 1728 740 in
1743 684 1863 757 epi-

290 779 616 847 grammate
645 772 957 831 Homerico
981 771 1059 831 ad
1088 777 1299 830 nautas
1328 771 1570 847 legitur3
1597 769 1701 829 sed
1719 770 1864 829 alte-

291 878 422 919 rum
445 867 532 919 est
553 860 908 919 vocabulum
926 860 1402 935 Apollonianum.
1431 860 1678 918 Restant
1699 872 1863 918 non-

291 950 438 1008 nulli
459 950 589 1019 loci,
601 952 664 1007 in
681 948 898 1024 quibus
915 966 1099 1008 novas
1120 948 1334 1007 afferre
1353 948 1544 1024 placet
1561 950 1861 1023 conjectu-

291 1054 402 1097 ras.
445 1038 532 1096 Ac
559 1040 815 1113 primum
841 1036 1081 1113 quidem
1125 1044 1238 1095 532
1267 1052 1498 1095 mecum
1539 1037 1864 1094 consenties

291 1142 322 1183 e
361 1124 576 1183 codicis
612 1126 902 1200 scriptura
941 1119 1403 1203 συμφορέωνται
1437 1122 1863 1181 restituendum

292 1230 436 1273 esse.
463 1214 616 1273 Tum
647 1223 720 1273 69
749 1230 838 1289 sq.
870 1229 944 1271 ex
963 1216 1055 1285 iis,
1089 1204 1325 1289 quie'l'u
1355 1212 1636 1283 attulisti,
1664 1228 1866 1277 ermn-

291 1303 418 1362 dari
442 1306 550 1361 rite
573 1305 756 1378 possit
787 1320 802 1359 :

415 1416 447 1477 ἦ
474 1416 534 1465 τέ
570 1433 601 1464 κ
614 1432 677 1487 gv
710 1416 861 1478 ἠμασι
891 1416 1050 1464 τοῖσδε
1077 1416 1237 1478 πορὼν
1259 1414 1542 1477 περικαλλέα
1559 1414 1670 1463 ἕδνα

414 1487 651 1550 κουριδίην
669 1486 869 1536 οῐκοισιν
895 1488 986 1543 ἑοῖς
1003 1486 1176 1543 eleb-51
1190 1503 1289 1535 σαι
1313 1486 1549 1546 ἄνασσαν,

293 1597 418 1667 ubi,
440 1614 516 1655 ne
538 1586 721 1673 quis-72
747 1593 808 1653 νύ
832 1597 881 1652 κ’
913 1597 966 1652 ἐν
989 1585 1136 1665 νείἧ
1166 1592 1223 1651 τέ
1251 1597 1302 1652 κ’
1328 1596 1380 1651 ἐν
1402 1600 1708 1672 proponat,
1741 1592 1806 1651 id
1833 1582 1868 1662 ἧ

293 1687 344 1742 τ’
371 1684 434 1743 ἂν
467 1686 520 1742 ἐν
539 1688 868 1762 scripsisset
894 1704 908 1743 ε
949 1684 1054 1744 sed
1075 1684 1380 1759 vulgatam
1403 1684 1663 1759 praefero.
1687 1682 1868 1741 Porro

297 1784 405 1836 521
439 1775 684 1834 fortasse
723 1772 816 1831 καὶ
862 1773 907 1830 δ’
951 1772 1014 1831 ἄν
1045 1795 1158 1829 κεν
1208 1774 1316 1829 ἐπ’
1370 1771 1585 1828 αἰπόλια
1614 1772 1865 1847 scripsit,

294 1880 655 1941 quamquam
673 1862 765 1921 καὶ
795 1863 840 1920 δ’
863 1860 928 1920 ἄν
950 1884 1008 1921 κε
1035 1860 1127 1919 καί
1155 1864 1331 1921 etiam
1359 1871 1469 1921 303
1489 1861 1721 1937 legitur.
1745 1860 1871 1919 Po-

297 1958 517 2013 stremo
558 1962 673 2014 576
715 1950 976 2028 αῖδήμονα
1013 1948 1150 2020 θωήν
1171 1950 1318 2011 mihi
1335 1953 1462 2027 jam
1485 1950 1626 2009 olim
1657 1966 1872 2025 suspe-

298 2049 458 2102 ctum
507 2042 619 2102 fuit
635 2086 652 2113 ‚
706 2042 854 2102 adeo
901 2049 967 2102 ut
1019 2038 1299 2121 ἀχθήμονα
1353 2039 1872 2100 commendaturus

295 2148 504 2191 essem.
554 2133 725 2192 Nune
763 2135 1008 2191 inventa
1047 2131 1266 2191 codicis
1305 2132 1597 2206 scriptura
1637 2136 1870 2206 poetam

298 2221 528 2281 dedisse
554 2221 801 2281 arbitror
829 2240 843 2279 ε

424 2353 530 2403 οὐδέ
546 2352 587 2401 τ’
611 2353 800 2417 ἀνιηρὴν
819 2351 1047 2414 ἐπάγουσ’
1070 2353 1138 2401 ἀλ
1152 2368 1205 2401 ιτ
1219 2351 1250 2411 ἡ
1261 2368 1297 2416 μ.
1309 2368 1336 2401 ο
1347 2368 1400 2401 νι
1427 2350 1572 2409 Θωῆν.

1950 519 2301 581 magnopere
2330 506 2597 581 ambigo,
2642 521 2751 564 nec
2772 510 3067 581 receptam
3090 508 3213 581 jam
3238 504 3427 579 probo
3450 506 3529 561 in.

1950 597 2454 669 terpretationem.
2482 594 2687 653 Restat
2709 602 2779 653 ut
2808 596 3031 653 meritis
3050 594 3321 652 laudibus
3342 593 3531 651 extol·

1952 683 2070 742 lam
2093 687 2473 759 sagacitatem
2486 684 2701 755 Tuam,
2719 701 2837 760 qua
2852 690 2913 743 et
2930 683 3326 759 paraphrastis
3352 682 3541 741 verba

1954 773 2033 832 ad
2059 791 2122 831 v.
2159 781 2185 832 1
2230 790 2357 849 sqq.
2398 775 2752 849 pertinentia
2798 775 3027 849 egregie
3070 772 3401 831 emendasti
3416 816 3435 842 ,
3484 778 3544 829 et

1954 879 2014 921 v.
2045 871 2159 922 606
2184 868 2244 922 et
2274 871 2303 922 7
2331 878 2368 920 a
2394 878 2490 921 me
2522 862 2777 921 seclusos
2796 862 2874 921 ad
2885 862 3155 939 pm'mum
3184 867 3361 936 caput
3400 858 3547 917 refe·

1956 952 2169 1010 rendos
2194 967 2321 1011 esse
2338 958 2508 1010 acute
2535 952 2905 1027 perspexisti.
2936 950 3045 1009 His
3062 949 3224 1027 quod
3244 964 3549 1025 opponam

1956 1048 2061 1100 aut
2084 1040 2301 1100 addam
2318 1084 2335 1111 ,
2356 1040 2501 1099 nihil
2526 1039 2733 1099 habeo.

2037 1130 2155 1188 Sed
2167 1133 2293 1205 jam
2317 1133 2442 1205 ipse
2463 1146 2560 1188 me
2582 1144 2790 1189 revoco
2822 1146 2859 1188 a
2876 1130 3041 1187 tenui
3060 1127 3175 1187 hoc
3200 1126 3513 1203 spicilegio
3530 1170 3551 1197 ,

1956 1222 2052 1278 cui
2075 1235 2197 1278 non
2214 1219 2615 1289 indulsissem‚
2649 1220 2765 1277 nisi
2788 1234 2923 1277 eum
2956 1217 3259 1293 voluptate
3278 1216 3553 1293 quadam

1909 1318 1911 1321 ’
1958 1309 2133 1368 simul
2158 1308 2533 1368 recoluissem
2553 1308 2714 1368 illius
2734 1310 3015 1383 temporis
3028 1310 3403 1377 memoriam,
3430 1322 3555 1381 quo

1958 1396 2251 1457 Bruxellis
2284 1400 2551 1457 animum
2595 1397 3004 1456 ardentissimo
3042 1412 3287 1456 moerore
3328 1394 3557 1455 confe-

1959 1493 2117 1547 ctum
2141 1502 2403 1547 recreare
2430 1487 2577 1546 mihi
2597 1486 2763 1546 licuit
2779 1487 2892 1546 hoc
2914 1486 3113 1545 labore
3138 1502 3240 1562 per
3260 1486 3345 1545 Te
3374 1503 3557 1562 para-

1958 1579 2180 1635 tissime
2206 1576 2423 1635 oblato.
2462 1577 2655 1649 Quare
2683 1583 2969 1652 quantum
3010 1578 3075 1635 in
3104 1592 3201 1634 me
3224 1576 3557 1635 contuleris

1960 1662 2313 1723 beneficium
2340 1668 2443 1724 vix
2479 1668 2794 1741 quisquam
2811 1709 2830 1735 ,
2869 1663 3113 1741 nisi·qui
3157 1665 3333 1724 simili
3362 1671 3557 1741 atque

1961 1768 2070 1829 ego
2110 1754 2352 1813 fortuna
2383 1757 2641 1831 jactatus
2682 1754 2860 1813 fuerit
2878 1798 2894 1826 ,
2952 1754 3219 1813 divinare
3264 1758 3491 1830 poterit
3532 1772 3551 1811 ε

1961 1842 2105 1902 mihi
2128 1860 2292 1917 vero,
2315 1861 2493 1920 quam
2522 1851 2726 1921 gratus
2741 1842 2877 1903 Tibi
2901 1846 3036 1914 sim,
3064 1852 3263 1919 aperte
3283 1842 3557 1919 profiteri

1962 1936 2229 1993 omnium
2256 1941 2348 1994 est
2383 1937 2803 2010 gratissimum.
2844 1934 3055 2009 Itaque
3085 1950 3217 2009 quaa
3249 1936 3411 1993 inter
3444 1950 3557 1993 nos

1962 2024 2129 2097 quasi
2142 2022 2447 2083 stellarum
2462 2024 2959 2100 opportunissimo
2978 2022 3241 2099 quodam
3254 2038 3557 2081 concursu

1963 2118 2169 2171 exorta
2208 2119 2297 2171 est
2329 2119 2536 2172 mutua
2578 2110 2985 2171 benevolentia
3002 2154 3020 2182 ,
3052 2128 3185 2169 eam
3216 2117 3275 2169 et
3307 2126 3345 2169 a
3376 2110 3560 2170 nobis

1962 2200 2301 2260 absentibus
2320 2208 2612 2260 retentum
2633 2202 2706 2260 iri
2730 2202 2874 2271 seio,
2904 2206 2965 2259 et
2988 2202 3233 2277 repetito
3248 2216 3389 2259 mox
3414 2216 3563 2258 con-

1919 2281 1927 2291 ’
1963 2306 2165 2365 gressu
2200 2306 2359 2348 nova
2390 2293 2757 2349 incrementa
2792 2296 3097 2365 capturam
3130 2305 3257 2348 esse
3286 2288 3557 2347 confido.

1965 2378 2063 2437 Me
2091 2378 2327 2455 quidem
2343 2422 2359 2449 ,
2392 2396 2509 2455 quo
2542 2395 2639 2438 me
2664 2395 2916 2455 cumque
2941 2377 3067 2438 fata
3094 2377 3325 2438 trahent
3360 2384 3559 2437 retra-

301 2468 467 2528 Unus
487 2471 648 2529 loeus
666 2477 776 2541 est,
801 2478 940 2541 579,
957 2486 1134 2546 quem
1151 2470 1231 2529 ad
1246 2469 1536 2545 liquidum
1556 2468 1874 2545 perducere
1966 2467 2221 2543 hentque
2236 2510 2253 2538 ,
2294 2484 2525 2544 semper
2550 2468 2660 2527 tibi
2704 2470 3123 2528 amicissimum
3146 2467 3273 2527 fore
3291 2473 3349 2526 et
3374 2467 3567 2525 dedi-

303 2574 420 2615 non
441 2563 606 2634 potui
639 2578 652 2617 :
689 2559 772 2618 ibi
795 2562 961 2619 initio
989 2556 1196 2635 τέτμοις
1230 2556 1326 2634 μέν
1353 2558 1727 2618 scribendum
1749 2574 1874 2617 csse
1961 2560 2251 2616 tissimum
2284 2558 2452 2616 scito.
2490 2556 2667 2617 Vale!
2719 2558 2932 2634 Scripsi
2976 2558 3211 2629 ¹hirini,
3241 2557 3301 2616 d.
3342 2556 3451 2615 111
3478 2573 3567 2615 m.

305 2663 462 2707 nunc
499 2666 572 2709 ex
618 2650 960 2725 paraphrasi
999 2656 1198 2726 patet,
1233 2648 1338 2708 sed
1384 2649 1460 2708 de
1499 2648 1874 2725 sequentibus
1966 2646 2145 2706 Mart.
2175 2646 2538 2707 MDCCCLI.
