<?xml version="1.0" encoding="UTF-8"?>
<!DOCTYPE html PUBLIC "-//W3C//DTD XHTML 1.0 Transitional//EN"
    "http://www.w3.org/TR/xhtml1/DTD/xhtml1-transitional.dtd">
<html xmlns="http://www.w3.org/1999/xhtml" xml:lang="en" lang="en">
 <head>
  <title>
</title>
<meta http-equiv="Content-Type" content="text/html;charset=utf-8" />
  <meta name='ocr-system' content='tesseract 3.04.00' />
  <meta name='ocr-capabilities' content='ocr_page ocr_carea ocr_par ocr_line ocrx_word'/>
</head>
<body>
  <div class='ocr_page' id='page_1' title='image "./poetbucolicietd00ameigoog_0155.png"; bbox 0 0 3767 5825; ppageno 0'>
   <div class='ocr_carea' id='block_1_1' title="bbox 1043 380 3290 459">
    <p class='ocr_par' dir='ltr' id='par_1_1' title="bbox 1043 380 3290 459">
     <span class='ocr_line' id='line_1_1' title="bbox 1043 380 3290 459; baseline -0 -14"><span class='ocrx_word' id='word_1_1' title='bbox 1043 382 1357 444; x_wconf 84' lang='lat' dir='ltr'>OPPIANI</span> <span class='ocrx_word' id='word_1_2' title='bbox 1398 381 1499 441; x_wconf 85' lang='lat' dir='ltr'>DE</span> <span class='ocrx_word' id='word_1_3' title='bbox 1540 380 1989 441; x_wconf 84' lang='lat' dir='ltr'><strong>VENATIONE</strong></span> <span class='ocrx_word' id='word_1_4' title='bbox 2029 383 2178 442; x_wconf 90' lang='lat' dir='ltr'><strong>LIB.</strong></span> <span class='ocrx_word' id='word_1_5' title='bbox 2225 385 2277 444; x_wconf 91' lang='lat' dir='ltr'>I.</span> <span class='ocrx_word' id='word_1_6' title='bbox 3243 399 3290 459; x_wconf 66' lang='lat'>0</span> 
     </span>
    </p>
   </div>
   <div class='ocr_carea' id='block_1_2' title="bbox 50 509 1667 5311">
    <p class='ocr_par' dir='ltr' id='par_1_2' title="bbox 155 509 1619 688">
     <span class='ocr_line' id='line_1_2' title="bbox 222 509 1619 600; baseline -0.006 -19"><span class='ocrx_word' id='word_1_7' title='bbox 222 521 291 582; x_wconf 77' lang='grc' dir='ltr'>καὶ</span> <span class='ocrx_word' id='word_1_8' title='bbox 312 518 463 586; x_wconf 78' lang='grc' dir='ltr'><strong>σθένος</strong></span> <span class='ocrx_word' id='word_1_9' title='bbox 488 518 776 600; x_wconf 70' lang='grc' dir='ltr'>ἄφραστον,</span> <span class='ocrx_word' id='word_1_10' title='bbox 800 512 1046 594; x_wconf 81' lang='grc' dir='ltr'>καθαρὸν,</span> <span class='ocrx_word' id='word_1_11' title='bbox 1070 511 1161 572; x_wconf 79' lang='grc' dir='ltr'>καὶ</span> <span class='ocrx_word' id='word_1_12' title='bbox 1196 510 1357 589; x_wconf 80' lang='grc' dir='ltr'>θυμὸς</span> <span class='ocrx_word' id='word_1_13' title='bbox 1385 509 1619 582; x_wconf 76' lang='grc' dir='ltr'>ἀναιδής.</span> 
     </span>
     <span class='ocr_line' id='line_1_3' title="bbox 155 599 1298 688; baseline -0.011 -17"><span class='ocrx_word' id='word_1_14' title='bbox 155 633 210 671; x_wconf 74' lang='lat'>⁴25</span> <span class='ocrx_word' id='word_1_15' title='bbox 229 609 301 676; x_wconf 84' lang='grc' dir='ltr'>Ἐς</span> <span class='ocrx_word' id='word_1_16' title='bbox 326 606 403 688; x_wconf 76' lang='grc' dir='ltr'>μὲν</span> <span class='ocrx_word' id='word_1_17' title='bbox 422 631 510 666; x_wconf 90' lang='grc' dir='ltr'>νυν</span> <span class='ocrx_word' id='word_1_18' title='bbox 534 605 701 688; x_wconf 84' lang='grc' dir='ltr'>θήρην</span> <span class='ocrx_word' id='word_1_19' title='bbox 724 601 932 672; x_wconf 84' lang='grc' dir='ltr'>ὁπλίζεο</span> <span class='ocrx_word' id='word_1_20' title='bbox 952 609 1067 661; x_wconf 88' lang='grc' dir='ltr'>τοῖα</span> <span class='ocrx_word' id='word_1_21' title='bbox 1082 599 1298 679; x_wconf 82' lang='grc' dir='ltr'>γένεθλα</span> 
     </span>
    </p>

    <p class='ocr_par' dir='ltr' id='par_1_3' title="bbox 222 686 1595 778">
     <span class='ocr_line' id='line_1_4' title="bbox 222 686 1595 778; baseline -0.006 -20"><span class='ocrx_word' id='word_1_22' title='bbox 222 701 449 778; x_wconf 77' lang='grc' dir='ltr'>αἰχμητῶν</span> <span class='ocrx_word' id='word_1_23' title='bbox 472 693 777 771; x_wconf 78' lang='grc' dir='ltr'><strong>σκυλάκων,</strong></span> <span class='ocrx_word' id='word_1_24' title='bbox 805 690 885 750; x_wconf 74' lang='grc' dir='ltr'>τοὶ</span> <span class='ocrx_word' id='word_1_25' title='bbox 908 688 1153 750; x_wconf 82' lang='grc' dir='ltr'>κνώδαλα</span> <span class='ocrx_word' id='word_1_26' title='bbox 1174 686 1348 750; x_wconf 85' lang='grc' dir='ltr'>πάντα</span> <span class='ocrx_word' id='word_1_27' title='bbox 1378 690 1595 750; x_wconf 84' lang='grc' dir='ltr'>δίονται.</span> 
     </span>
    </p>

    <p class='ocr_par' dir='ltr' id='par_1_4' title="bbox 220 777 1494 870">
     <span class='ocr_line' id='line_1_5' title="bbox 220 777 1494 870; baseline -0.009 -20"><span class='ocrx_word' id='word_1_28' title='bbox 220 786 376 870; x_wconf 74' lang='grc' dir='ltr'>Χροὶαὶ</span> <span class='ocrx_word' id='word_1_29' title='bbox 394 787 434 846; x_wconf 86' lang='grc' dir='ltr'>δ’</span> <span class='ocrx_word' id='word_1_30' title='bbox 460 781 703 866; x_wconf 81' lang='grc' dir='ltr'>ἀργενναί</span> <span class='ocrx_word' id='word_1_31' title='bbox 732 805 793 840; x_wconf 90' lang='grc' dir='ltr'>τε</span> <span class='ocrx_word' id='word_1_32' title='bbox 818 779 982 840; x_wconf 84' lang='grc' dir='ltr'>κακαὶ</span> <span class='ocrx_word' id='word_1_33' title='bbox 1012 779 1157 857; x_wconf 87' lang='grc' dir='ltr'>μάλα</span> <span class='ocrx_word' id='word_1_34' title='bbox 1176 777 1394 840; x_wconf 83' lang='grc' dir='ltr'>κυάνεαί</span> <span class='ocrx_word' id='word_1_35' title='bbox 1419 802 1494 838; x_wconf 86' lang='grc' dir='ltr'>τε·</span> 
     </span>
    </p>

    <p class='ocr_par' dir='ltr' id='par_1_5' title="bbox 224 857 1423 954">
     <span class='ocr_line' id='line_1_6' title="bbox 224 857 1423 954; baseline -0.01 -18"><span class='ocrx_word' id='word_1_36' title='bbox 224 875 315 936; x_wconf 81' lang='grc' dir='ltr'>οὔτε</span> <span class='ocrx_word' id='word_1_37' title='bbox 332 873 418 954; x_wconf 78' lang='grc' dir='ltr'>γὰρ</span> <span class='ocrx_word' id='word_1_38' title='bbox 440 872 636 945; x_wconf 82' lang='grc' dir='ltr'>ἠελίοιο</span> <span class='ocrx_word' id='word_1_39' title='bbox 658 870 832 954; x_wconf 75' lang='grc' dir='ltr'>φέρειν</span> <span class='ocrx_word' id='word_1_40' title='bbox 862 864 1013 947; x_wconf 77' lang='grc' dir='ltr'>μένος</span> <span class='ocrx_word' id='word_1_41' title='bbox 1036 857 1151 928; x_wconf 73' lang='grc' dir='ltr'>ὦκα</span> <span class='ocrx_word' id='word_1_42' title='bbox 1174 864 1423 925; x_wconf 88' lang='grc' dir='ltr'>δύνανται</span> 
     </span>
    </p>

    <p class='ocr_par' dir='ltr' id='par_1_6' title="bbox 124 952 1631 2284">
     <span class='ocr_line' id='line_1_7' title="bbox 218 952 1425 1045; baseline -0.007 -20"><span class='ocrx_word' id='word_1_43' title='bbox 218 965 315 1025; x_wconf 80' lang='grc' dir='ltr'>οὔτε</span> <span class='ocrx_word' id='word_1_44' title='bbox 334 960 653 1045; x_wconf 80' lang='grc' dir='ltr'>νιφοὸλήτοιο</span> <span class='ocrx_word' id='word_1_45' title='bbox 681 957 837 1040; x_wconf 79' lang='grc' dir='ltr'>μένος</span> <span class='ocrx_word' id='word_1_46' title='bbox 859 955 1243 1037; x_wconf 81' lang='grc' dir='ltr'>πολυχειμέρου</span> <span class='ocrx_word' id='word_1_47' title='bbox 1270 952 1425 1037; x_wconf 76' lang='grc' dir='ltr'>ὥρης.</span> 
     </span>
     <span class='ocr_line' id='line_1_8' title="bbox 148 1043 1448 1129; baseline -0.01 -15"><span class='ocrx_word' id='word_1_48' title='bbox 148 1075 207 1116; x_wconf 72' lang='lat'>4³0</span> <span class='ocrx_word' id='word_1_49' title='bbox 220 1057 368 1113; x_wconf 77' lang='grc' dir='ltr'>Κεῖνοι</span> <span class='ocrx_word' id='word_1_50' title='bbox 390 1052 427 1110; x_wconf 88' lang='grc' dir='ltr'>δ’</span> <span class='ocrx_word' id='word_1_51' title='bbox 455 1053 509 1110; x_wconf 81' lang='grc' dir='ltr'>ἐν</span> <span class='ocrx_word' id='word_1_52' title='bbox 539 1048 827 1109; x_wconf 77' lang='grc' dir='ltr'>πάντεσσιν</span> <span class='ocrx_word' id='word_1_53' title='bbox 846 1045 1179 1129; x_wconf 72' lang='grc' dir='ltr'>ἀριστεύουσι</span> <span class='ocrx_word' id='word_1_54' title='bbox 1200 1043 1413 1104; x_wconf 81' lang='grc' dir='ltr'>κύνεσσι</span> <span class='ocrx_word' id='word_1_55' title='bbox 1432 1090 1448 1117; x_wconf 88' lang='grc'>,</span> 
     </span>
     <span class='ocr_line' id='line_1_9' title="bbox 214 1133 1441 1220; baseline -0.008 -19"><span class='ocrx_word' id='word_1_56' title='bbox 214 1149 301 1208; x_wconf 84' lang='grc' dir='ltr'>τοῖς</span> <span class='ocrx_word' id='word_1_57' title='bbox 318 1139 473 1199; x_wconf 81' lang='grc' dir='ltr'>ἴκελαι</span> <span class='ocrx_word' id='word_1_58' title='bbox 494 1135 693 1220; x_wconf 77' lang='grc' dir='ltr'>μορφαὶ</span> <span class='ocrx_word' id='word_1_59' title='bbox 716 1133 865 1214; x_wconf 84' lang='grc' dir='ltr'>μάλα</span> <span class='ocrx_word' id='word_1_60' title='bbox 888 1133 1096 1214; x_wconf 85' lang='grc' dir='ltr'>θήρεσιν</span> <span class='ocrx_word' id='word_1_61' title='bbox 1124 1135 1405 1212; x_wconf 55' lang='grc' dir='ltr'>ὠμησϋῇσι</span> <span class='ocrx_word' id='word_1_62' title='bbox 1424 1177 1441 1209; x_wconf 90' lang='grc'>,</span> 
     </span>
     <span class='ocr_line' id='line_1_10' title="bbox 219 1220 1429 1310; baseline -0.009 -22"><span class='ocrx_word' id='word_1_63' title='bbox 219 1227 517 1310; x_wconf 74' lang='grc' dir='ltr'>μηλοφόνοισι</span> <span class='ocrx_word' id='word_1_64' title='bbox 539 1224 718 1292; x_wconf 80' lang='grc' dir='ltr'>λύκοις</span> <span class='ocrx_word' id='word_1_65' title='bbox 734 1223 769 1295; x_wconf 84' lang='grc' dir='ltr'>ἢ</span> <span class='ocrx_word' id='word_1_66' title='bbox 793 1221 1023 1304; x_wconf 89' lang='grc' dir='ltr'>τίγρεσιν</span> <span class='ocrx_word' id='word_1_67' title='bbox 1044 1220 1389 1299; x_wconf 78' lang='grc' dir='ltr'>ἠνεμοέσσαις</span> <span class='ocrx_word' id='word_1_68' title='bbox 1411 1265 1429 1298; x_wconf 87' lang='grc'>,</span> 
     </span>
     <span class='ocr_line' id='line_1_11' title="bbox 210 1308 1393 1390; baseline -0.009 -12"><span class='ocrx_word' id='word_1_69' title='bbox 210 1317 335 1390; x_wconf 81' lang='grc' dir='ltr'>ἦκαὶ</span> <span class='ocrx_word' id='word_1_70' title='bbox 360 1314 695 1388; x_wconf 60' lang='lat' dir='ltr'>immineam</span> <span class='ocrx_word' id='word_1_71' title='bbox 717 1311 891 1372; x_wconf 83' lang='grc' dir='ltr'>θοαῖσί</span> <span class='ocrx_word' id='word_1_72' title='bbox 916 1335 975 1370; x_wconf 86' lang='grc' dir='ltr'>τε</span> <span class='ocrx_word' id='word_1_73' title='bbox 997 1308 1393 1390; x_wconf 84' lang='grc' dir='ltr'>πορδαλίεσσιν,</span> 
     </span>
     <span class='ocr_line' id='line_1_12' title="bbox 217 1391 1385 1484; baseline -0.009 -17"><span class='ocrx_word' id='word_1_74' title='bbox 217 1406 247 1478; x_wconf 76' lang='grc' dir='ltr'>ἢ</span> <span class='ocrx_word' id='word_1_75' title='bbox 272 1406 430 1466; x_wconf 79' lang='grc' dir='ltr'>ὀπόσοι</span> <span class='ocrx_word' id='word_1_76' title='bbox 455 1403 689 1484; x_wconf 82' lang='grc' dir='ltr'>δήμητρι</span> <span class='ocrx_word' id='word_1_77' title='bbox 714 1399 1023 1460; x_wconf 85' lang='grc' dir='ltr'>πανείκελον</span> <span class='ocrx_word' id='word_1_78' title='bbox 1048 1391 1178 1466; x_wconf 67' lang='grc' dir='ltr'>εἶδος</span> <span class='ocrx_word' id='word_1_79' title='bbox 1205 1398 1385 1478; x_wconf 77' lang='grc' dir='ltr'>ἔχουσι</span> 
     </span>
     <span class='ocr_line' id='line_1_13' title="bbox 128 1484 1631 1578; baseline -0.01 -21"><span class='ocrx_word' id='word_1_80' title='bbox 128 1518 189 1557; x_wconf 73' lang='lat'>⁴³⁶</span> <span class='ocrx_word' id='word_1_81' title='bbox 210 1495 457 1578; x_wconf 78' lang='grc' dir='ltr'>σιτόχροοι·</span> <span class='ocrx_word' id='word_1_82' title='bbox 487 1491 637 1572; x_wconf 84' lang='grc' dir='ltr'>μάλα</span> <span class='ocrx_word' id='word_1_83' title='bbox 656 1488 761 1571; x_wconf 90' lang='grc' dir='ltr'>γάρ</span> <span class='ocrx_word' id='word_1_84' title='bbox 787 1513 847 1548; x_wconf 89' lang='grc' dir='ltr'>τε</span> <span class='ocrx_word' id='word_1_85' title='bbox 872 1487 983 1548; x_wconf 80' lang='grc' dir='ltr'>θοοὶ</span> <span class='ocrx_word' id='word_1_86' title='bbox 1013 1489 1255 1570; x_wconf 86' lang='grc' dir='ltr'>κρατεροί</span> <span class='ocrx_word' id='word_1_87' title='bbox 1281 1511 1341 1547; x_wconf 91' lang='grc' dir='ltr'>τε</span> <span class='ocrx_word' id='word_1_88' title='bbox 1365 1484 1631 1545; x_wconf 84' lang='grc' dir='ltr'>πέλονται.</span> 
     </span>
     <span class='ocr_line' id='line_1_14' title="bbox 212 1575 1529 1660; baseline -0.011 -14"><span class='ocrx_word' id='word_1_89' title='bbox 212 1587 270 1646; x_wconf 79' lang='grc' dir='ltr'>Εἴ</span> <span class='ocrx_word' id='word_1_90' title='bbox 286 1583 335 1644; x_wconf 76' lang='grc' dir='ltr'>δι’</span> <span class='ocrx_word' id='word_1_91' title='bbox 354 1583 409 1642; x_wconf 88' lang='grc' dir='ltr'>νύ</span> <span class='ocrx_word' id='word_1_92' title='bbox 435 1605 514 1644; x_wconf 88' lang='grc' dir='ltr'>τοι</span> <span class='ocrx_word' id='word_1_93' title='bbox 534 1577 726 1650; x_wconf 82' lang='grc' dir='ltr'>πινυτὴ</span> <span class='ocrx_word' id='word_1_94' title='bbox 756 1575 1175 1660; x_wconf 75' lang='grc' dir='ltr'>σκυλακοτροφίη</span> <span class='ocrx_word' id='word_1_95' title='bbox 1207 1575 1529 1654; x_wconf 80' lang='grc' dir='ltr'>μεμέληται,</span> 
     </span>
     <span class='ocr_line' id='line_1_15' title="bbox 208 1663 1455 1752; baseline -0.011 -17"><span class='ocrx_word' id='word_1_96' title='bbox 208 1673 381 1751; x_wconf 74' lang='grc' dir='ltr'>μήποτ’</span> <span class='ocrx_word' id='word_1_97' title='bbox 406 1672 728 1752; x_wconf 78' lang='grc' dir='ltr'>ἀμέλγεσθαι</span> <span class='ocrx_word' id='word_1_98' title='bbox 752 1663 1022 1734; x_wconf 85' lang='grc' dir='ltr'>σκύλακας</span> <span class='ocrx_word' id='word_1_99' title='bbox 1043 1664 1279 1736; x_wconf 82' lang='grc' dir='ltr'>νεοθηλέϊ</span> <span class='ocrx_word' id='word_1_100' title='bbox 1306 1666 1455 1744; x_wconf 83' lang='grc' dir='ltr'>μαζῷ</span> 
     </span>
     <span class='ocr_line' id='line_1_16' title="bbox 211 1753 1435 1842; baseline -0.009 -22"><span class='ocrx_word' id='word_1_101' title='bbox 211 1765 349 1842; x_wconf 75' lang='grc' dir='ltr'>αἰγῶν</span> <span class='ocrx_word' id='word_1_102' title='bbox 375 1759 728 1842; x_wconf 77' lang='grc' dir='ltr'>ἢπροὸάτων,</span> <span class='ocrx_word' id='word_1_103' title='bbox 754 1757 879 1834; x_wconf 83' lang='grc' dir='ltr'>μηδ’</span> <span class='ocrx_word' id='word_1_104' title='bbox 909 1754 1157 1834; x_wconf 82' lang='grc' dir='ltr'>οἶκιδίῃσι</span> <span class='ocrx_word' id='word_1_105' title='bbox 1177 1753 1435 1813; x_wconf 85' lang='grc' dir='ltr'>κύνεσσιν·</span> 
     </span>
     <span class='ocr_line' id='line_1_17' title="bbox 211 1841 1475 1932; baseline -0.009 -21"><span class='ocrx_word' id='word_1_106' title='bbox 211 1843 241 1922; x_wconf 67' lang='grc' dir='ltr'>ἦ</span> <span class='ocrx_word' id='word_1_107' title='bbox 264 1851 354 1932; x_wconf 85' lang='grc' dir='ltr'>γάρ</span> <span class='ocrx_word' id='word_1_108' title='bbox 386 1874 462 1910; x_wconf 81' lang='grc' dir='ltr'>τοι</span> <span class='ocrx_word' id='word_1_109' title='bbox 480 1846 673 1930; x_wconf 86' lang='grc' dir='ltr'>νωθροί</span> <span class='ocrx_word' id='word_1_110' title='bbox 692 1869 751 1905; x_wconf 85' lang='grc' dir='ltr'>τε</span> <span class='ocrx_word' id='word_1_111' title='bbox 776 1843 869 1904; x_wconf 80' lang='grc' dir='ltr'>καὶ</span> <span class='ocrx_word' id='word_1_112' title='bbox 896 1842 1155 1904; x_wconf 82' lang='grc' dir='ltr'>οὖτιδανοὶ</span> <span class='ocrx_word' id='word_1_113' title='bbox 1187 1841 1475 1924; x_wconf 84' lang='grc' dir='ltr'>βαρύθοιεν·</span> 
     </span>
     <span class='ocr_line' id='line_1_18' title="bbox 124 1931 1416 2020; baseline -0.009 -21"><span class='ocrx_word' id='word_1_114' title='bbox 124 1961 187 1999; x_wconf 68' lang='grc' dir='ltr'>κο</span> <span class='ocrx_word' id='word_1_115' title='bbox 203 1939 303 1998; x_wconf 66' lang='grc' dir='ltr'>ἀλλ’</span> <span class='ocrx_word' id='word_1_116' title='bbox 330 1938 531 2020; x_wconf 74' lang='grc' dir='ltr'>ἐλάφων</span> <span class='ocrx_word' id='word_1_117' title='bbox 554 1937 591 2008; x_wconf 81' lang='grc' dir='ltr'>ἤ</span> <span class='ocrx_word' id='word_1_118' title='bbox 620 1959 723 1994; x_wconf 87' lang='grc' dir='ltr'>που</span> <span class='ocrx_word' id='word_1_119' title='bbox 753 1935 905 2016; x_wconf 78' lang='grc' dir='ltr'>μαζῷ</span> <span class='ocrx_word' id='word_1_120' title='bbox 931 1938 1163 1992; x_wconf 82' lang='grc' dir='ltr'>τιθασοῖο</span> <span class='ocrx_word' id='word_1_121' title='bbox 1180 1931 1416 2004; x_wconf 84' lang='grc' dir='ltr'>λεαίνης,</span> 
     </span>
     <span class='ocr_line' id='line_1_19' title="bbox 208 2019 1422 2110; baseline -0.01 -21"><span class='ocrx_word' id='word_1_122' title='bbox 208 2029 237 2100; x_wconf 84' lang='grc' dir='ltr'>ἤ</span> <span class='ocrx_word' id='word_1_123' title='bbox 264 2051 357 2088; x_wconf 81' lang='grc' dir='ltr'>που</span> <span class='ocrx_word' id='word_1_124' title='bbox 387 2025 711 2110; x_wconf 82' lang='grc' dir='ltr'>δορκαλίδων</span> <span class='ocrx_word' id='word_1_125' title='bbox 739 2022 775 2095; x_wconf 84' lang='grc' dir='ltr'>ἢ</span> <span class='ocrx_word' id='word_1_126' title='bbox 804 2020 1131 2102; x_wconf 83' lang='grc' dir='ltr'>νυκτιπόροιο</span> <span class='ocrx_word' id='word_1_127' title='bbox 1156 2019 1422 2092; x_wconf 77' lang='grc' dir='ltr'>λυκαίνης·</span> 
     </span>
     <span class='ocr_line' id='line_1_20' title="bbox 198 2107 1560 2198; baseline -0.007 -22"><span class='ocrx_word' id='word_1_128' title='bbox 198 2111 289 2176; x_wconf 72' lang='grc' dir='ltr'>ὧδε</span> <span class='ocrx_word' id='word_1_129' title='bbox 311 2117 409 2198; x_wconf 79' lang='grc' dir='ltr'>γὰρ</span> <span class='ocrx_word' id='word_1_130' title='bbox 426 2115 492 2176; x_wconf 77' lang='grc' dir='ltr'>ἂν</span> <span class='ocrx_word' id='word_1_131' title='bbox 516 2110 803 2196; x_wconf 82' lang='grc' dir='ltr'>κρατερούς</span> <span class='ocrx_word' id='word_1_132' title='bbox 823 2134 882 2172; x_wconf 85' lang='grc' dir='ltr'>τε</span> <span class='ocrx_word' id='word_1_133' title='bbox 905 2110 999 2170; x_wconf 81' lang='grc' dir='ltr'>καὶ</span> <span class='ocrx_word' id='word_1_134' title='bbox 1022 2108 1191 2177; x_wconf 78' lang='grc' dir='ltr'>ὠκέας</span> <span class='ocrx_word' id='word_1_135' title='bbox 1218 2108 1375 2188; x_wconf 78' lang='grc' dir='ltr'>ἔξοχα</span> <span class='ocrx_word' id='word_1_136' title='bbox 1404 2107 1560 2182; x_wconf 80' lang='grc' dir='ltr'>θείης,</span> 
     </span>
     <span class='ocr_line' id='line_1_21' title="bbox 203 2197 1426 2284; baseline -0.006 -20"><span class='ocrx_word' id='word_1_137' title='bbox 203 2205 471 2284; x_wconf 77' lang='grc' dir='ltr'>εἰδομὲνως</span> <span class='ocrx_word' id='word_1_138' title='bbox 486 2207 682 2276; x_wconf 70' lang='grc' dir='ltr'>αὗιῆσι</span> <span class='ocrx_word' id='word_1_139' title='bbox 708 2199 1151 2282; x_wconf 75' lang='grc' dir='ltr'>γαλακτοφόροισι</span> <span class='ocrx_word' id='word_1_140' title='bbox 1176 2197 1426 2268; x_wconf 82' lang='grc' dir='ltr'>τιθήναις.</span> 
     </span>
    </p>

    <p class='ocr_par' dir='ltr' id='par_1_7' title="bbox 266 2271 1562 2376">
     <span class='ocr_line' id='line_1_22' title="bbox 266 2271 1562 2376; baseline -0.011 -19"><span class='ocrx_word' id='word_1_141' title='bbox 266 2293 445 2376; x_wconf 76' lang='grc' dir='ltr'>Αὐτὰρ</span> <span class='ocrx_word' id='word_1_142' title='bbox 468 2271 813 2373; x_wconf 63' lang='grc' dir='ltr'>νηπιάχοισιν</span> <span class='ocrx_word' id='word_1_143' title='bbox 838 2289 925 2349; x_wconf 75' lang='grc' dir='ltr'>ἐπ’</span> <span class='ocrx_word' id='word_1_144' title='bbox 951 2287 1219 2365; x_wconf 77' lang='grc' dir='ltr'>οὐνόματα</span> <span class='ocrx_word' id='word_1_145' title='bbox 1240 2285 1562 2346; x_wconf 72' lang='grc' dir='ltr'>σκυλάκεσσι</span> 
     </span>
    </p>

    <p class='ocr_par' dir='ltr' id='par_1_8' title="bbox 124 2374 1511 2814">
     <span class='ocr_line' id='line_1_23' title="bbox 124 2374 1511 2462; baseline -0.005 -19"><span class='ocrx_word' id='word_1_146' title='bbox 124 2407 186 2444; x_wconf 65' lang='grc' dir='ltr'>ιιι</span> <span class='ocrx_word' id='word_1_147' title='bbox 201 2383 315 2462; x_wconf 73' lang='grc' dir='ltr'>βαιὰ</span> <span class='ocrx_word' id='word_1_148' title='bbox 339 2383 501 2462; x_wconf 85' lang='grc' dir='ltr'>τίθει,</span> <span class='ocrx_word' id='word_1_149' title='bbox 530 2381 629 2442; x_wconf 79' lang='grc' dir='ltr'>θοὰ</span> <span class='ocrx_word' id='word_1_150' title='bbox 651 2381 855 2451; x_wconf 87' lang='grc' dir='ltr'>πάντα,</span> <span class='ocrx_word' id='word_1_151' title='bbox 885 2377 1009 2449; x_wconf 80' lang='grc' dir='ltr'>θοὴν</span> <span class='ocrx_word' id='word_1_152' title='bbox 1030 2375 1119 2437; x_wconf 78' lang='grc' dir='ltr'>ἵνα</span> <span class='ocrx_word' id='word_1_153' title='bbox 1154 2375 1301 2456; x_wconf 81' lang='grc' dir='ltr'>βάξιν</span> <span class='ocrx_word' id='word_1_154' title='bbox 1328 2374 1511 2454; x_wconf 75' lang='grc' dir='ltr'>ἀκούῃ.</span> 
     </span>
     <span class='ocr_line' id='line_1_24' title="bbox 192 2467 1423 2554; baseline -0.011 -19"><span class='ocrx_word' id='word_1_155' title='bbox 192 2471 419 2535; x_wconf 85' lang='grc' dir='ltr'>Ἵπποισι</span> <span class='ocrx_word' id='word_1_156' title='bbox 440 2479 749 2554; x_wconf 85' lang='grc' dir='ltr'>κρατεροῖσι</span> <span class='ocrx_word' id='word_1_157' title='bbox 768 2469 813 2528; x_wconf 84' lang='grc' dir='ltr'>δ’</span> <span class='ocrx_word' id='word_1_158' title='bbox 836 2467 1055 2546; x_wconf 79' lang='grc' dir='ltr'>ὁμήθεες</span> <span class='ocrx_word' id='word_1_159' title='bbox 1076 2469 1423 2546; x_wconf 80' lang='grc' dir='ltr'>ἀγρευτῆρσιν</span> 
     </span>
     <span class='ocr_line' id='line_1_25' title="bbox 195 2553 1415 2643; baseline -0.009 -21"><span class='ocrx_word' id='word_1_160' title='bbox 195 2563 313 2632; x_wconf 78' lang='grc' dir='ltr'>ἐξέτι</span> <span class='ocrx_word' id='word_1_161' title='bbox 333 2561 617 2643; x_wconf 84' lang='grc' dir='ltr'>νηπιάχων</span> <span class='ocrx_word' id='word_1_162' title='bbox 648 2559 833 2632; x_wconf 85' lang='grc' dir='ltr'>ἔστων,</span> <span class='ocrx_word' id='word_1_163' title='bbox 858 2553 1149 2639; x_wconf 81' lang='grc' dir='ltr'>μερόπεσσί</span> <span class='ocrx_word' id='word_1_164' title='bbox 1172 2577 1229 2614; x_wconf 82' lang='grc' dir='ltr'>τε</span> <span class='ocrx_word' id='word_1_165' title='bbox 1251 2563 1415 2613; x_wconf 78' lang='grc' dir='ltr'>πᾶσιν</span> 
     </span>
     <span class='ocr_line' id='line_1_26' title="bbox 193 2641 1473 2734; baseline -0.008 -22"><span class='ocrx_word' id='word_1_166' title='bbox 193 2652 383 2724; x_wconf 75' lang='grc' dir='ltr'>ἡθάδιοι</span> <span class='ocrx_word' id='word_1_167' title='bbox 406 2650 581 2734; x_wconf 80' lang='grc' dir='ltr'>φίλιοί</span> <span class='ocrx_word' id='word_1_168' title='bbox 606 2673 663 2708; x_wconf 87' lang='grc' dir='ltr'>τε</span> <span class='ocrx_word' id='word_1_169' title='bbox 681 2695 697 2722; x_wconf 91' lang='grc'>,</span> <span class='ocrx_word' id='word_1_170' title='bbox 726 2647 931 2726; x_wconf 84' lang='grc' dir='ltr'>μόνοισι</span> <span class='ocrx_word' id='word_1_171' title='bbox 959 2643 1015 2704; x_wconf 81' lang='grc' dir='ltr'>δὲ</span> <span class='ocrx_word' id='word_1_172' title='bbox 1046 2643 1255 2725; x_wconf 88' lang='grc' dir='ltr'>θήρεσιν</span> <span class='ocrx_word' id='word_1_173' title='bbox 1282 2641 1473 2724; x_wconf 80' lang='grc' dir='ltr'>ἐχθροί.</span> 
     </span>
     <span class='ocr_line' id='line_1_27' title="bbox 190 2732 1445 2814; baseline -0.009 -14"><span class='ocrx_word' id='word_1_174' title='bbox 190 2741 321 2812; x_wconf 79' lang='grc' dir='ltr'>Μηὸ’</span> <span class='ocrx_word' id='word_1_175' title='bbox 349 2739 525 2800; x_wconf 78' lang='grc' dir='ltr'>ὖλάαν</span> <span class='ocrx_word' id='word_1_176' title='bbox 547 2739 789 2798; x_wconf 79' lang='grc' dir='ltr'>ἐθέλοιεν·</span> <span class='ocrx_word' id='word_1_177' title='bbox 820 2732 1113 2811; x_wconf 57' lang='grc' dir='ltr'>ἐπεῖμάλα</span> <span class='ocrx_word' id='word_1_178' title='bbox 1135 2737 1445 2814; x_wconf 76' lang='grc' dir='ltr'>θηρευτῆρσι</span> 
     </span>
    </p>

    <p class='ocr_par' dir='ltr' id='par_1_9' title="bbox 107 2820 1443 2908">
     <span class='ocr_line' id='line_1_28' title="bbox 107 2820 1443 2908; baseline -0.003 -24"><span class='ocrx_word' id='word_1_179' title='bbox 107 2847 175 2888; x_wconf 70' lang='grc' dir='ltr'>ιω</span> <span class='ocrx_word' id='word_1_180' title='bbox 186 2827 297 2908; x_wconf 78' lang='grc' dir='ltr'>σιγὴ</span> <span class='ocrx_word' id='word_1_181' title='bbox 322 2826 538 2906; x_wconf 78' lang='grc' dir='ltr'>τέθμιός</span> <span class='ocrx_word' id='word_1_182' title='bbox 560 2828 673 2886; x_wconf 83' lang='grc' dir='ltr'>ἐστι</span> <span class='ocrx_word' id='word_1_183' title='bbox 687 2871 703 2898; x_wconf 94' lang='grc'>,</span> <span class='ocrx_word' id='word_1_184' title='bbox 732 2823 995 2902; x_wconf 80' lang='grc' dir='ltr'>πανέξοχα</span> <span class='ocrx_word' id='word_1_185' title='bbox 1026 2820 1070 2878; x_wconf 82' lang='grc' dir='ltr'>δ’</span> <span class='ocrx_word' id='word_1_186' title='bbox 1096 2821 1443 2900; x_wconf 77' lang='grc' dir='ltr'>ῖχνευτῆρσιν.</span> 
     </span>
    </p>

    <p class='ocr_par' dir='ltr' id='par_1_10' title="bbox 179 2905 1545 3265">
     <span class='ocr_line' id='line_1_29' title="bbox 256 2905 1495 2994; baseline -0.009 -16"><span class='ocrx_word' id='word_1_187' title='bbox 256 2918 421 2979; x_wconf 76' lang='grc' dir='ltr'>Είδεα</span> <span class='ocrx_word' id='word_1_188' title='bbox 446 2916 508 2977; x_wconf 80' lang='grc' dir='ltr'>δὲ</span> <span class='ocrx_word' id='word_1_189' title='bbox 534 2914 745 2989; x_wconf 75' lang='grc' dir='ltr'>στιὸίης</span> <span class='ocrx_word' id='word_1_190' title='bbox 764 2908 1068 2994; x_wconf 80' lang='grc' dir='ltr'>δυσδερκέος</span> <span class='ocrx_word' id='word_1_191' title='bbox 1091 2908 1281 2969; x_wconf 80' lang='grc' dir='ltr'>ἔπλετο</span> <span class='ocrx_word' id='word_1_192' title='bbox 1310 2905 1463 2969; x_wconf 74' lang='grc' dir='ltr'>δισσὰ</span> <span class='ocrx_word' id='word_1_193' title='bbox 1481 2956 1495 2980; x_wconf 92' lang='grc'>,</span> 
     </span>
     <span class='ocr_line' id='line_1_30' title="bbox 186 2998 1545 3089; baseline -0.008 -23"><span class='ocrx_word' id='word_1_194' title='bbox 186 3008 375 3089; x_wconf 76' lang='grc' dir='ltr'>ἀνδρῶν</span> <span class='ocrx_word' id='word_1_195' title='bbox 402 3004 503 3076; x_wconf 77' lang='grc' dir='ltr'>ἠδὲ</span> <span class='ocrx_word' id='word_1_196' title='bbox 521 3008 716 3065; x_wconf 83' lang='grc' dir='ltr'>κυνῶν·</span> <span class='ocrx_word' id='word_1_197' title='bbox 747 3002 973 3085; x_wconf 79' lang='grc' dir='ltr'>μέροπες</span> <span class='ocrx_word' id='word_1_198' title='bbox 992 2998 1086 3079; x_wconf 82' lang='grc' dir='ltr'>μὲν</span> <span class='ocrx_word' id='word_1_199' title='bbox 1112 2999 1197 3081; x_wconf 80' lang='grc' dir='ltr'>ἄρ’</span> <span class='ocrx_word' id='word_1_200' title='bbox 1222 2998 1545 3058; x_wconf 78' lang='grc' dir='ltr'>αἷολόὸουλοι</span> 
     </span>
     <span class='ocr_line' id='line_1_31' title="bbox 181 3087 1485 3174; baseline -0.007 -21"><span class='ocrx_word' id='word_1_201' title='bbox 181 3096 384 3173; x_wconf 82' lang='grc' dir='ltr'>ὄμμασι</span> <span class='ocrx_word' id='word_1_202' title='bbox 414 3092 768 3174; x_wconf 73' lang='grc' dir='ltr'>τεκμήραντο</span> <span class='ocrx_word' id='word_1_203' title='bbox 790 3090 884 3151; x_wconf 81' lang='grc' dir='ltr'>καὶ</span> <span class='ocrx_word' id='word_1_204' title='bbox 902 3088 1233 3172; x_wconf 80' lang='grc' dir='ltr'>ἐφράσσαντο</span> <span class='ocrx_word' id='word_1_205' title='bbox 1250 3087 1485 3147; x_wconf 83' lang='grc' dir='ltr'>κέλευθα·</span> 
     </span>
     <span class='ocr_line' id='line_1_32' title="bbox 179 3175 1380 3265; baseline -0.007 -21"><span class='ocrx_word' id='word_1_206' title='bbox 179 3184 485 3265; x_wconf 73' lang='grc' dir='ltr'>μυξωτῆρσι</span> <span class='ocrx_word' id='word_1_207' title='bbox 506 3180 669 3249; x_wconf 81' lang='grc' dir='ltr'>κύνες</span> <span class='ocrx_word' id='word_1_208' title='bbox 695 3179 751 3240; x_wconf 77' lang='grc' dir='ltr'>δὲ</span> <span class='ocrx_word' id='word_1_209' title='bbox 772 3178 1027 3259; x_wconf 82' lang='grc' dir='ltr'>πανίχνια</span> <span class='ocrx_word' id='word_1_210' title='bbox 1057 3175 1380 3255; x_wconf 81' lang='grc' dir='ltr'>σημήναντο.</span> 
     </span>
    </p>

    <p class='ocr_par' dir='ltr' id='par_1_11' title="bbox 50 3264 1667 5311">
     <span class='ocr_line' id='line_1_33' title="bbox 82 3264 1395 3353; baseline -0.007 -22"><span class='ocrx_word' id='word_1_211' title='bbox 82 3292 151 3331; x_wconf 66' lang='lat' dir='ltr'>us</span> <span class='ocrx_word' id='word_1_212' title='bbox 174 3274 276 3333; x_wconf 79' lang='grc' dir='ltr'>Ναὶ</span> <span class='ocrx_word' id='word_1_213' title='bbox 300 3274 412 3353; x_wconf 77' lang='grc' dir='ltr'>μὴν</span> <span class='ocrx_word' id='word_1_214' title='bbox 441 3268 781 3353; x_wconf 79' lang='grc' dir='ltr'>ἀνθρώποισι</span> <span class='ocrx_word' id='word_1_215' title='bbox 809 3266 956 3327; x_wconf 82' lang='grc' dir='ltr'>πέλει</span> <span class='ocrx_word' id='word_1_216' title='bbox 974 3264 1260 3348; x_wconf 80' lang='grc' dir='ltr'>περιδέξιος</span> <span class='ocrx_word' id='word_1_217' title='bbox 1283 3264 1395 3345; x_wconf 81' lang='grc' dir='ltr'>ὥρη</span> 
     </span>
     <span class='ocr_line' id='line_1_34' title="bbox 170 3354 1511 3443; baseline -0.007 -21"><span class='ocrx_word' id='word_1_218' title='bbox 170 3362 443 3443; x_wconf 71' lang='grc' dir='ltr'>γειμερίη,</span> <span class='ocrx_word' id='word_1_219' title='bbox 470 3358 755 3421; x_wconf 77' lang='grc' dir='ltr'>στείὸουσι</span> <span class='ocrx_word' id='word_1_220' title='bbox 784 3354 829 3411; x_wconf 81' lang='grc' dir='ltr'>δ’</span> <span class='ocrx_word' id='word_1_221' title='bbox 858 3354 1233 3435; x_wconf 77' lang='grc' dir='ltr'>ἆμοχθήτοισιν</span> <span class='ocrx_word' id='word_1_222' title='bbox 1256 3357 1511 3421; x_wconf 84' lang='grc' dir='ltr'>ὀπωπαῖς·</span> 
     </span>
     <span class='ocr_line' id='line_1_35' title="bbox 160 3432 1649 3529; baseline -0.007 -20"><span class='ocrx_word' id='word_1_223' title='bbox 160 3432 348 3509; x_wconf 65' lang='grc' dir='ltr'>οῙῖνεκα</span> <span class='ocrx_word' id='word_1_224' title='bbox 372 3449 475 3509; x_wconf 84' lang='grc' dir='ltr'>καὶ</span> <span class='ocrx_word' id='word_1_225' title='bbox 489 3447 760 3529; x_wconf 82' lang='grc' dir='ltr'>νιφετοῖσι</span> <span class='ocrx_word' id='word_1_226' title='bbox 785 3442 1129 3527; x_wconf 81' lang='grc' dir='ltr'>γεγραμμένα</span> <span class='ocrx_word' id='word_1_227' title='bbox 1138 3442 1292 3501; x_wconf 87' lang='grc' dir='ltr'>πάνθ’</span> <span class='ocrx_word' id='word_1_228' title='bbox 1320 3442 1414 3520; x_wconf 86' lang='grc' dir='ltr'>ἅμ’</span> <span class='ocrx_word' id='word_1_229' title='bbox 1436 3446 1649 3529; x_wconf 72' lang='grc' dir='ltr'>ὁρᾶται,</span> 
     </span>
     <span class='ocr_line' id='line_1_36' title="bbox 166 3530 1528 3613; baseline -0.004 -18"><span class='ocrx_word' id='word_1_230' title='bbox 166 3538 255 3595; x_wconf 78' lang='grc' dir='ltr'>καὶ</span> <span class='ocrx_word' id='word_1_231' title='bbox 282 3538 525 3611; x_wconf 81' lang='grc' dir='ltr'>πηλοῗσι</span> <span class='ocrx_word' id='word_1_232' title='bbox 556 3534 713 3613; x_wconf 81' lang='grc' dir='ltr'>μένει</span> <span class='ocrx_word' id='word_1_233' title='bbox 736 3530 1110 3610; x_wconf 82' lang='grc' dir='ltr'>τετυπασμένα</span> <span class='ocrx_word' id='word_1_234' title='bbox 1132 3530 1309 3591; x_wconf 82' lang='grc' dir='ltr'>εἴκελα</span> <span class='ocrx_word' id='word_1_235' title='bbox 1331 3533 1528 3613; x_wconf 79' lang='grc' dir='ltr'>ταρσῷ.</span> 
     </span>
     <span class='ocr_line' id='line_1_37' title="bbox 164 3618 1649 3731; baseline -0.007 -45"><span class='ocrx_word' id='word_1_236' title='bbox 164 3625 389 3709; x_wconf 74' lang='grc' dir='ltr'>Ἐχθρὸν</span> <span class='ocrx_word' id='word_1_237' title='bbox 401 3624 513 3707; x_wconf 79' lang='grc' dir='ltr'>ἔαρ</span> <span class='ocrx_word' id='word_1_238' title='bbox 546 3623 610 3683; x_wconf 85' lang='grc' dir='ltr'>δὲ</span> <span class='ocrx_word' id='word_1_239' title='bbox 628 3622 873 3695; x_wconf 83' lang='grc' dir='ltr'>κύνεσσι,</span> <span class='ocrx_word' id='word_1_240' title='bbox 892 3620 1038 3704; x_wconf 73' lang='grc' dir='ltr'>φίλον</span> <span class='ocrx_word' id='word_1_241' title='bbox 1056 3622 1113 3682; x_wconf 77' lang='grc' dir='ltr'>δὲ</span> <span class='ocrx_word' id='word_1_242' title='bbox 1131 3618 1285 3679; x_wconf 77' lang='grc' dir='ltr'>πέλει</span> <span class='ocrx_word' id='word_1_243' title='bbox 1302 3618 1649 3731; x_wconf 51' lang='grc' dir='ltr'>ῗθινόπωρον·</span> 
     </span>
     <span class='ocr_line' id='line_1_38' title="bbox 74 3707 1366 3795; baseline -0.004 -24"><span class='ocrx_word' id='word_1_244' title='bbox 74 3735 143 3771; x_wconf 77' lang='grc' dir='ltr'>ιω</span> <span class='ocrx_word' id='word_1_245' title='bbox 157 3714 295 3794; x_wconf 84' lang='grc' dir='ltr'>εἴαρι</span> <span class='ocrx_word' id='word_1_246' title='bbox 322 3713 433 3794; x_wconf 76' lang='grc' dir='ltr'>γὰρ</span> <span class='ocrx_word' id='word_1_247' title='bbox 466 3711 773 3795; x_wconf 79' lang='grc' dir='ltr'>βατάνῃσιν</span> <span class='ocrx_word' id='word_1_248' title='bbox 796 3710 927 3781; x_wconf 81' lang='grc' dir='ltr'>ἅδην</span> <span class='ocrx_word' id='word_1_249' title='bbox 953 3707 1254 3791; x_wconf 81' lang='grc' dir='ltr'>ποιοτρόφος</span> <span class='ocrx_word' id='word_1_250' title='bbox 1274 3731 1366 3767; x_wconf 87' lang='grc' dir='ltr'>αια</span> 
     </span>
     <span class='ocr_line' id='line_1_39' title="bbox 154 3796 1493 3881; baseline -0.006 -19"><span class='ocrx_word' id='word_1_251' title='bbox 154 3802 331 3865; x_wconf 78' lang='grc' dir='ltr'>ἄνθεσι</span> <span class='ocrx_word' id='word_1_252' title='bbox 355 3800 618 3875; x_wconf 76' lang='grc' dir='ltr'>πληθύει</span> <span class='ocrx_word' id='word_1_253' title='bbox 644 3824 707 3858; x_wconf 89' lang='grc' dir='ltr'>τε</span> <span class='ocrx_word' id='word_1_254' title='bbox 734 3798 1049 3873; x_wconf 89' lang='grc' dir='ltr'>πολύπνοος,</span> <span class='ocrx_word' id='word_1_255' title='bbox 1079 3798 1215 3881; x_wconf 72' lang='grc' dir='ltr'>ἀμφὶ</span> <span class='ocrx_word' id='word_1_256' title='bbox 1244 3796 1299 3857; x_wconf 85' lang='grc' dir='ltr'>δὲ</span> <span class='ocrx_word' id='word_1_257' title='bbox 1322 3796 1493 3869; x_wconf 78' lang='grc' dir='ltr'>πάντὴ</span> 
     </span>
     <span class='ocr_line' id='line_1_40' title="bbox 152 3886 1414 3975; baseline -0.005 -24"><span class='ocrx_word' id='word_1_258' title='bbox 152 3893 477 3975; x_wconf 72' lang='grc' dir='ltr'>εὐστέφανοι</span> <span class='ocrx_word' id='word_1_259' title='bbox 506 3892 780 3967; x_wconf 79' lang='grc' dir='ltr'>λειμῶνες</span> <span class='ocrx_word' id='word_1_260' title='bbox 809 3887 1039 3969; x_wconf 77' lang='grc' dir='ltr'>ἀνήροτα</span> <span class='ocrx_word' id='word_1_261' title='bbox 1066 3886 1414 3969; x_wconf 81' lang='grc' dir='ltr'>πορφύρουσι,</span> 
     </span>
     <span class='ocr_line' id='line_1_41' title="bbox 150 3973 1395 4058; baseline -0.006 -19"><span class='ocrx_word' id='word_1_262' title='bbox 150 3981 237 4039; x_wconf 72' lang='grc' dir='ltr'>καὶ</span> <span class='ocrx_word' id='word_1_263' title='bbox 266 3990 465 4041; x_wconf 66' lang='grc' dir='ltr'>πᾶσαν</span> <span class='ocrx_word' id='word_1_264' title='bbox 502 3975 822 4039; x_wconf 76' lang='grc' dir='ltr'>στιὸέεσσιν</span> <span class='ocrx_word' id='word_1_265' title='bbox 851 3973 1129 4058; x_wconf 78' lang='grc' dir='ltr'>ἐϋῤῥίνοισι</span> <span class='ocrx_word' id='word_1_266' title='bbox 1155 3973 1395 4034; x_wconf 89' lang='grc' dir='ltr'>κύνεσσιν</span> 
     </span>
     <span class='ocr_line' id='line_1_42' title="bbox 144 4061 1487 4153; baseline -0.007 -23"><span class='ocrx_word' id='word_1_267' title='bbox 144 4071 313 4149; x_wconf 76' lang='grc' dir='ltr'>ὀδμὴν</span> <span class='ocrx_word' id='word_1_268' title='bbox 344 4065 809 4153; x_wconf 75' lang='grc' dir='ltr'>πρεσὸεύτειραν</span> <span class='ocrx_word' id='word_1_269' title='bbox 836 4061 1224 4143; x_wconf 82' lang='grc' dir='ltr'>ἀμαλδύνουσιν</span> <span class='ocrx_word' id='word_1_270' title='bbox 1252 4061 1487 4145; x_wconf 84' lang='grc' dir='ltr'>ἄρουραι·</span> 
     </span>
     <span class='ocr_line' id='line_1_43' title="bbox 58 4150 1561 4243; baseline -0.007 -24"><span class='ocrx_word' id='word_1_271' title='bbox 58 4178 125 4219; x_wconf 64' lang='grc' dir='ltr'>θῶ</span> <span class='ocrx_word' id='word_1_272' title='bbox 146 4160 317 4243; x_wconf 75' lang='grc' dir='ltr'>αὐτὰρ</span> <span class='ocrx_word' id='word_1_273' title='bbox 346 4164 409 4219; x_wconf 82' lang='grc' dir='ltr'>ἐν</span> <span class='ocrx_word' id='word_1_274' title='bbox 443 4156 731 4237; x_wconf 74' lang='grc' dir='ltr'>εὐκάρπῳ</span> <span class='ocrx_word' id='word_1_275' title='bbox 750 4151 1223 4236; x_wconf 77' lang='grc' dir='ltr'>γλυκεροσταφύλῳ</span> <span class='ocrx_word' id='word_1_276' title='bbox 1251 4150 1561 4235; x_wconf 76' lang='grc' dir='ltr'>φθινοπώρῳ</span> 
     </span>
     <span class='ocr_line' id='line_1_44' title="bbox 138 4240 1479 4329; baseline -0.008 -19"><span class='ocrx_word' id='word_1_277' title='bbox 138 4260 289 4310; x_wconf 81' lang='grc' dir='ltr'>ποῖαι</span> <span class='ocrx_word' id='word_1_278' title='bbox 318 4250 428 4310; x_wconf 80' lang='grc' dir='ltr'>καὶ</span> <span class='ocrx_word' id='word_1_279' title='bbox 460 4246 717 4329; x_wconf 80' lang='grc' dir='ltr'>βοτάναι</span> <span class='ocrx_word' id='word_1_280' title='bbox 742 4242 836 4305; x_wconf 89' lang='grc' dir='ltr'>καί</span> <span class='ocrx_word' id='word_1_281' title='bbox 860 4244 909 4303; x_wconf 84' lang='grc' dir='ltr'>τ’</span> <span class='ocrx_word' id='word_1_282' title='bbox 938 4242 1097 4302; x_wconf 80' lang='grc' dir='ltr'>ἄνθεα</span> <span class='ocrx_word' id='word_1_283' title='bbox 1118 4240 1441 4323; x_wconf 76' lang='grc' dir='ltr'>γηράσκουσι</span> <span class='ocrx_word' id='word_1_284' title='bbox 1462 4289 1479 4321; x_wconf 84' lang='lat'>,</span> 
     </span>
     <span class='ocr_line' id='line_1_45' title="bbox 138 4330 1418 4417; baseline -0.01 -16"><span class='ocrx_word' id='word_1_285' title='bbox 138 4338 315 4417; x_wconf 72' lang='grc' dir='ltr'>γυμνὴ</span> <span class='ocrx_word' id='word_1_286' title='bbox 346 4337 415 4399; x_wconf 76' lang='grc' dir='ltr'>δὲ</span> <span class='ocrx_word' id='word_1_287' title='bbox 446 4334 808 4397; x_wconf 83' lang='grc' dir='ltr'>σκυλάκεσσι</span> <span class='ocrx_word' id='word_1_288' title='bbox 828 4330 973 4411; x_wconf 78' lang='grc' dir='ltr'>μένει</span> <span class='ocrx_word' id='word_1_289' title='bbox 1002 4330 1204 4412; x_wconf 86' lang='grc' dir='ltr'>θήρειος</span> <span class='ocrx_word' id='word_1_290' title='bbox 1220 4330 1418 4409; x_wconf 81' lang='grc' dir='ltr'>ἀϋτμή.</span> 
     </span>
     <span class='ocr_line' id='line_1_46' title="bbox 196 4417 1658 4501; baseline -0.01 -12"><span class='ocrx_word' id='word_1_291' title='bbox 196 4428 377 4491; x_wconf 79' lang='grc' dir='ltr'>Ἔστι</span> <span class='ocrx_word' id='word_1_292' title='bbox 408 4426 483 4489; x_wconf 76' lang='grc' dir='ltr'>δέ</span> <span class='ocrx_word' id='word_1_293' title='bbox 508 4450 579 4487; x_wconf 84' lang='grc' dir='ltr'>τι</span> <span class='ocrx_word' id='word_1_294' title='bbox 602 4420 887 4483; x_wconf 87' lang='grc' dir='ltr'>σκυλάκων</span> <span class='ocrx_word' id='word_1_295' title='bbox 906 4418 1051 4501; x_wconf 80' lang='grc' dir='ltr'>γένος</span> <span class='ocrx_word' id='word_1_296' title='bbox 1080 4418 1301 4497; x_wconf 83' lang='grc' dir='ltr'>ἄλκιμον</span> <span class='ocrx_word' id='word_1_297' title='bbox 1324 4417 1658 4499; x_wconf 77' lang='grc' dir='ltr'>ἶχνευτήρων,</span> 
     </span>
     <span class='ocr_line' id='line_1_47' title="bbox 138 4506 1481 4595; baseline -0.009 -20"><span class='ocrx_word' id='word_1_298' title='bbox 138 4517 315 4595; x_wconf 72' lang='grc' dir='ltr'>βαιὸν,</span> <span class='ocrx_word' id='word_1_299' title='bbox 340 4514 509 4595; x_wconf 75' lang='grc' dir='ltr'>ἀτὰρ</span> <span class='ocrx_word' id='word_1_300' title='bbox 546 4508 805 4591; x_wconf 82' lang='grc' dir='ltr'>μεγάλης</span> <span class='ocrx_word' id='word_1_301' title='bbox 831 4508 1069 4577; x_wconf 81' lang='grc' dir='ltr'>ἀντάξιον</span> <span class='ocrx_word' id='word_1_302' title='bbox 1090 4506 1261 4585; x_wconf 78' lang='grc' dir='ltr'>ἄμμιν</span> <span class='ocrx_word' id='word_1_303' title='bbox 1288 4507 1481 4577; x_wconf 65' lang='grc' dir='ltr'>ἀοιδῆς·</span> 
     </span>
     <span class='ocr_line' id='line_1_48' title="bbox 50 4594 1580 4689; baseline -0.007 -26"><span class='ocrx_word' id='word_1_304' title='bbox 50 4626 111 4665; x_wconf 72' lang='grc' dir='ltr'>ιῖο</span> <span class='ocrx_word' id='word_1_305' title='bbox 131 4607 249 4675; x_wconf 71' lang='grc' dir='ltr'>τοὺς</span> <span class='ocrx_word' id='word_1_306' title='bbox 276 4604 513 4689; x_wconf 74' lang='grc' dir='ltr'>τράφεν</span> <span class='ocrx_word' id='word_1_307' title='bbox 555 4598 739 4681; x_wconf 75' lang='grc' dir='ltr'>ἄγρια</span> <span class='ocrx_word' id='word_1_308' title='bbox 756 4600 899 4680; x_wconf 76' lang='grc' dir='ltr'>φῦλα</span> <span class='ocrx_word' id='word_1_309' title='bbox 928 4600 1207 4678; x_wconf 83' lang='grc' dir='ltr'>Βρετανῶν</span> <span class='ocrx_word' id='word_1_310' title='bbox 1238 4594 1580 4655; x_wconf 80' lang='grc' dir='ltr'>αἰολονώτων·</span> 
     </span>
     <span class='ocr_line' id='line_1_49' title="bbox 133 4682 1499 4775; baseline -0.005 -24"><span class='ocrx_word' id='word_1_311' title='bbox 133 4694 307 4775; x_wconf 65' lang='grc' dir='ltr'>αὐτὰρ</span> <span class='ocrx_word' id='word_1_312' title='bbox 338 4686 697 4759; x_wconf 77' lang='grc' dir='ltr'>ἐπικλήδην</span> <span class='ocrx_word' id='word_1_313' title='bbox 720 4685 855 4765; x_wconf 73' lang='grc' dir='ltr'>σφὰς</span> <span class='ocrx_word' id='word_1_314' title='bbox 867 4683 1207 4763; x_wconf 83' lang='grc' dir='ltr'>Ἀγασσαίους</span> <span class='ocrx_word' id='word_1_315' title='bbox 1220 4682 1499 4763; x_wconf 81' lang='grc' dir='ltr'>ὀνόμηναν.</span> 
     </span>
     <span class='ocr_line' id='line_1_50' title="bbox 130 4774 1410 4861; baseline -0.011 -16"><span class='ocrx_word' id='word_1_316' title='bbox 130 4786 253 4845; x_wconf 77' lang='grc' dir='ltr'>Τῶν</span> <span class='ocrx_word' id='word_1_317' title='bbox 280 4782 423 4856; x_wconf 79' lang='grc' dir='ltr'>ἤτοι</span> <span class='ocrx_word' id='word_1_318' title='bbox 453 4776 721 4861; x_wconf 80' lang='grc' dir='ltr'>μέγεθος</span> <span class='ocrx_word' id='word_1_319' title='bbox 750 4774 845 4852; x_wconf 83' lang='grc' dir='ltr'>μὲν</span> <span class='ocrx_word' id='word_1_320' title='bbox 872 4774 1071 4853; x_wconf 79' lang='grc' dir='ltr'>ὁμοίϊον</span> <span class='ocrx_word' id='word_1_321' title='bbox 1096 4774 1410 4833; x_wconf 81' lang='grc' dir='ltr'>οὗτιδανοῗσι</span> 
     </span>
     <span class='ocr_line' id='line_1_51' title="bbox 128 4860 1344 4952; baseline -0.007 -23"><span class='ocrx_word' id='word_1_322' title='bbox 128 4872 337 4952; x_wconf 70' lang='grc' dir='ltr'>λίγνοις</span> <span class='ocrx_word' id='word_1_323' title='bbox 350 4866 685 4933; x_wconf 80' lang='grc' dir='ltr'>οἶκιδίοισι</span> <span class='ocrx_word' id='word_1_324' title='bbox 711 4862 1065 4945; x_wconf 81' lang='grc' dir='ltr'>τραπεζήεσσι</span> <span class='ocrx_word' id='word_1_325' title='bbox 1103 4860 1344 4935; x_wconf 88' lang='grc' dir='ltr'>κύνεσσι,</span> 
     </span>
     <span class='ocr_line' id='line_1_52' title="bbox 126 4940 1623 5046; baseline -0.013 -22"><span class='ocrx_word' id='word_1_326' title='bbox 126 4940 309 5046; x_wconf 61' lang='grc' dir='ltr'>γυρὸν,</span> <span class='ocrx_word' id='word_1_327' title='bbox 340 4954 799 5042; x_wconf 81' lang='grc' dir='ltr'>ἀσαρκότατον,</span> <span class='ocrx_word' id='word_1_328' title='bbox 826 4950 1178 5033; x_wconf 82' lang='grc' dir='ltr'>λασιότριχον,</span> <span class='ocrx_word' id='word_1_329' title='bbox 1202 4949 1411 5028; x_wconf 81' lang='grc' dir='ltr'>ὄμμασι</span> <span class='ocrx_word' id='word_1_330' title='bbox 1437 4946 1593 5015; x_wconf 85' lang='grc' dir='ltr'>νωθὲς</span> <span class='ocrx_word' id='word_1_331' title='bbox 1608 4993 1623 5022; x_wconf 96' lang='grc'>,</span> 
     </span>
     <span class='ocr_line' id='line_1_53' title="bbox 54 5036 1567 5132; baseline -0.008 -25"><span class='ocrx_word' id='word_1_332' title='bbox 54 5068 111 5111; x_wconf 72' lang='grc' dir='ltr'>ι75</span> <span class='ocrx_word' id='word_1_333' title='bbox 130 5052 247 5111; x_wconf 68' lang='grc' dir='ltr'>ἀλλ’</span> <span class='ocrx_word' id='word_1_334' title='bbox 270 5050 585 5132; x_wconf 75' lang='grc' dir='ltr'>ὀνύχεσσι</span> <span class='ocrx_word' id='word_1_335' title='bbox 620 5040 799 5109; x_wconf 79' lang='grc' dir='ltr'>πόδας</span> <span class='ocrx_word' id='word_1_336' title='bbox 828 5040 1201 5123; x_wconf 80' lang='grc' dir='ltr'>κεκορυθμένον</span> <span class='ocrx_word' id='word_1_337' title='bbox 1231 5036 1567 5120; x_wconf 77' lang='grc' dir='ltr'>ἀργαλέοισι,</span> 
     </span>
     <span class='ocr_line' id='line_1_54' title="bbox 120 5125 1507 5221; baseline -0.009 -25"><span class='ocrx_word' id='word_1_338' title='bbox 120 5140 213 5203; x_wconf 69' lang='grc' dir='ltr'>καὶ</span> <span class='ocrx_word' id='word_1_339' title='bbox 244 5146 536 5221; x_wconf 56' lang='lat' dir='ltr'>Gap-wok</span> <span class='ocrx_word' id='word_1_340' title='bbox 561 5129 893 5194; x_wconf 76' lang='grc' dir='ltr'>κυνόδωσιν</span> <span class='ocrx_word' id='word_1_341' title='bbox 919 5128 1217 5209; x_wconf 80' lang='grc' dir='ltr'>ἀκαχμένον</span> <span class='ocrx_word' id='word_1_342' title='bbox 1238 5125 1507 5209; x_wconf 76' lang='grc' dir='ltr'>ῖοφόροισι·</span> 
     </span>
     <span class='ocr_line' id='line_1_55' title="bbox 124 5211 1667 5311; baseline -0.008 -27"><span class='ocrx_word' id='word_1_343' title='bbox 124 5232 295 5311; x_wconf 55' lang='lat' dir='ltr'>{ivm</span> <span class='ocrx_word' id='word_1_344' title='bbox 327 5232 385 5291; x_wconf 76' lang='grc' dir='ltr'>δ’</span> <span class='ocrx_word' id='word_1_345' title='bbox 410 5218 581 5288; x_wconf 65' lang='grc' dir='ltr'>αὖε-ε</span> <span class='ocrx_word' id='word_1_346' title='bbox 602 5218 859 5301; x_wconf 80' lang='grc' dir='ltr'>μάλιστα</span> <span class='ocrx_word' id='word_1_347' title='bbox 879 5216 1164 5296; x_wconf 81' lang='grc' dir='ltr'>πανέξοχός</span> <span class='ocrx_word' id='word_1_348' title='bbox 1186 5217 1326 5275; x_wconf 79' lang='grc' dir='ltr'>ἐστιν</span> <span class='ocrx_word' id='word_1_349' title='bbox 1352 5211 1667 5293; x_wconf 74' lang='grc' dir='ltr'>Ἀγασσεὺς,</span> 
     </span>
    </p>
   </div>
   <div class='ocr_carea' id='block_1_3' title="bbox 1711 521 3317 3784">
    <p class='ocr_par' dir='ltr' id='par_1_12' title="bbox 1711 521 3295 2274">
     <span class='ocr_line' id='line_1_56' title="bbox 1716 521 3214 594; baseline 0.009 -25"><span class='ocrx_word' id='word_1_350' title='bbox 1716 525 1767 570; x_wconf 83' lang='lat' dir='ltr'>et</span> <span class='ocrx_word' id='word_1_351' title='bbox 1792 521 1920 572; x_wconf 82' lang='lat' dir='ltr'>vires</span> <span class='ocrx_word' id='word_1_352' title='bbox 1943 521 2272 585; x_wconf 79' lang='lat' dir='ltr'>incredibiles,</span> <span class='ocrx_word' id='word_1_353' title='bbox 2296 523 2542 587; x_wconf 76' lang='lat' dir='ltr'>ingenuoe,</span> <span class='ocrx_word' id='word_1_354' title='bbox 2566 529 2618 577; x_wconf 89' lang='lat' dir='ltr'>et</span> <span class='ocrx_word' id='word_1_355' title='bbox 2643 527 2833 579; x_wconf 88' lang='lat' dir='ltr'>animus</span> <span class='ocrx_word' id='word_1_356' title='bbox 2851 529 3214 594; x_wconf 66' lang='lat' dir='ltr'>imperterritus.</span> 
     </span>
     <span class='ocr_line' id='line_1_57' title="bbox 1711 607 2989 681; baseline 0.01 -24"><span class='ocrx_word' id='word_1_357' title='bbox 1711 607 1786 658; x_wconf 81' lang='lat' dir='ltr'>Ad</span> <span class='ocrx_word' id='word_1_358' title='bbox 1810 613 2038 661; x_wconf 79' lang='lat' dir='ltr'>venatum</span> <span class='ocrx_word' id='word_1_359' title='bbox 2061 611 2259 675; x_wconf 88' lang='lat' dir='ltr'>quidem</span> <span class='ocrx_word' id='word_1_360' title='bbox 2278 611 2424 676; x_wconf 84' lang='lat' dir='ltr'>igitur</span> <span class='ocrx_word' id='word_1_361' title='bbox 2445 615 2658 666; x_wconf 86' lang='lat' dir='ltr'>armabis</span> <span class='ocrx_word' id='word_1_362' title='bbox 2682 617 2794 667; x_wconf 86' lang='lat' dir='ltr'>talia</span> <span class='ocrx_word' id='word_1_363' title='bbox 2815 631 2989 681; x_wconf 86' lang='lat' dir='ltr'>genera</span> 
     </span>
     <span class='ocr_line' id='line_1_58' title="bbox 1712 698 3204 772; baseline 0.008 -25"><span class='ocrx_word' id='word_1_364' title='bbox 1712 698 2053 750; x_wconf 71' lang='lat' dir='ltr'>bellicosorum</span> <span class='ocrx_word' id='word_1_365' title='bbox 2075 713 2278 764; x_wconf 89' lang='lat' dir='ltr'>canum,</span> <span class='ocrx_word' id='word_1_366' title='bbox 2299 702 2386 766; x_wconf 88' lang='lat' dir='ltr'>qui</span> <span class='ocrx_word' id='word_1_367' title='bbox 2407 703 2530 754; x_wconf 81' lang='lat' dir='ltr'>feras</span> <span class='ocrx_word' id='word_1_368' title='bbox 2561 706 2802 769; x_wconf 84' lang='lat' dir='ltr'>quaslibet</span> <span class='ocrx_word' id='word_1_369' title='bbox 2831 717 3204 772; x_wconf 84' lang='lat' dir='ltr'>persequuntur.</span> 
     </span>
     <span class='ocr_line' id='line_1_59' title="bbox 1713 789 3226 864; baseline 0.009 -27"><span class='ocrx_word' id='word_1_370' title='bbox 1713 789 1912 838; x_wconf 82' lang='lat' dir='ltr'>colores</span> <span class='ocrx_word' id='word_1_371' title='bbox 1944 802 2061 840; x_wconf 83' lang='lat' dir='ltr'>vero</span> <span class='ocrx_word' id='word_1_372' title='bbox 2090 790 2378 856; x_wconf 87' lang='lat' dir='ltr'>candidique</span> <span class='ocrx_word' id='word_1_373' title='bbox 2407 793 2516 843; x_wconf 86' lang='lat' dir='ltr'>mali</span> <span class='ocrx_word' id='word_1_374' title='bbox 2541 793 2802 846; x_wconf 83' lang='lat' dir='ltr'><strong>admodum</strong></span> <span class='ocrx_word' id='word_1_375' title='bbox 2827 801 2956 848; x_wconf 76' lang='lat' dir='ltr'>sunt</span> <span class='ocrx_word' id='word_1_376' title='bbox 2981 798 3226 864; x_wconf 67' lang='lat' dir='ltr'>nigriquez</span> 
     </span>
     <span class='ocr_line' id='line_1_60' title="bbox 1713 877 3092 950; baseline 0.009 -25"><span class='ocrx_word' id='word_1_377' title='bbox 1713 889 1869 940; x_wconf 84' lang='lat' dir='ltr'>neque</span> <span class='ocrx_word' id='word_1_378' title='bbox 1895 877 2023 928; x_wconf 89' lang='lat' dir='ltr'>enim</span> <span class='ocrx_word' id='word_1_379' title='bbox 2046 879 2164 929; x_wconf 88' lang='lat' dir='ltr'>solis</span> <span class='ocrx_word' id='word_1_380' title='bbox 2193 881 2394 930; x_wconf 84' lang='lat' dir='ltr'>tolerare</span> <span class='ocrx_word' id='word_1_381' title='bbox 2418 880 2694 932; x_wconf 77' lang='lat' dir='ltr'>violentiam</span> <span class='ocrx_word' id='word_1_382' title='bbox 2717 883 2854 935; x_wconf 83' lang='lat' dir='ltr'>facile</span> <span class='ocrx_word' id='word_1_383' title='bbox 2885 892 3092 950; x_wconf 79' lang='lat' dir='ltr'>possunt</span> 
     </span>
     <span class='ocr_line' id='line_1_61' title="bbox 1715 966 2892 1038; baseline 0.01 -24"><span class='ocrx_word' id='word_1_384' title='bbox 1715 978 1871 1028; x_wconf 88' lang='lat' dir='ltr'>neque</span> <span class='ocrx_word' id='word_1_385' title='bbox 1897 966 2292 1019; x_wconf 73' lang='lat' dir='ltr'>nives-tundentis</span> <span class='ocrx_word' id='word_1_386' title='bbox 2315 968 2415 1018; x_wconf 82' lang='lat' dir='ltr'>vim</span> <span class='ocrx_word' id='word_1_387' title='bbox 2447 969 2892 1038; x_wconf 46' lang='lat' dir='ltr'>hiberniaetemporis</span> 
     </span>
     <span class='ocr_line' id='line_1_62' title="bbox 1716 1053 2765 1123; baseline 0.01 -22"><span class='ocrx_word' id='word_1_388' title='bbox 1716 1053 1790 1102; x_wconf 86' lang='lat' dir='ltr'>llii</span> <span class='ocrx_word' id='word_1_389' title='bbox 1818 1056 1983 1104; x_wconf 88' lang='lat' dir='ltr'>autem</span> <span class='ocrx_word' id='word_1_390' title='bbox 2007 1056 2132 1106; x_wconf 90' lang='lat' dir='ltr'>inter</span> <span class='ocrx_word' id='word_1_391' title='bbox 2153 1070 2322 1108; x_wconf 88' lang='lat' dir='ltr'>omnes</span> <span class='ocrx_word' id='word_1_392' title='bbox 2343 1059 2577 1111; x_wconf 84' lang='lat' dir='ltr'>antistant</span> <span class='ocrx_word' id='word_1_393' title='bbox 2593 1073 2765 1123; x_wconf 86' lang='lat' dir='ltr'>canes,</span> 
     </span>
     <span class='ocr_line' id='line_1_63' title="bbox 1716 1141 3295 1213; baseline 0.008 -23"><span class='ocrx_word' id='word_1_394' title='bbox 1716 1141 1896 1205; x_wconf 86' lang='lat' dir='ltr'>quibus</span> <span class='ocrx_word' id='word_1_395' title='bbox 1917 1144 2100 1196; x_wconf 86' lang='lat' dir='ltr'>similes</span> <span class='ocrx_word' id='word_1_396' title='bbox 2119 1145 2286 1196; x_wconf 78' lang='lat' dir='ltr'>sormae</span> <span class='ocrx_word' id='word_1_397' title='bbox 2303 1149 2434 1198; x_wconf 78' lang='lat' dir='ltr'>sunt</span> <span class='ocrx_word' id='word_1_398' title='bbox 2459 1149 2838 1212; x_wconf 86' lang='lat' dir='ltr'>quam-maxime</span> <span class='ocrx_word' id='word_1_399' title='bbox 2867 1149 2979 1200; x_wconf 78' lang='lat' dir='ltr'>feris</span> <span class='ocrx_word' id='word_1_400' title='bbox 2996 1149 3295 1213; x_wconf 81' lang='lat' dir='ltr'>crudivoris,</span> 
     </span>
     <span class='ocr_line' id='line_1_64' title="bbox 1716 1230 2651 1300; baseline 0.009 -21"><span class='ocrx_word' id='word_1_401' title='bbox 1716 1230 1922 1281; x_wconf 80' lang='lat' dir='ltr'>ovicidis</span> <span class='ocrx_word' id='word_1_402' title='bbox 1947 1232 2075 1297; x_wconf 84' lang='lat' dir='ltr'>lupis</span> <span class='ocrx_word' id='word_1_403' title='bbox 2100 1235 2186 1283; x_wconf 89' lang='lat' dir='ltr'>aut</span> <span class='ocrx_word' id='word_1_404' title='bbox 2210 1235 2414 1298; x_wconf 77' lang='lat' dir='ltr'>tigribus</span> <span class='ocrx_word' id='word_1_405' title='bbox 2440 1235 2621 1300; x_wconf 85' lang='lat' dir='ltr'>rapidis</span> <span class='ocrx_word' id='word_1_406' title='bbox 2635 1272 2651 1298; x_wconf 87' lang='lat'><em>,</em></span> 
     </span>
     <span class='ocr_line' id='line_1_65' title="bbox 1716 1320 2850 1390; baseline 0.007 -21"><span class='ocrx_word' id='word_1_407' title='bbox 1716 1321 1804 1369; x_wconf 79' lang='lat' dir='ltr'>aut</span> <span class='ocrx_word' id='word_1_408' title='bbox 1831 1321 1980 1370; x_wconf 89' lang='lat' dir='ltr'>etiam</span> <span class='ocrx_word' id='word_1_409' title='bbox 2004 1320 2232 1386; x_wconf 72' lang='lat' dir='ltr'>vulpibus</span> <span class='ocrx_word' id='word_1_410' title='bbox 2261 1323 2634 1390; x_wconf 86' lang='lat' dir='ltr'>pernicibusque</span> <span class='ocrx_word' id='word_1_411' title='bbox 2657 1326 2822 1390; x_wconf 86' lang='lat' dir='ltr'>pardis</span> <span class='ocrx_word' id='word_1_412' title='bbox 2835 1362 2850 1388; x_wconf 86' lang='lat'>,</span> 
     </span>
     <span class='ocr_line' id='line_1_66' title="bbox 1717 1409 2953 1479; baseline 0.007 -22"><span class='ocrx_word' id='word_1_413' title='bbox 1717 1409 1803 1459; x_wconf 86' lang='lat' dir='ltr'>aut</span> <span class='ocrx_word' id='word_1_414' title='bbox 1824 1409 1908 1474; x_wconf 89' lang='lat' dir='ltr'>qui</span> <span class='ocrx_word' id='word_1_415' title='bbox 1932 1410 2174 1462; x_wconf 73' lang='lat' dir='ltr'>frumento</span> <span class='ocrx_word' id='word_1_416' title='bbox 2195 1411 2490 1463; x_wconf 77' lang='lat' dir='ltr'>similliumm</span> <span class='ocrx_word' id='word_1_417' title='bbox 2513 1414 2722 1478; x_wconf 85' lang='lat' dir='ltr'>speciem</span> <span class='ocrx_word' id='word_1_418' title='bbox 2745 1415 2926 1466; x_wconf 88' lang='lat' dir='ltr'>babent</span> <span class='ocrx_word' id='word_1_419' title='bbox 2937 1452 2953 1479; x_wconf 88' lang='lat'>,</span> 
     </span>
     <span class='ocr_line' id='line_1_67' title="bbox 1718 1496 3145 1567; baseline 0.006 -21"><span class='ocrx_word' id='word_1_420' title='bbox 1718 1496 2078 1561; x_wconf 84' lang='lat' dir='ltr'>triticicolores;</span> <span class='ocrx_word' id='word_1_421' title='bbox 2105 1500 2245 1551; x_wconf 80' lang='lat' dir='ltr'>valde</span> <span class='ocrx_word' id='word_1_422' title='bbox 2269 1501 2399 1552; x_wconf 90' lang='lat' dir='ltr'>enim</span> <span class='ocrx_word' id='word_1_423' title='bbox 2422 1507 2472 1553; x_wconf 89' lang='lat' dir='ltr'>et</span> <span class='ocrx_word' id='word_1_424' title='bbox 2493 1503 2708 1567; x_wconf 80' lang='lat' dir='ltr'>expediti</span> <span class='ocrx_word' id='word_1_425' title='bbox 2728 1508 2780 1554; x_wconf 90' lang='lat' dir='ltr'>et</span> <span class='ocrx_word' id='word_1_426' title='bbox 2801 1503 2982 1555; x_wconf 87' lang='lat' dir='ltr'>strenui</span> <span class='ocrx_word' id='word_1_427' title='bbox 3015 1507 3145 1556; x_wconf 84' lang='lat' dir='ltr'>sunt.</span> 
     </span>
     <span class='ocr_line' id='line_1_68' title="bbox 1721 1585 3055 1656; baseline 0.006 -21"><span class='ocrx_word' id='word_1_428' title='bbox 1721 1585 1865 1644; x_wconf 87' lang='lat' dir='ltr'>Quod</span> <span class='ocrx_word' id='word_1_429' title='bbox 1893 1587 1935 1637; x_wconf 88' lang='lat' dir='ltr'>si</span> <span class='ocrx_word' id='word_1_430' title='bbox 1961 1587 2052 1638; x_wconf 85' lang='lat' dir='ltr'>tibi</span> <span class='ocrx_word' id='word_1_431' title='bbox 2077 1589 2249 1640; x_wconf 86' lang='lat' dir='ltr'>sollers</span> <span class='ocrx_word' id='word_1_432' title='bbox 2267 1589 2780 1643; x_wconf 85' lang='lat' dir='ltr'>educatio-catulorum</span> <span class='ocrx_word' id='word_1_433' title='bbox 2804 1594 3055 1656; x_wconf 73' lang='lat' dir='ltr'>curm-est,</span> 
     </span>
     <span class='ocr_line' id='line_1_69' title="bbox 1722 1676 3152 1742; baseline 0.006 -18"><span class='ocrx_word' id='word_1_434' title='bbox 1722 1688 2016 1738; x_wconf 63' lang='lat' dir='ltr'>neutiquam</span> <span class='ocrx_word' id='word_1_435' title='bbox 2037 1676 2467 1742; x_wconf 84' lang='lat' dir='ltr'>lac-sugere-sinito</span> <span class='ocrx_word' id='word_1_436' title='bbox 2487 1681 2674 1731; x_wconf 73' lang='lat' dir='ltr'>caunos</span> <span class='ocrx_word' id='word_1_437' title='bbox 2693 1681 2922 1732; x_wconf 81' lang='lat' dir='ltr'>e·recenti</span> <span class='ocrx_word' id='word_1_438' title='bbox 2944 1695 3152 1732; x_wconf 85' lang='lat' dir='ltr'>mamma</span> 
     </span>
     <span class='ocr_line' id='line_1_70' title="bbox 1722 1767 3078 1834; baseline 0.006 -22"><span class='ocrx_word' id='word_1_439' title='bbox 1722 1776 1975 1828; x_wconf 86' lang='lat' dir='ltr'>caprarum</span> <span class='ocrx_word' id='word_1_440' title='bbox 1998 1767 2084 1817; x_wconf 87' lang='lat' dir='ltr'>aut</span> <span class='ocrx_word' id='word_1_441' title='bbox 2103 1767 2270 1818; x_wconf 84' lang='lat' dir='ltr'>ovium</span> <span class='ocrx_word' id='word_1_442' title='bbox 2283 1806 2298 1832; x_wconf 86' lang='lat'>,</span> <span class='ocrx_word' id='word_1_443' title='bbox 2323 1781 2480 1834; x_wconf 87' lang='lat' dir='ltr'>neque</span> <span class='ocrx_word' id='word_1_444' title='bbox 2501 1769 2828 1820; x_wconf 62' lang='lat' dir='ltr'>edomesticis</span> <span class='ocrx_word' id='word_1_445' title='bbox 2849 1769 3050 1820; x_wconf 87' lang='lat' dir='ltr'>canibus</span> <span class='ocrx_word' id='word_1_446' title='bbox 3062 1804 3078 1831; x_wconf 89' lang='lat'>,</span> 
     </span>
     <span class='ocr_line' id='line_1_71' title="bbox 1724 1853 3121 1922; baseline 0.004 -19"><span class='ocrx_word' id='word_1_447' title='bbox 1724 1853 1964 1918; x_wconf 87' lang='lat' dir='ltr'>(namque</span> <span class='ocrx_word' id='word_1_448' title='bbox 1991 1870 2106 1907; x_wconf 87' lang='lat' dir='ltr'>sane</span> <span class='ocrx_word' id='word_1_449' title='bbox 2129 1871 2300 1921; x_wconf 84' lang='lat' dir='ltr'>segnes</span> <span class='ocrx_word' id='word_1_450' title='bbox 2327 1859 2376 1908; x_wconf 84' lang='lat' dir='ltr'>et</span> <span class='ocrx_word' id='word_1_451' title='bbox 2397 1857 2578 1910; x_wconf 86' lang='lat' dir='ltr'>inertes</span> <span class='ocrx_word' id='word_1_452' title='bbox 2599 1858 3121 1922; x_wconf 78' lang='lat' dir='ltr'>ac·tardi-evaderent),</span> 
     </span>
     <span class='ocr_line' id='line_1_72' title="bbox 1724 1945 3144 2010; baseline 0.007 -20"><span class='ocrx_word' id='word_1_453' title='bbox 1724 1954 1894 1992; x_wconf 78' lang='lat' dir='ltr'>verum</span> <span class='ocrx_word' id='word_1_454' title='bbox 1913 1957 2165 1994; x_wconf 84' lang='lat' dir='ltr'>cervarum</span> <span class='ocrx_word' id='word_1_455' title='bbox 2189 1949 2272 1996; x_wconf 89' lang='lat' dir='ltr'>aut</span> <span class='ocrx_word' id='word_1_456' title='bbox 2293 1945 2416 1997; x_wconf 78' lang='lat' dir='ltr'>forte</span> <span class='ocrx_word' id='word_1_457' title='bbox 2439 1947 2585 1998; x_wconf 90' lang='lat' dir='ltr'>ubere</span> <span class='ocrx_word' id='word_1_458' title='bbox 2608 1948 2784 1998; x_wconf 83' lang='lat' dir='ltr'>cicuris</span> <span class='ocrx_word' id='word_1_459' title='bbox 2805 1947 2995 2010; x_wconf 66' lang='lat' dir='ltr'>koenae,</span> <span class='ocrx_word' id='word_1_460' title='bbox 3140 1954 3144 1958; x_wconf 83' lang='lat'>&#39;</span> 
     </span>
     <span class='ocr_line' id='line_1_73' title="bbox 1725 2033 2684 2100; baseline 0.006 -19"><span class='ocrx_word' id='word_1_461' title='bbox 1725 2033 1812 2082; x_wconf 87' lang='lat' dir='ltr'>aut</span> <span class='ocrx_word' id='word_1_462' title='bbox 1831 2045 2110 2096; x_wconf 85' lang='lat' dir='ltr'>caprearum</span> <span class='ocrx_word' id='word_1_463' title='bbox 2132 2039 2216 2085; x_wconf 86' lang='lat' dir='ltr'>aut</span> <span class='ocrx_word' id='word_1_464' title='bbox 2234 2036 2502 2100; x_wconf 56' lang='lat' dir='ltr'>noctivagas</span> <span class='ocrx_word' id='word_1_465' title='bbox 2523 2036 2684 2100; x_wconf 75' lang='lat' dir='ltr'>lupae3</span> 
     </span>
     <span class='ocr_line' id='line_1_74' title="bbox 1726 2120 3116 2187; baseline 0.005 -18"><span class='ocrx_word' id='word_1_466' title='bbox 1726 2120 1797 2170; x_wconf 86' lang='lat' dir='ltr'>ita</span> <span class='ocrx_word' id='word_1_467' title='bbox 1816 2121 1947 2172; x_wconf 90' lang='lat' dir='ltr'>enim</span> <span class='ocrx_word' id='word_1_468' title='bbox 1975 2122 2296 2186; x_wconf 72' lang='lat' dir='ltr'>robustosque</span> <span class='ocrx_word' id='word_1_469' title='bbox 2317 2125 2368 2174; x_wconf 84' lang='lat' dir='ltr'>et</span> <span class='ocrx_word' id='word_1_470' title='bbox 2389 2123 2569 2175; x_wconf 77' lang='lat' dir='ltr'>celeres</span> <span class='ocrx_word' id='word_1_471' title='bbox 2586 2123 2850 2175; x_wconf 79' lang='lat' dir='ltr'>admodum</span> <span class='ocrx_word' id='word_1_472' title='bbox 2869 2123 3116 2187; x_wconf 74' lang='lat' dir='ltr'>effeceris,</span> 
     </span>
     <span class='ocr_line' id='line_1_75' title="bbox 1728 2209 2616 2274; baseline 0.007 -16"><span class='ocrx_word' id='word_1_473' title='bbox 1728 2209 1912 2260; x_wconf 86' lang='lat' dir='ltr'>similes</span> <span class='ocrx_word' id='word_1_474' title='bbox 1933 2210 2052 2274; x_wconf 85' lang='lat' dir='ltr'>ipsis</span> <span class='ocrx_word' id='word_1_475' title='bbox 2072 2210 2300 2262; x_wconf 75' lang='lat' dir='ltr'>laetiferis</span> <span class='ocrx_word' id='word_1_476' title='bbox 2326 2213 2616 2264; x_wconf 81' lang='lat' dir='ltr'>nutricibus.</span> 
     </span>
    </p>

    <p class='ocr_par' dir='ltr' id='par_1_13' title="bbox 1727 2298 3310 2900">
     <span class='ocr_line' id='line_1_76' title="bbox 1790 2298 2697 2362; baseline 0.004 -14"><span class='ocrx_word' id='word_1_477' title='bbox 1790 2299 2036 2348; x_wconf 78' lang='lat' dir='ltr'>caeterum</span> <span class='ocrx_word' id='word_1_478' title='bbox 2058 2298 2274 2362; x_wconf 81' lang='lat' dir='ltr'>parvulis</span> <span class='ocrx_word' id='word_1_479' title='bbox 2307 2300 2504 2350; x_wconf 81' lang='lat' dir='ltr'>nomina</span> <span class='ocrx_word' id='word_1_480' title='bbox 2523 2301 2697 2352; x_wconf 80' lang='lat' dir='ltr'>catulis</span> 
     </span>
     <span class='ocr_line' id='line_1_77' title="bbox 1727 2385 3310 2457; baseline 0.006 -21"><span class='ocrx_word' id='word_1_481' title='bbox 1727 2385 1898 2436; x_wconf 80' lang='lat' dir='ltr'>brevia</span> <span class='ocrx_word' id='word_1_482' title='bbox 1933 2386 2048 2438; x_wconf 88' lang='lat' dir='ltr'>inde</span> <span class='ocrx_word' id='word_1_483' title='bbox 2065 2423 2082 2449; x_wconf 89' lang='lat'>‚</span> <span class='ocrx_word' id='word_1_484' title='bbox 2117 2385 2344 2452; x_wconf 81' lang='lat' dir='ltr'>expedita</span> <span class='ocrx_word' id='word_1_485' title='bbox 2372 2389 2568 2452; x_wconf 82' lang='lat' dir='ltr'>omnia,</span> <span class='ocrx_word' id='word_1_486' title='bbox 2605 2391 2822 2442; x_wconf 78' lang='lat' dir='ltr'>velocem</span> <span class='ocrx_word' id='word_1_487' title='bbox 2857 2393 2916 2442; x_wconf 86' lang='lat' dir='ltr'>ut</span> <span class='ocrx_word' id='word_1_488' title='bbox 2948 2391 3310 2457; x_wconf 79' lang='lat' dir='ltr'>appellationem</span> 
     </span>
     <span class='ocr_line' id='line_1_78' title="bbox 1729 2473 3034 2540; baseline 0.005 -14"><span class='ocrx_word' id='word_1_489' title='bbox 1729 2473 2035 2538; x_wconf 60' lang='lat' dir='ltr'>exaudiant]</span> <span class='ocrx_word' id='word_1_490' title='bbox 2056 2475 2205 2540; x_wconf 80' lang='lat' dir='ltr'>Equis</span> <span class='ocrx_word' id='word_1_491' title='bbox 2235 2489 2379 2540; x_wconf 83' lang='lat' dir='ltr'>porro</span> <span class='ocrx_word' id='word_1_492' title='bbox 2403 2473 2579 2530; x_wconf 79' lang='lat' dir='ltr'>validis</span> <span class='ocrx_word' id='word_1_493' title='bbox 2599 2481 2780 2531; x_wconf 84' lang='lat' dir='ltr'>assueti</span> <span class='ocrx_word' id='word_1_494' title='bbox 2803 2481 3034 2532; x_wconf 79' lang='lat' dir='ltr'>venaticis</span> 
     </span>
     <span class='ocr_line' id='line_1_79' title="bbox 1730 2561 2951 2632; baseline 0.007 -20"><span class='ocrx_word' id='word_1_495' title='bbox 1730 2561 1893 2614; x_wconf 87' lang='lat' dir='ltr'>inde-a</span> <span class='ocrx_word' id='word_1_496' title='bbox 1916 2564 2093 2615; x_wconf 82' lang='lat' dir='ltr'>teneris</span> <span class='ocrx_word' id='word_1_497' title='bbox 2118 2569 2292 2628; x_wconf 89' lang='lat' dir='ltr'>sunto,</span> <span class='ocrx_word' id='word_1_498' title='bbox 2321 2565 2696 2632; x_wconf 71' lang='lat' dir='ltr'>hominibusque</span> <span class='ocrx_word' id='word_1_499' title='bbox 2725 2569 2951 2620; x_wconf 89' lang='lat' dir='ltr'>omnibus</span> 
     </span>
     <span class='ocr_line' id='line_1_80' title="bbox 1732 2651 2988 2718; baseline 0.007 -17"><span class='ocrx_word' id='word_1_500' title='bbox 1732 2651 1987 2702; x_wconf 73' lang='lat' dir='ltr'>familiares</span> <span class='ocrx_word' id='word_1_501' title='bbox 2004 2653 2272 2718; x_wconf 73' lang='lat' dir='ltr'>amicique,</span> <span class='ocrx_word' id='word_1_502' title='bbox 2301 2656 2418 2708; x_wconf 86' lang='lat' dir='ltr'>solis</span> <span class='ocrx_word' id='word_1_503' title='bbox 2442 2661 2610 2709; x_wconf 81' lang='lat' dir='ltr'>autem</span> <span class='ocrx_word' id='word_1_504' title='bbox 2639 2657 2752 2710; x_wconf 74' lang='lat' dir='ltr'>ieris</span> <span class='ocrx_word' id='word_1_505' title='bbox 2789 2658 2988 2710; x_wconf 85' lang='lat' dir='ltr'>inimici.</span> 
     </span>
     <span class='ocr_line' id='line_1_81' title="bbox 1731 2741 2968 2810; baseline 0.006 -18"><span class='ocrx_word' id='word_1_506' title='bbox 1731 2743 1865 2792; x_wconf 81' lang='lat' dir='ltr'>Neve</span> <span class='ocrx_word' id='word_1_507' title='bbox 1893 2741 2066 2794; x_wconf 84' lang='lat' dir='ltr'>latrare</span> <span class='ocrx_word' id='word_1_508' title='bbox 2092 2743 2267 2808; x_wconf 83' lang='lat' dir='ltr'>velint,</span> <span class='ocrx_word' id='word_1_509' title='bbox 2294 2745 2410 2810; x_wconf 88' lang='lat' dir='ltr'>quia</span> <span class='ocrx_word' id='word_1_510' title='bbox 2436 2745 2579 2798; x_wconf 78' lang='lat' dir='ltr'>vaide</span> <span class='ocrx_word' id='word_1_511' title='bbox 2604 2748 2920 2798; x_wconf 76' lang='lat' dir='ltr'>venatoribus</span> <span class='ocrx_word' id='word_1_512' title='bbox 2962 2779 2968 2786; x_wconf 92' lang='lat'>-</span> 
     </span>
     <span class='ocr_line' id='line_1_82' title="bbox 1731 2829 3310 2900; baseline 0.004 -19"><span class='ocrx_word' id='word_1_513' title='bbox 1731 2829 1978 2882; x_wconf 85' lang='lat' dir='ltr'>silentium</span> <span class='ocrx_word' id='word_1_514' title='bbox 2006 2833 2297 2884; x_wconf 85' lang='lat' dir='ltr'>conveniens</span> <span class='ocrx_word' id='word_1_515' title='bbox 2327 2838 2429 2897; x_wconf 84' lang='lat' dir='ltr'>est,</span> <span class='ocrx_word' id='word_1_516' title='bbox 2461 2835 2699 2900; x_wconf 82' lang='lat' dir='ltr'>imprimis</span> <span class='ocrx_word' id='word_1_517' title='bbox 2729 2839 2894 2888; x_wconf 88' lang='lat' dir='ltr'>autem</span> <span class='ocrx_word' id='word_1_518' title='bbox 2921 2836 3310 2900; x_wconf 74' lang='lat' dir='ltr'>vestigatoribus.</span> 
     </span>
    </p>

    <p class='ocr_par' dir='ltr' id='par_1_14' title="bbox 1733 2924 3317 3784">
     <span class='ocr_line' id='line_1_83' title="bbox 1798 2924 3078 2991; baseline 0.004 -19"><span class='ocrx_word' id='word_1_519' title='bbox 1798 2924 2163 2987; x_wconf 84' lang='lat' dir='ltr'>Species·porro</span> <span class='ocrx_word' id='word_1_520' title='bbox 2185 2924 2516 2988; x_wconf 75' lang='lat' dir='ltr'>vestigationis</span> <span class='ocrx_word' id='word_1_521' title='bbox 2541 2925 2765 2977; x_wconf 76' lang='lat' dir='ltr'>obscum</span> <span class='ocrx_word' id='word_1_522' title='bbox 2793 2931 2908 2977; x_wconf 89' lang='lat' dir='ltr'>sunt</span> <span class='ocrx_word' id='word_1_523' title='bbox 2937 2926 3078 2991; x_wconf 69' lang='lat' dir='ltr'>dum,</span> 
     </span>
     <span class='ocr_line' id='line_1_84' title="bbox 1734 3010 3042 3076; baseline 0.005 -16"><span class='ocrx_word' id='word_1_524' title='bbox 1734 3010 1953 3061; x_wconf 82' lang='lat' dir='ltr'>virorum</span> <span class='ocrx_word' id='word_1_525' title='bbox 1982 3011 2034 3060; x_wconf 84' lang='lat' dir='ltr'>et</span> <span class='ocrx_word' id='word_1_526' title='bbox 2061 3022 2266 3072; x_wconf 86' lang='lat' dir='ltr'>canum;</span> <span class='ocrx_word' id='word_1_527' title='bbox 2297 3014 2348 3061; x_wconf 87' lang='lat' dir='ltr'>et</span> <span class='ocrx_word' id='word_1_528' title='bbox 2379 3010 2601 3061; x_wconf 83' lang='lat' dir='ltr'>homines</span> <span class='ocrx_word' id='word_1_529' title='bbox 2627 3011 2825 3076; x_wconf 85' lang='lat' dir='ltr'>quidem</span> <span class='ocrx_word' id='word_1_530' title='bbox 2857 3014 3042 3066; x_wconf 75' lang='lat' dir='ltr'>versuti</span> 
     </span>
     <span class='ocr_line' id='line_1_85' title="bbox 1733 3099 2649 3163; baseline 0.002 -14"><span class='ocrx_word' id='word_1_531' title='bbox 1733 3099 1888 3150; x_wconf 84' lang='lat' dir='ltr'>oculis</span> <span class='ocrx_word' id='word_1_532' title='bbox 1916 3099 2126 3149; x_wconf 78' lang='lat' dir='ltr'>lustrant</span> <span class='ocrx_word' id='word_1_533' title='bbox 2149 3103 2200 3149; x_wconf 89' lang='lat' dir='ltr'>et</span> <span class='ocrx_word' id='word_1_534' title='bbox 2227 3099 2487 3150; x_wconf 82' lang='lat' dir='ltr'>observant</span> <span class='ocrx_word' id='word_1_535' title='bbox 2515 3100 2649 3163; x_wconf 83' lang='lat' dir='ltr'>vias,</span> 
     </span>
     <span class='ocr_line' id='line_1_86' title="bbox 1734 3187 3009 3255; baseline 0.003 -17"><span class='ocrx_word' id='word_1_536' title='bbox 1734 3187 1934 3238; x_wconf 82' lang='lat' dir='ltr'>naribus</span> <span class='ocrx_word' id='word_1_537' title='bbox 1958 3193 2120 3239; x_wconf 82' lang='lat' dir='ltr'>autem</span> <span class='ocrx_word' id='word_1_538' title='bbox 2143 3200 2289 3239; x_wconf 85' lang='lat' dir='ltr'>canes</span> <span class='ocrx_word' id='word_1_539' title='bbox 2313 3188 2718 3253; x_wconf 77' lang='lat' dir='ltr'>quaevis-vestigia</span> <span class='ocrx_word' id='word_1_540' title='bbox 2740 3190 3009 3255; x_wconf 81' lang='lat' dir='ltr'>designant.</span> 
     </span>
     <span class='ocr_line' id='line_1_87' title="bbox 1734 3276 3042 3346; baseline 0.005 -20"><span class='ocrx_word' id='word_1_541' title='bbox 1734 3279 1845 3327; x_wconf 83' lang='lat' dir='ltr'>Jam</span> <span class='ocrx_word' id='word_1_542' title='bbox 1867 3289 1984 3327; x_wconf 79' lang='lat' dir='ltr'>vero</span> <span class='ocrx_word' id='word_1_543' title='bbox 2005 3276 2286 3327; x_wconf 89' lang='lat' dir='ltr'>hominibus</span> <span class='ocrx_word' id='word_1_544' title='bbox 2309 3282 2385 3329; x_wconf 90' lang='lat' dir='ltr'>est</span> <span class='ocrx_word' id='word_1_545' title='bbox 2405 3282 2820 3343; x_wconf 81' lang='lat' dir='ltr'>peropportunum</span> <span class='ocrx_word' id='word_1_546' title='bbox 2849 3282 3042 3346; x_wconf 83' lang='lat' dir='ltr'>tempus</span> 
     </span>
     <span class='ocr_line' id='line_1_88' title="bbox 1736 3364 3162 3433; baseline 0.006 -19"><span class='ocrx_word' id='word_1_547' title='bbox 1736 3365 1992 3415; x_wconf 78' lang='lat' dir='ltr'>hibernum</span> <span class='ocrx_word' id='word_1_548' title='bbox 2005 3402 2020 3427; x_wconf 90' lang='lat'>,</span> <span class='ocrx_word' id='word_1_549' title='bbox 2048 3364 2376 3431; x_wconf 84' lang='lat' dir='ltr'>inceduntque</span> <span class='ocrx_word' id='word_1_550' title='bbox 2397 3366 2954 3420; x_wconf 87' lang='lat' dir='ltr'>minime-laborantibus</span> <span class='ocrx_word' id='word_1_551' title='bbox 2982 3370 3162 3433; x_wconf 72' lang='lat' dir='ltr'>omlis,</span> 
     </span>
     <span class='ocr_line' id='line_1_89' title="bbox 1736 3454 3316 3525; baseline 0.006 -23"><span class='ocrx_word' id='word_1_552' title='bbox 1736 3454 2144 3519; x_wconf 84' lang='lat' dir='ltr'>propterea-quod</span> <span class='ocrx_word' id='word_1_553' title='bbox 2174 3456 2226 3505; x_wconf 85' lang='lat' dir='ltr'>et</span> <span class='ocrx_word' id='word_1_554' title='bbox 2251 3455 2449 3507; x_wconf 84' lang='lat' dir='ltr'>nivibus</span> <span class='ocrx_word' id='word_1_555' title='bbox 2481 3456 2718 3522; x_wconf 84' lang='lat' dir='ltr'>impressa</span> <span class='ocrx_word' id='word_1_556' title='bbox 2752 3458 2915 3509; x_wconf 84' lang='lat' dir='ltr'>omnia</span> <span class='ocrx_word' id='word_1_557' title='bbox 2947 3458 3092 3511; x_wconf 85' lang='lat' dir='ltr'>simul</span> <span class='ocrx_word' id='word_1_558' title='bbox 3125 3461 3316 3525; x_wconf 85' lang='lat' dir='ltr'>conspi-</span> 
     </span>
     <span class='ocr_line' id='line_1_90' title="bbox 1737 3540 3317 3613; baseline 0.006 -23"><span class='ocrx_word' id='word_1_559' title='bbox 1737 3540 1972 3606; x_wconf 86' lang='lat' dir='ltr'>ciuntur,]</span> <span class='ocrx_word' id='word_1_560' title='bbox 1993 3544 2042 3592; x_wconf 85' lang='lat' dir='ltr'>et</span> <span class='ocrx_word' id='word_1_561' title='bbox 2071 3542 2245 3594; x_wconf 90' lang='lat' dir='ltr'>in-luto</span> <span class='ocrx_word' id='word_1_562' title='bbox 2273 3548 2474 3596; x_wconf 85' lang='lat' dir='ltr'>manent</span> <span class='ocrx_word' id='word_1_563' title='bbox 2492 3545 2742 3598; x_wconf 72' lang='lat' dir='ltr'>efformata</span> <span class='ocrx_word' id='word_1_564' title='bbox 2763 3547 2939 3599; x_wconf 82' lang='lat' dir='ltr'>similia</span> <span class='ocrx_word' id='word_1_565' title='bbox 2960 3547 3317 3613; x_wconf 73' lang='lat' dir='ltr'>pedis-planus.</span> 
     </span>
     <span class='ocr_line' id='line_1_91' title="bbox 1738 3630 3216 3700; baseline 0.005 -18"><span class='ocrx_word' id='word_1_566' title='bbox 1738 3630 1994 3682; x_wconf 80' lang='lat' dir='ltr'>Inimicum</span> <span class='ocrx_word' id='word_1_567' title='bbox 2007 3634 2171 3682; x_wconf 87' lang='lat' dir='ltr'>autem</span> <span class='ocrx_word' id='word_1_568' title='bbox 2190 3646 2277 3684; x_wconf 83' lang='lat' dir='ltr'>ver</span> <span class='ocrx_word' id='word_1_569' title='bbox 2289 3633 2518 3697; x_wconf 86' lang='lat' dir='ltr'>canibus,</span> <span class='ocrx_word' id='word_1_570' title='bbox 2534 3634 2622 3686; x_wconf 85' lang='lat' dir='ltr'>sed</span> <span class='ocrx_word' id='word_1_571' title='bbox 2633 3636 2820 3686; x_wconf 82' lang='lat' dir='ltr'>amicus</span> <span class='ocrx_word' id='word_1_572' title='bbox 2837 3641 2911 3688; x_wconf 85' lang='lat' dir='ltr'>est</span> <span class='ocrx_word' id='word_1_573' title='bbox 2925 3640 3216 3700; x_wconf 68' lang='lat' dir='ltr'>autumnum</span> 
     </span>
     <span class='ocr_line' id='line_1_92' title="bbox 1739 3720 2874 3784; baseline 0.005 -15"><span class='ocrx_word' id='word_1_574' title='bbox 1739 3733 1857 3771; x_wconf 77' lang='lat' dir='ltr'>vere</span> <span class='ocrx_word' id='word_1_575' title='bbox 1876 3722 2006 3771; x_wconf 90' lang='lat' dir='ltr'>enim</span> <span class='ocrx_word' id='word_1_576' title='bbox 2029 3720 2208 3784; x_wconf 86' lang='lat' dir='ltr'>plantis</span> <span class='ocrx_word' id='word_1_577' title='bbox 2230 3722 2414 3773; x_wconf 72' lang='lat' dir='ltr'>affatim</span> <span class='ocrx_word' id='word_1_578' title='bbox 2435 3721 2692 3774; x_wconf 85' lang='lat' dir='ltr'>herbidum</span> <span class='ocrx_word' id='word_1_579' title='bbox 2715 3725 2874 3775; x_wconf 89' lang='lat' dir='ltr'>solum</span> 
     </span>
    </p>
   </div>
   <div class='ocr_carea' id='block_1_4' title="bbox 1616 3796 3254 3879">
    <p class='ocr_par' dir='ltr' id='par_1_15' title="bbox 1616 3796 3254 3879">
     <span class='ocr_line' id='line_1_93' title="bbox 1616 3796 3254 3879; baseline 0.005 -21"><span class='ocrx_word' id='word_1_580' title='bbox 1616 3796 1632 3807; x_wconf 64' lang='lat'><strong>⁹</strong></span> <span class='ocrx_word' id='word_1_581' title='bbox 1738 3808 2037 3874; x_wconf 83' lang='lat' dir='ltr'>floribusque</span> <span class='ocrx_word' id='word_1_582' title='bbox 2053 3810 2281 3861; x_wconf 81' lang='lat' dir='ltr'>refertum</span> <span class='ocrx_word' id='word_1_583' title='bbox 2299 3814 2374 3862; x_wconf 87' lang='lat' dir='ltr'>est</span> <span class='ocrx_word' id='word_1_584' title='bbox 2392 3811 2630 3875; x_wconf 74' lang='lat' dir='ltr'>fragrans,</span> <span class='ocrx_word' id='word_1_585' title='bbox 2651 3812 2868 3877; x_wconf 88' lang='lat' dir='ltr'>undique</span> <span class='ocrx_word' id='word_1_586' title='bbox 2888 3817 3053 3865; x_wconf 87' lang='lat' dir='ltr'>autem</span> <span class='ocrx_word' id='word_1_587' title='bbox 3073 3814 3254 3879; x_wconf 84' lang='lat' dir='ltr'>passim</span> 
     </span>
    </p>
   </div>
   <div class='ocr_carea' id='block_1_5' title="bbox 1740 3897 2943 4051">
    <p class='ocr_par' dir='ltr' id='par_1_16' title="bbox 1740 3897 2943 4051">
     <span class='ocr_line' id='line_1_94' title="bbox 1740 3897 2943 3965; baseline 0.005 -18"><span class='ocrx_word' id='word_1_588' title='bbox 1740 3897 1952 3949; x_wconf 81' lang='lat' dir='ltr'>formosa</span> <span class='ocrx_word' id='word_1_589' title='bbox 1973 3903 2110 3961; x_wconf 86' lang='lat' dir='ltr'>prata</span> <span class='ocrx_word' id='word_1_590' title='bbox 2131 3899 2539 3963; x_wconf 84' lang='lat' dir='ltr'>absque-aratione</span> <span class='ocrx_word' id='word_1_591' title='bbox 2561 3907 2943 3965; x_wconf 80' lang='lat' dir='ltr'>purpurascunt,</span> 
     </span>
     <span class='ocr_line' id='line_1_95' title="bbox 1741 3982 2885 4051; baseline 0.002 -13"><span class='ocrx_word' id='word_1_592' title='bbox 1741 3993 1792 4038; x_wconf 88' lang='lat' dir='ltr'>et</span> <span class='ocrx_word' id='word_1_593' title='bbox 1810 3999 2006 4037; x_wconf 86' lang='lat' dir='ltr'>omnem</span> <span class='ocrx_word' id='word_1_594' title='bbox 2029 3988 2388 4050; x_wconf 73' lang='lat' dir='ltr'>indagatoribus</span> <span class='ocrx_word' id='word_1_595' title='bbox 2410 3982 2663 4051; x_wconf 75' lang='lat' dir='ltr'>sagacibus</span> <span class='ocrx_word' id='word_1_596' title='bbox 2683 3986 2885 4041; x_wconf 78' lang='lat' dir='ltr'>canibus</span> 
     </span>
    </p>
   </div>
   <div class='ocr_carea' id='block_1_6' title="bbox 1662 4074 3164 4235">
    <p class='ocr_par' dir='ltr' id='par_1_17' title="bbox 1662 4074 3164 4235">
     <span class='ocr_line' id='line_1_96' title="bbox 1662 4074 2584 4139; baseline 0 -13"><span class='ocrx_word' id='word_1_597' title='bbox 1662 4080 1669 4091; x_wconf 90' lang='grc'><em>“</em></span> <span class='ocrx_word' id='word_1_598' title='bbox 1742 4076 1942 4127; x_wconf 85' lang='lat' dir='ltr'>odorem</span> <span class='ocrx_word' id='word_1_599' title='bbox 1967 4076 2199 4127; x_wconf 85' lang='lat' dir='ltr'>nuncium</span> <span class='ocrx_word' id='word_1_600' title='bbox 2223 4074 2417 4126; x_wconf 83' lang='lat' dir='ltr'>abolent</span> <span class='ocrx_word' id='word_1_601' title='bbox 2437 4088 2584 4139; x_wconf 62' lang='grc' dir='ltr'>ιιι-νος</span> 
     </span>
     <span class='ocr_line' id='line_1_97' title="bbox 1720 4160 3164 4235; baseline 0.003 -21"><span class='ocrx_word' id='word_1_602' title='bbox 1720 4177 1916 4215; x_wconf 75' lang='lat' dir='ltr'>,verum</span> <span class='ocrx_word' id='word_1_603' title='bbox 1938 4163 2167 4227; x_wconf 76' lang='lat' dir='ltr'>frugifero</span> <span class='ocrx_word' id='word_1_604' title='bbox 2187 4166 2239 4213; x_wconf 87' lang='lat' dir='ltr'>et</span> <span class='ocrx_word' id='word_1_605' title='bbox 2260 4160 2910 4235; x_wconf 68' lang='lat' dir='ltr'>dulcibus-uvis-abundante</span> <span class='ocrx_word' id='word_1_606' title='bbox 2929 4166 3164 4219; x_wconf 84' lang='lat' dir='ltr'>autumno</span> 
     </span>
    </p>
   </div>
   <div class='ocr_carea' id='block_1_7' title="bbox 1744 4252 2819 4395">
    <p class='ocr_par' dir='ltr' id='par_1_18' title="bbox 1744 4252 2819 4395">
     <span class='ocr_line' id='line_1_98' title="bbox 1744 4252 2716 4317; baseline 0.002 -14"><span class='ocrx_word' id='word_1_607' title='bbox 1744 4254 1909 4304; x_wconf 76' lang='lat' dir='ltr'>berboe</span> <span class='ocrx_word' id='word_1_608' title='bbox 1929 4258 1978 4303; x_wconf 83' lang='lat' dir='ltr'>et</span> <span class='ocrx_word' id='word_1_609' title='bbox 1999 4252 2178 4316; x_wconf 70' lang='lat' dir='ltr'>plantis</span> <span class='ocrx_word' id='word_1_610' title='bbox 2200 4255 2250 4302; x_wconf 87' lang='lat' dir='ltr'>et</span> <span class='ocrx_word' id='word_1_611' title='bbox 2271 4252 2411 4302; x_wconf 84' lang='lat' dir='ltr'>tiores</span> <span class='ocrx_word' id='word_1_612' title='bbox 2431 4259 2716 4317; x_wconf 82' lang='lat' dir='ltr'>senescunt,</span> 
     </span>
     <span class='ocr_line' id='line_1_99' title="bbox 1744 4340 2819 4395; baseline 0.001 -4"><span class='ocrx_word' id='word_1_613' title='bbox 1744 4340 1909 4391; x_wconf 89' lang='lat' dir='ltr'>nudus</span> <span class='ocrx_word' id='word_1_614' title='bbox 1931 4354 2047 4391; x_wconf 80' lang='lat' dir='ltr'>vero</span> <span class='ocrx_word' id='word_1_615' title='bbox 2069 4340 2272 4391; x_wconf 84' lang='lat' dir='ltr'>canibus</span> <span class='ocrx_word' id='word_1_616' title='bbox 2293 4343 2459 4391; x_wconf 87' lang='lat' dir='ltr'>manet</span> <span class='ocrx_word' id='word_1_617' title='bbox 2479 4340 2660 4392; x_wconf 78' lang='lat' dir='ltr'>ferinus</span> <span class='ocrx_word' id='word_1_618' title='bbox 2682 4342 2819 4395; x_wconf 87' lang='lat' dir='ltr'>odor.</span> 
     </span>
    </p>
   </div>
   <div class='ocr_carea' id='block_1_8' title="bbox 1745 4428 3313 5198">
    <p class='ocr_par' dir='ltr' id='par_1_19' title="bbox 1745 4428 3313 5198">
     <span class='ocr_line' id='line_1_100' title="bbox 1806 4428 3313 4497; baseline 0.001 -17"><span class='ocrx_word' id='word_1_619' title='bbox 1806 4431 1899 4480; x_wconf 83' lang='lat' dir='ltr'>Est</span> <span class='ocrx_word' id='word_1_620' title='bbox 1911 4442 2052 4493; x_wconf 88' lang='lat' dir='ltr'>porro</span> <span class='ocrx_word' id='word_1_621' title='bbox 2064 4428 2309 4493; x_wconf 84' lang='lat' dir='ltr'>quoddam</span> <span class='ocrx_word' id='word_1_622' title='bbox 2321 4442 2498 4479; x_wconf 88' lang='lat' dir='ltr'>canum</span> <span class='ocrx_word' id='word_1_623' title='bbox 2511 4436 2664 4493; x_wconf 83' lang='lat' dir='ltr'>genus</span> <span class='ocrx_word' id='word_1_624' title='bbox 2677 4430 2934 4481; x_wconf 83' lang='lat' dir='ltr'>robustum</span> <span class='ocrx_word' id='word_1_625' title='bbox 2947 4432 3313 4497; x_wconf 77' lang='lat' dir='ltr'>vestigatorum,</span> 
     </span>
     <span class='ocr_line' id='line_1_101' title="bbox 1745 4517 3141 4583; baseline 0.002 -15"><span class='ocrx_word' id='word_1_626' title='bbox 1745 4532 1980 4583; x_wconf 81' lang='lat' dir='ltr'>parvum,</span> <span class='ocrx_word' id='word_1_627' title='bbox 2003 4523 2164 4568; x_wconf 88' lang='lat' dir='ltr'>tamen</span> <span class='ocrx_word' id='word_1_628' title='bbox 2187 4530 2361 4581; x_wconf 84' lang='lat' dir='ltr'>magna</span> <span class='ocrx_word' id='word_1_629' title='bbox 2381 4517 2582 4581; x_wconf 88' lang='lat' dir='ltr'>dignum</span> <span class='ocrx_word' id='word_1_630' title='bbox 2603 4518 2746 4569; x_wconf 85' lang='lat' dir='ltr'>nobis</span> <span class='ocrx_word' id='word_1_631' title='bbox 2767 4518 3141 4582; x_wconf 66' lang='grc' dir='ltr'>Ρωᾶὶοειὶοηος</span> 
     </span>
     <span class='ocr_line' id='line_1_102' title="bbox 1748 4606 3273 4671; baseline 0 -14"><span class='ocrx_word' id='word_1_632' title='bbox 1748 4621 1871 4671; x_wconf 88' lang='lat' dir='ltr'>quos</span> <span class='ocrx_word' id='word_1_633' title='bbox 1893 4606 2159 4657; x_wconf 85' lang='lat' dir='ltr'>educarunt</span> <span class='ocrx_word' id='word_1_634' title='bbox 2181 4606 2293 4657; x_wconf 76' lang='lat' dir='ltr'>ierae</span> <span class='ocrx_word' id='word_1_635' title='bbox 2314 4608 2482 4669; x_wconf 78' lang='lat' dir='ltr'>gentes</span> <span class='ocrx_word' id='word_1_636' title='bbox 2497 4606 2836 4657; x_wconf 85' lang='lat' dir='ltr'>Britannorum</span> <span class='ocrx_word' id='word_1_637' title='bbox 2860 4608 3273 4671; x_wconf 72' lang='lat' dir='ltr'>terga-pictoruiri5</span> 
     </span>
     <span class='ocr_line' id='line_1_103' title="bbox 1748 4694 2834 4759; baseline 0 -14"><span class='ocrx_word' id='word_1_638' title='bbox 1748 4697 1800 4745; x_wconf 87' lang='lat' dir='ltr'>at</span> <span class='ocrx_word' id='word_1_639' title='bbox 1819 4696 2137 4757; x_wconf 82' lang='lat' dir='ltr'>cognomento</span> <span class='ocrx_word' id='word_1_640' title='bbox 2158 4695 2288 4759; x_wconf 86' lang='lat' dir='ltr'>ipsos</span> <span class='ocrx_word' id='word_1_641' title='bbox 2308 4700 2559 4757; x_wconf 76' lang='lat' dir='ltr'>Agassaeos</span> <span class='ocrx_word' id='word_1_642' title='bbox 2577 4694 2834 4758; x_wconf 71' lang='lat' dir='ltr'>appellant-</span> 
     </span>
     <span class='ocr_line' id='line_1_104' title="bbox 1749 4781 3015 4847; baseline 0 -14"><span class='ocrx_word' id='word_1_643' title='bbox 1749 4786 1968 4842; x_wconf 88' lang='lat' dir='ltr'>Quorum</span> <span class='ocrx_word' id='word_1_644' title='bbox 1989 4781 2186 4847; x_wconf 87' lang='lat' dir='ltr'>quidem</span> <span class='ocrx_word' id='word_1_645' title='bbox 2208 4782 2490 4845; x_wconf 83' lang='lat' dir='ltr'>magnitudo</span> <span class='ocrx_word' id='word_1_646' title='bbox 2512 4782 2712 4846; x_wconf 82' lang='lat' dir='ltr'>oequalis</span> <span class='ocrx_word' id='word_1_647' title='bbox 2732 4785 2810 4835; x_wconf 80' lang='lat' dir='ltr'>est</span> <span class='ocrx_word' id='word_1_648' title='bbox 2829 4784 3015 4846; x_wconf 80' lang='lat' dir='ltr'>exiguis</span> 
     </span>
     <span class='ocr_line' id='line_1_105' title="bbox 1751 4870 3080 4935; baseline 0 -14"><span class='ocrx_word' id='word_1_649' title='bbox 1751 4871 2078 4935; x_wconf 85' lang='lat' dir='ltr'>liguritoribus</span> <span class='ocrx_word' id='word_1_650' title='bbox 2101 4870 2404 4933; x_wconf 85' lang='lat' dir='ltr'>domesticis,</span> <span class='ocrx_word' id='word_1_651' title='bbox 2429 4870 2841 4922; x_wconf 65' lang='lat' dir='ltr'>meum-assuetis</span> <span class='ocrx_word' id='word_1_652' title='bbox 2863 4870 3080 4929; x_wconf 82' lang='lat' dir='ltr'>canibus.</span> 
     </span>
     <span class='ocr_line' id='line_1_106' title="bbox 1750 4957 3279 5027; baseline 0.001 -17"><span class='ocrx_word' id='word_1_653' title='bbox 1750 4973 1955 5010; x_wconf 74' lang='lat' dir='ltr'>curvum</span> <span class='ocrx_word' id='word_1_654' title='bbox 1987 4972 2175 5023; x_wconf 66' lang='lat' dir='ltr'>oenus,</span> <span class='ocrx_word' id='word_1_655' title='bbox 2200 4959 2507 5009; x_wconf 84' lang='lat' dir='ltr'>macilentum</span> <span class='ocrx_word' id='word_1_656' title='bbox 2525 4997 2540 5022; x_wconf 89' lang='lat'>,</span> <span class='ocrx_word' id='word_1_657' title='bbox 2583 4957 2826 5022; x_wconf 84' lang='lat' dir='ltr'>hispidum</span> <span class='ocrx_word' id='word_1_658' title='bbox 2837 4995 2854 5022; x_wconf 89' lang='lat'><em>,</em></span> <span class='ocrx_word' id='word_1_659' title='bbox 2887 4958 3042 5009; x_wconf 86' lang='lat' dir='ltr'>oculis</span> <span class='ocrx_word' id='word_1_660' title='bbox 3064 4959 3279 5027; x_wconf 81' lang='lat' dir='ltr'>pigrum,</span> 
     </span>
     <span class='ocr_line' id='line_1_107' title="bbox 1752 5046 2724 5111; baseline 0.001 -15"><span class='ocrx_word' id='word_1_661' title='bbox 1752 5049 1803 5098; x_wconf 87' lang='lat' dir='ltr'>at</span> <span class='ocrx_word' id='word_1_662' title='bbox 1822 5047 2063 5111; x_wconf 83' lang='lat' dir='ltr'>unguibus</span> <span class='ocrx_word' id='word_1_663' title='bbox 2084 5046 2231 5111; x_wconf 75' lang='lat' dir='ltr'>pedes</span> <span class='ocrx_word' id='word_1_664' title='bbox 2251 5049 2492 5097; x_wconf 82' lang='lat' dir='ltr'>armatum</span> <span class='ocrx_word' id='word_1_665' title='bbox 2513 5048 2724 5111; x_wconf 87' lang='lat' dir='ltr'>asperis,</span> 
     </span>
     <span class='ocr_line' id='line_1_108' title="bbox 1752 5134 2899 5198; baseline 0.001 -13"><span class='ocrx_word' id='word_1_666' title='bbox 1752 5140 1802 5185; x_wconf 90' lang='lat' dir='ltr'>et</span> <span class='ocrx_word' id='word_1_667' title='bbox 1831 5136 2057 5186; x_wconf 74' lang='lat' dir='ltr'>confertis</span> <span class='ocrx_word' id='word_1_668' title='bbox 2078 5135 2304 5186; x_wconf 87' lang='lat' dir='ltr'>dentibus</span> <span class='ocrx_word' id='word_1_669' title='bbox 2325 5136 2566 5186; x_wconf 85' lang='lat' dir='ltr'>munitum</span> <span class='ocrx_word' id='word_1_670' title='bbox 2581 5172 2596 5197; x_wconf 91' lang='lat'>,</span> <span class='ocrx_word' id='word_1_671' title='bbox 2620 5134 2872 5187; x_wconf 77' lang='lat' dir='ltr'>venenatis</span> <span class='ocrx_word' id='word_1_672' title='bbox 2883 5153 2899 5198; x_wconf 71' lang='grc' dir='ltr'>ς</span> 
     </span>
    </p>
   </div>
   <div class='ocr_carea' id='block_1_9' title="bbox 1704 5174 3121 5289">
    <p class='ocr_par' dir='ltr' id='par_1_20' title="bbox 1704 5174 3121 5289">
     <span class='ocr_line' id='line_1_109' title="bbox 1704 5174 3121 5289; baseline 0 -17"><span class='ocrx_word' id='word_1_673' title='bbox 1704 5174 1721 5272; x_wconf 64' lang='lat' dir='ltr'>l</span> <span class='ocrx_word' id='word_1_674' title='bbox 1755 5222 1954 5275; x_wconf 73' lang='lat' dir='ltr'>naribm</span> <span class='ocrx_word' id='word_1_675' title='bbox 1971 5224 2135 5275; x_wconf 80' lang='lat' dir='ltr'>autem</span> <span class='ocrx_word' id='word_1_676' title='bbox 2156 5222 2296 5288; x_wconf 85' lang='lat' dir='ltr'>longe</span> <span class='ocrx_word' id='word_1_677' title='bbox 2317 5222 2738 5288; x_wconf 61' lang='lat' dir='ltr'>prestantissima·</span> <span class='ocrx_word' id='word_1_678' title='bbox 2758 5226 2836 5277; x_wconf 83' lang='lat' dir='ltr'>est</span> <span class='ocrx_word' id='word_1_679' title='bbox 2856 5230 3121 5289; x_wconf 77' lang='lat' dir='ltr'>Agasseus,</span> 
     </span>
    </p>
   </div>
  </div>
 </body>
</html>
