3767 5825
840 357 1175 419 SERVILI!
1219 356 1709 419 DAMOCRATIS
1751 356 1934 429 QUAE
1978 355 2446 417 SUPERSUNT.

151 484 294 552 Ἕως
316 486 537 567 συνέλθῃ
560 487 651 545 καὶ
674 484 845 564 γένητ’
866 486 1080 567 εὗχρους
1101 486 1259 566 ἄγαν,

149 574 368 653 Σκληρά
396 580 442 632 Θ’
460 577 650 641 ἱκανῶς
674 572 1005 653 ἔμπλαστρος
1023 600 1035 612 ·
1058 567 1149 634 εἶθ’
1178 574 1312 633 οὕτω
1343 575 1519 654 βαλεῖν

57 686 121 723 m
147 662 494 743 Τερμινθίνην
520 662 609 722 καὶ
634 662 813 743 κηρὸν,
837 654 948 721 εἶτα
976 663 1246 729 δακτύλοις

150 750 511 827 Ἀμμωνιακὸν
536 750 829 831 μαλαχθὲν,
854 742 969 809 εἶτα
992 753 1086 823 τὴν
1113 751 1312 831 χύτραν

149 836 273 897 Ἀπὸ
300 844 393 897 τοῦ
412 838 575 920 πυρὸς
596 838 813 909 ζέουσαν
842 837 1003 919 ἄρας,
1031 840 1205 919 βαλεῖς
1226 839 1343 899 τότε

144 923 255 996 Τὴν
280 924 499 1001 μάνναν,
520 925 623 998 ἤδη
645 926 943 1007 ψυχομένου
963 932 1053 984 τοῦ
1082 927 1382 1007 φαρμάκου.

146 1012 409 1086 Ἔποίησα
430 1013 627 1086 ταύτην
650 1013 906 1081 πολλάκις
928 1014 1241 1094 λιθαργύρου

58 1120 127 1161 no
151 1102 355 1183 Χωρὶς,
378 1100 731 1175 μολυὸδαίνης
756 1101 1007 1179 ἐμὸαλὼν
1031 1106 1198 1173 καλῆς
1219 1103 1348 1174 ἴσον,

145 1188 504 1269 Ἐχρησάμην
534 1190 579 1249 θ’
602 1189 794 1263 ἥδιστα
824 1190 952 1269 πρὸς
978 1188 1011 1247 ἃ
1034 1190 1347 1273 προείπομεν

154 1278 527 1354 Πεποιημένην
546 1301 604 1337 τε
630 1277 913 1359 χρῲματος
939 1278 1213 1358 βελτίονος.

52 1396 173 1459 (see
193 1410 303 1460 gen.
326 1400 417 1459 vl,
440 1400 496 1448 Ρ.
522 1400 596 1459 ιι,
619 1412 665 1461 p.
690 1402 775 1449 401
802 1400 1017 1461 αισα.)

54 1699 117 1761 ΑΙ
182 1698 342 1759 ΥΠΟ
410 1698 983 1757 ΔΑΜΟΚΡΑΤΟΥΣ
1046 1694 1601 1756 ΓΕΓΡΑΜΜΕΝΑῙ

520 1802 945 1862 ΔΙΑΦΟΡΗΤΙ
952 1802 1109 1861 ΚΑΙ.

146 1968 529 2049 Ἐμπλαστρος
550 1966 721 2046 ἀγαθὴ
748 1968 1063 2048 διαφοροῦσα
1093 1954 1284 2044 μηλίνῆ

146 2054 255 2125 Τὰς
279 2058 355 2135 μὴ
378 2054 613 2123 παλαιὰς
636 2056 888 2135 χοιράδας
908 2059 1012 2113 τῶν
1038 2055 1283 2128 παιδίων,

142 2145 247 2214 Τὰς
276 2146 397 2227 περὶ
421 2144 557 2222 μύας
576 2167 635 2203 τε
661 2144 753 2203 καὶ
775 2144 835 2202 τὸ
863 2142 1031 2224 δέρμα
1063 2143 1343 2224 σκληρίας,

146 2236 251 2295 Καὶ
272 2232 366 2301 τὰς
390 2232 648 2310 μενούσας
675 2231 967 2313 φλεγμονὰς
987 2231 1135 2290 πλέω
1156 2231 1341 2313 χρόνον

80 2344 101 2381 5
150 2324 439 2401 Πληροῦσα
461 2328 649 2401 σαρκοῖ
670 2320 760 2380 καὶ
788 2324 839 2387 ἐς
862 2318 1157 2378 ἀπούλωσίν
1188 2321 1273 2396 (τ’)
1305 2319 1419 2397 ἄγει

148 2410 466 2478 Σκευάζεται
490 2406 535 2467 δ’
562 2406 726 2475 οὕτως
747 2431 761 2445 ·
784 2408 953 2479 καλῆς
972 2406 1284 2488 λιθαργύρου

144 2500 297 2577 Τρεῖς
314 2497 378 2555 τὸ
402 2495 537 2555 πολὺ
563 2495 771 2575 λίτρας,
796 2494 1043 2576 ψιμυθίου
1078 2495 1203 2571 μίαν
1226 2494 1407 2572 ἥμισυ·

148 2585 363 2653 Τούτοις
378 2583 771 2664 προσαποδίδου
794 2583 1062 2664 λίτρας....
1089 2582 1203 2641 νέου

148 2677 385 2752 Διπαροῦ
412 2672 463 2730 τ’
494 2671 691 2733 ἐλαίου.
714 2670 831 2744 Τὴν
854 2672 1164 2751 λιθάργυρον
1192 2670 1367 2750 βαλὼν

86 2782 129 2820 ιο
152 2758 289 2843 Ἐψε
314 2759 431 2838 μετ’
456 2759 635 2819 ἐλαίου
650 2804 669 2837 ,
694 2757 789 2818 καὶ
818 2761 1050 2841 ῥυπῶδες
1066 2761 1141 2839 τῷ
1162 2758 1324 2837 πάχει

150 2854 346 2929 Ποιῶν,
366 2846 702 2928 προσαπόδος
728 2848 971 2932 ψιμύθιον
994 2852 1129 2908 λεῖον
1156 2846 1287 2905 τότε.

146 2939 313 3000 Ὅταν
340 2940 391 2998 δ’
413 2937 528 3018 ἴδῃς
548 2936 857 3014 ἀμόλυντον,
886 2934 1133 3018 εὔκρατόν
1162 2934 1208 2994 τ’
1238 2935 1388 3013 ἄγαν,

148 3029 334 3109 Μικρῷ
358 3049 415 3086 τε
438 3026 639 3104 μᾶλλον
662 3023 1037 3104 σκληροτέραν,
1060 3021 1403 3102 προσέμὸαλι

152 3116 343 3195 Κηρὸν,
365 3114 627 3188 πιτυίνην,
646 3104 719 3172 ὧν
739 3110 1026 3189 τακέντων,
1053 3110 1148 3182 τὴν
1171 3109 1372 3191 χύτραν

84 3220 127 3261 1⁵
154 3199 273 3263 Ἀπὸ
302 3207 393 3262 τοῦ
416 3201 575 3281 πυρὸς
603 3199 819 3270 ζέουσαν
851 3199 1009 3280 ἄρας,
1037 3198 1175 3278 [καὶ]
1207 3197 1323 3256 τότε

148 3291 277 3351 Boii·
302 3289 647 3366 ἀμμωνιακὸν
668 3281 825 3369 χερσί
839 3289 931 3347 καὶ
948 3295 1053 3354 τοῖς
1078 3287 1347 3353 δακτύλοις

150 3377 471 3453 Πλατυνθὲν,
499 3381 569 3444 ὡς
591 3375 739 3436 εἴωθε
762 3375 945 3457 κηρὸς,
974 3374 1121 3454 παρὰ
1144 3374 1297 3454 πυρί·

148 3466 369 3528 Ἔπειτα
394 3469 549 3526 κινῶν
572 3469 637 3546 τῇ
661 3464 839 3546 σπάθῃ
868 3464 927 3524 τὸ
960 3465 1237 3545 φάρμακον

148 3556 252 3617 Καὶ
272 3557 435 3615 πάλιν
457 3554 747 3632 μαλάσσων
771 3552 955 3633 χερσὶν
979 3551 1142 3618 οὕτως
1171 3555 1435 3611 ἀποτίθου.

78 3749 125 3790 ω
144 3728 303 3803 Ἄλλη
330 3729 461 3812 πρὸς
486 3729 661 3788 πάντα
682 3731 851 3788 ταῦτα
871 3750 885 3764 ·
913 3725 1008 3794 τὰς
1036 3723 1091 3785 δὲ
1112 3725 1365 3807 χοιράδας

152 3820 367 3878 Μᾶλλον
391 3819 657 3899 διαφορεῖ,
678 3815 799 3883 τοὺς
827 3817 1110 3881 πονοῦντας
1134 3813 1179 3872 δ’
1200 3813 1422 3894 ὠφελεῖ,

143 3903 403 3987 Ἔχοντας
432 3904 711 3964 ιύλάὸειαν
736 3906 807 3972 tic
832 3902 1123 3962 ἀπόστασιν

146 3993 534 4074 Ὗποχονδρίων
562 3991 695 4070 μετά
714 4013 851 4058 τινος
878 3989 1035 4067 ὄγκου
1062 3989 1151 4048 καὶ
1182 3989 1361 4072 φόὸου.

150 4081 392 4143 Μέλαινα
415 4082 466 4140 δ’
490 4071 620 4140 οῧσα
644 4078 927 4139 σκευασίαν
951 4075 1147 4150 ταύτην
1166 4077 1293 4158 ἔχει·

78 4189 123 4228 aa
154 4169 359 4241 Πίσσης
380 4171 621 4247 διαυγοῦς
646 4166 932 4250 ξηροτάτης
953 4166 1133 4247 λίτρας
1161 4165 1267 4225 δύο·

152 4261 361 4331 Πυκνῆς
384 4280 443 4316 τι
465 4255 716 4322 ὑελώδους
746 4254 871 4334 βάλ’
900 4257 971 4333 (¹3)
1000 4253 1267 4334 ἀσφάλτου
1296 4254 1386 4315 δύο
1404 4279 1417 4292 ·

150 4349 399 4426 Φρυκτῆς
416 4345 653 4417 πιτυίνης
669 4341 955 4424 τέσσαρας·
978 4347 1141 4422 κηροῦ
1163 4342 1219 4404 δὲ
1248 4344 1399 4424 τρεῖς·

148 4434 375 4495 Διὸάνου
401 4433 585 4514 λίτραν
612 4431 760 4509 μίαν,
788 4431 881 4492 καὶ
901 4439 1027 4507 μιᾶς
1054 4429 1207 4512 μέρος
1236 4431 1409 4511 τρίτον
1426 4455 1439 4468 ·

150 4523 365 4582 Χαλκοῦ
396 4519 452 4580 δὲ
479 4519 689 4588 λεπίδος
715 4519 927 4600 οὖγγίας
950 4517 1025 4586 δὶς
1055 4517 1316 4598 τέσσαρας
1334 4543 1345 4556 ·

76 4635 123 4674 ιο
152 4619 341 4676 Κοινοῦ
370 4617 417 4674 δ’
446 4614 623 4674 ἱλαίου
646 4615 950 4696 προσφάτου
976 4613 1123 4672 πέντ’
1152 4613 1383 4692 οὖγγίας.

147 4705 315 4772 Λειοῖς
342 4703 553 4764 λίὸανόν
576 4728 634 4763 τε
660 4703 753 4763 καὶ
780 4703 1000 4774 λεπίδα,
1031 4701 1341 4782 παρεγχέων

146 4789 333 4860 Ὄξους
354 4791 412 4851 τὸ
435 4791 669 4872 μέτριον,
698 4791 789 4850 καὶ
814 4789 1006 4857 λιάνας
1034 4792 1317 4867 ἐπιμελῶς,

148 4881 329 4959 Πάχος
356 4880 578 4952 ποιήσας
608 4879 839 4958 μέλιτος,
869 4878 1065 4960 ἵψησον
1093 4875 1213 4938 τότε

148 4968 323 5047 Κηρόν
344 4991 398 5026 τε
423 4967 515 5028 καὶ
538 4967 605 5026 τὰ
629 4968 785 5028 λοιπὰ
810 4969 924 5046 μετ’
945 4964 1124 5027 ἐλαίου
1146 4965 1281 5044 νέου,

78 5075 125 5113 δι
149 5053 305 5114 Οὕτω
329 5079 385 5114 τε
406 5057 633 5136 κατάχει
660 5056 827 5135 θερμὰ
851 5060 953 5115 τῶν
978 5056 1359 5130 λελεασμένων,

148 5141 315 5213 Μίξας
334 5143 380 5202 τ’
402 5146 663 5222 ἐπιμελῶς
690 5143 863 5203 πάντα
888 5143 1067 5225 χερσὶν
1096 5141 1337 5214 εὐτόνως,

1690 498 1855 545 Donec
1880 496 2080 544 coierint
2098 496 2325 557 colorque
2342 496 2404 545 sit
2422 494 2634 557 optimus

1691 584 1894 645 Fiatque
1917 585 2031 633 satis
2057 585 2234 634 durum
2259 586 2571 646 emplastrum
2584 600 2600 644 ;
2622 582 2794 631 deinde
2816 584 2881 631 sic

1690 673 2078 721 Terebinthiuam
2097 676 2146 723 et
2169 686 2328 723 ceram
2347 686 2514 735 ponesg
2539 672 2650 721 hinc
2667 671 2856 720 mollius

1694 761 2062 810 ammoniacum
2087 760 2246 823 digitis
2269 762 2545 811 conlectum
2560 798 2575 821 ,
2601 763 2764 822 postea

1692 852 1925 899 Fervente
1942 850 2004 898 ab
2023 850 2131 909 igne
2144 850 2352 899 caccabo
2373 850 2598 912 deponito
2611 886 2625 907 ,
2647 851 2697 897 et

1692 941 1918 987 Mannam
1947 938 2157 999 injicIto,
2183 938 2286 999 ,iam
2304 938 2528 1001 trigerato
2547 938 2820 999 pharmaco.

1694 1029 1989 1088 Frequenter
2006 1026 2098 1075 hoc
2119 1027 2206 1075 feci
2230 1027 2349 1075 citra
2371 1026 2682 1087 lithargyrum
2695 1061 2708 1085 ,

1696 1113 2010 1174 Molybdaenae
2036 1114 2174 1162 bonae
2195 1114 2294 1175 pari
2312 1116 2506 1174 sumpto
2529 1113 2672 1161 modo
2687 1149 2700 1172 ,

1695 1203 1916 1261 Ususque
1941 1214 2048 1248 sum
2068 1200 2128 1247 ad
2151 1214 2260 1261 quae
2282 1200 2382 1249 dixi
2399 1201 2500 1261 Jam
2527 1199 2811 1249 suavissime

1696 1287 2082 1350 probatiorisque
2101 1287 2146 1335 id
2171 1287 2345 1337 eoloris
2367 1287 2574 1337 condidi.

1772 1700 2268 1761 DISCUSSORIA
2335 1702 2385 1759 A
2444 1700 2923 1761 DAMOCRATE
2988 1700 3164 1758 CON-

2306 1804 2648 1867 SCRIPTA.

1693 1979 1763 2029 Ad
1783 1979 2094 2043 digerendum
2114 1979 2348 2030 melinum
2369 1981 2681 2043 emplastrum
2699 1979 2871 2029 efficax

1698 2067 1957 2118 lnlantium
1977 2070 2187 2118 strumas
2205 2082 2304 2117 nou
2320 2074 2533 2131 veteres,
2553 2070 2745 2131 insuper

1696 2160 1755 2206 Et
1777 2156 1978 2207 duritias
2000 2170 2196 2220 quoque
2220 2157 2552 2207 musculorum
2567 2192 2580 2216 ,
2602 2158 2716 2205 item
2740 2158 2790 2205 et
2811 2154 2963 2216 cutis,

1693 2245 1755 2293 Et
1776 2244 2088 2306 phlegmonas
2101 2257 2214 2307 quie
2233 2244 2413 2294 durant
2429 2244 2581 2294 multo
2599 2247 2814 2307 tempore

1696 2332 1865 2393 Replet
1883 2345 2029 2381 carne
2048 2332 2239 2382 inducit
2258 2332 2630 2394 cicatricemque
2651 2332 2727 2382 iis.

1626 2452 1633 2459 -
1693 2419 1773 2469 Sic
1792 2420 2048 2469 conficitur
2069 2434 2082 2467 :
2103 2420 2383 2471 excellentis
2410 2420 2654 2482 lithargyri

1694 2508 1759 2556 Ut
1780 2508 2038 2568 plurimum
2067 2508 2241 2558 libram
2261 2508 2690 2570 sesquilibramque
2711 2506 2902 2567 insuper

1695 2598 1942 2657 Cesussae3
1964 2596 2038 2645 his
2055 2596 2178 2646 adde
2193 2596 2332 2646 libroe
2351 2596 2539 2659 pondo..
2551 2636 2561 2647 .
2571 2631 2602 2645 ..
2619 2596 2733 2645 novi

1694 2684 1890 2747 Pinguis
1911 2684 2022 2733 olei.
2045 2684 2263 2734 immissa
2282 2688 2354 2734 est
2377 2684 2489 2733 olloe
2514 2685 2822 2745 lithargyruS,

1694 2773 1761 2819 Ex
1783 2771 1892 2821 oleo
1910 2772 2164 2833 coquitur;
2185 2770 2268 2819 ubi
2286 2776 2386 2832 jam
2416 2771 2772 2833 spissitudinem

1693 2859 1851 2908 Habet
1871 2858 2050 2922 sordis,
2073 2860 2244 2909 laevem
2264 2872 2506 2909 cerussam
2523 2862 2628 2907 tum
2651 2858 2792 2922 capit.

1695 2951 1857 3006 Quum
1882 2961 1982 2997 nou
2009 2947 2225 2996 inliciens
2243 2947 2473 3010 temperie
2501 2949 2552 2996 et
2575 2948 2702 2996 bona
2728 2947 2991 2997 admodum

1695 3036 1940 3097 Pauloque
1957 3034 2128 3084 durius
2151 3034 2354 3096 videris,
2380 3033 2656 3083 immittitur

1693 3126 1814 3173 cera
1832 3126 1882 3172 et
1901 3123 2089 3185 pityiua
2101 3159 2116 3184 ‚
2137 3123 2316 3186 quibus
2333 3121 2528 3183 liquatis
2546 3121 2697 3171 ollula

1694 3211 1769 3261 Ab
1782 3209 1889 3272 igne
1907 3211 2097 3260 fervens
2117 3209 2465 3270 tollitur31une
2490 3210 2704 3270 protinus

1694 3299 2058 3350 Aunmouiacum
2073 3335 2086 3358 ,
2113 3297 2185 3348 uti
2208 3311 2316 3347 cera
2335 3296 2557 3346 manibus
2579 3298 2753 3346 assolet

1694 3390 1848 3449 Atque
1868 3385 2030 3448 digitis
2043 3422 2058 3446 ,
2084 3386 2394 3448 explanatum
2414 3385 2508 3448 igni
2529 3385 2754 3446 injicitur.

1692 3477 1867 3524 Postea
1887 3477 2110 3524 movetur
2130 3475 2440 3536 pharmacum
2462 3473 2680 3521 rudicula

1692 3565 1966 3626 Rursusque
1987 3563 2203 3613 mollitur
2221 3563 2443 3612 manibus
2455 3599 2470 3624 ,
2490 3563 2560 3612 sic
2579 3562 2818 3611 conditur.

1692 3739 1831 3790 Aliud
1848 3740 1912 3789 ad
1929 3742 2096 3789 omnia
2113 3740 2246 3799 haee;
2271 3741 2480 3789 strumas
2503 3739 2626 3800 ipsas
2648 3751 2763 3788 vero

1692 3829 1839 3890 Magis
1856 3829 2052 3878 resolvit
2071 3829 2122 3878 et
2142 3828 2413 3876 laborantes
2425 3827 2566 3888 juvat
2579 3863 2594 3886 ,

1693 3916 1960 3966 Praecordia
1983 3929 2043 3967 ne
2063 3916 2338 3974 abscessuS,
2364 3914 2691 3976 queiscunque
2710 3916 2781 3962 est
2800 3913 2960 3962 cautio

1690 4007 1904 4054 'rumore
1923 4004 2150 4066 quopiam
2172 4003 2300 4050 haud
2321 4001 2500 4063 absque
2528 4004 2658 4049 metu
2679 4005 2917 4049 exerceat.

1691 4095 1825 4142 Hane
1842 4091 2030 4141 obtinet
2052 4091 2380 4138 coniecturam
2396 4127 2410 4148 ,
2431 4089 2620 4150 nigrum
2644 4088 2756 4150 quia
2776 4091 2848 4136 est
2869 4106 2882 4136 z

1690 4179 1817 4228 Picis
1839 4178 2068 4241 persiccoe
2090 4177 2299 4239 limpidae
2324 4176 2467 4224 libras
2489 4175 2636 4237 duas;

1690 4267 1936 4329 Densique
1952 4265 2095 4315 vitrei
2113 4265 2235 4315 duas
2261 4263 2532 4321 bituminis;

1690 4355 1863 4405 Friette
1889 4356 2083 4417 pityinae
2111 4356 2368 4417 quattuor;
2397 4365 2520 4400 cerm
2544 4349 2671 4411 capit

1688 4445 1831 4504 Tres3
1852 4442 2014 4493 thuris
2038 4456 2183 4491 unam
2205 4441 2376 4490 libram
2392 4443 2442 4489 et
2461 4442 2643 4502 partem
2663 4435 2884 4495 tertiam;
2927 4441 2933 4448 '

1692 4535 1918 4593 Squamae
1935 4531 2044 4580 oeris
2065 4531 2234 4580 uncias
2254 4529 2428 4590 pariter
2447 4527 2520 4576 bis
2537 4527 2801 4589 quattuor;

1690 4619 1911 4668 Recentis
1932 4619 2024 4667 olei
2046 4618 2316 4666 communis
2337 4615 2550 4679 quinque
2570 4615 2752 4661 uncias.

1688 4709 1847 4767 Thus,
1868 4719 2122 4770 squamma
2145 4706 2335 4767 teritur,
2353 4703 2531 4766 quibus
2553 4705 2745 4751 acetum
2768 4699 3020 4763 apponitur

1689 4797 1962 4845 Mensuram
1979 4795 2135 4856 juxta.
2161 4796 2228 4842 Ut
2247 4793 2432 4840 curiose
2457 4791 2570 4839 trita
2589 4793 2728 4850 sunt,

1692 4887 1751 4934 Et
1778 4883 2140 4933 crassitudinem
2165 4881 2318 4930 mellis
2335 4884 2526 4939 tenent,
2555 4893 2732 4940 coques

1691 4976 1863 5023 Geram
1876 5010 1891 5034 ,
1915 4971 2195 5034 reliquaque
2212 4972 2318 5019 tum
2342 4969 2486 5019 simul
2510 4969 2763 5016 oleo·uovo
2783 5002 2797 5026 ,

1690 5063 1966 5122 Rursusque
1985 5059 2215 5120 laevigatis
2234 5053 2388 5106 calida
2403 5055 2642 5105 infundite
2656 5072 2671 5115 ;

1696 5149 1787 5198 Ubi
1810 5149 2060 5211 diligenter
2079 5145 2302 5196 manibus
2319 5145 2482 5194 omnia
2499 5143 2670 5194 robore

3139 366 3246 415 109
