3767 5825
1018 393 1325 454 OPPLANI
1362 395 1465 454 DE
1502 392 1956 456 PISCATIONE
1993 394 2140 456 Lm.
2181 396 2233 455 1.
3135 404 3206 456 53

184 529 291 618 τῇσι
312 539 355 598 δ’
383 537 462 619 ἄρ’
490 530 809 620 ἱπταμένῃσι
831 534 970 596 κατὰ
988 535 1173 616 στίχας
1199 534 1367 615 εὐρέες
1387 535 1539 613 ἑσμοὶ

112 648 171 688 sss
188 626 299 708 ἠέρα
322 651 378 686 τε
404 625 643 686 σκιάουσι
671 626 762 685 καὶ
790 623 1009 684 ἄλλυτον
1032 623 1195 702 ὄγμον
1223 623 1445 704 ἔχουσιν·

180 713 239 780 ὣς
258 713 365 774 τότε
390 712 696 796 μυριόφυλοι
720 713 847 780 ἁλὸς
870 709 1113 790 τέμνουσι
1140 711 1402 793 φάλαγγες

182 802 373 872 εὔξεινον
400 801 539 882 μέγα
564 807 727 879 κῦμα·
748 798 1060 881 περιπληθει
1087 797 1143 858 δὲ
1170 798 1409 858 θάλασσα

176 889 342 950 πυκνὸν
366 888 755 971 δποφρίσσουσα
779 885 1145 964 λατυσσομένη
1170 885 1535 967 πτερύγεσσιν,

177 978 312 1038 εἰσόκ’
334 979 655 1058 ἐπειγόμενοι
680 976 889 1058 δολιχὸν
914 974 1097 1036 στόλον
1128 974 1447 1054 ἄμπαύσωσι

106 1089 164 1127 σεο
184 1067 259 1126 καὶ
274 1066 437 1128 τόκον.
457 1065 597 1127 Ἀλλ’
612 1063 699 1125 ὅτε
718 1065 885 1146 μέτρα
902 1063 1315 1146 παραστείχῃσιν
1345 1063 1576 1146 ὀπώρης,

174 1155 333 1215 νόστου
360 1153 739 1234 μιμνήσκονται
752 1199 769 1226 ,
794 1151 911 1212 ἐπεὶ
932 1151 1279 1235 κρυερῶτερον
1303 1151 1475 1212 ἄλλων

172 1251 315 1321 χεῖμα
336 1240 691 1323 κατασπέρχει
712 1239 887 1313 κείνην
914 1239 1019 1299 ἅλα
1046 1239 1337 1311 δινήεσσαν·

174 1333 222 1389 οὗ
238 1331 331 1412 γὰρ
355 1328 679 1404 τηλεὸαθὴς,
708 1326 803 1412 ῥέα
829 1327 887 1386 δὲ
914 1327 1231 1410 στυφελίζετ’
1267 1326 1476 1398 ἀήταις,

170 1417 215 1476 οἵ
236 1441 315 1494 μιν
340 1415 738 1498 ἐπιῤῥήσσουσιν
766 1412 1077 1496 ὖπερφίαλοί
1102 1415 1149 1473 τ’
1176 1414 1315 1474 ὀλοοί
1340 1437 1419 1474 τε.

96 1526 153 1562 sss
174 1503 364 1564 Tot'ivsx’
386 1502 761 1572 ἄλυσκάζοντες
784 1501 1093 1581 Ἀμαζονίης
1115 1501 1219 1561 ἀπὸ
1243 1501 1433 1580 λίμνης

170 1583 293 1659 αὖτις
310 1595 435 1668 ὁμοῦ
456 1591 719 1650 τεκέεσσιν
748 1588 1116 1670 ὑπστροπάδην
1142 1589 1443 1671 φορέονται,

168 1681 407 1738 κίδνανται
429 1679 474 1737 δ’
501 1677 603 1738 ἀνὰ
627 1677 838 1752 πόντον,
865 1677 973 1752 ὅπη
997 1677 1270 1760 θρέψονται
1293 1676 1521 1737 ἔκαστοι.

233 1767 358 1826 Ἀλλ’
376 1765 481 1826 ὅσα
512 1765 608 1844 μὲν
638 1765 901 1845 μαλάκεια
930 1765 1232 1847 φατίζεται,
1254 1758 1355 1825 οἷσί
1379 1765 1423 1824 τ’
1438 1763 1578 1823 ἀναί-

170 1854 263 1914 ἐστὶ
282 1853 381 1936 φυὴ
408 1853 609 1932 μελέων
638 1853 729 1913 καὶ
740 1853 1011 1926 ἀνόστεος,
1027 1850 1161 1913 ὅσσα
1188 1877 1246 1911 τε
1269 1855 1407 1935 φῦλα
1432 1853 1570 1932 [μων

100 1941 203 2012 ιιοῆ
226 1941 387 2002 λεπίσι
406 1947 660 2022 πυκινῇσι
682 1941 1007 2000 καλύπτεται
1022 1985 1038 2014 ,
1066 1940 1103 2012 ἢ
1126 1940 1392 2022 φολίδεσσι

167 2024 455 2111 cpont-rust&
466 2031 513 2090 δ’
538 2029 845 2112 ὤοφόροισιν
872 2033 1015 2107 ὁμῶς
1032 2031 1184 2088 ὠδῖσι
1212 2028 1477 2106 μέλονται.

163 2119 249 2178 Ἐκ
273 2115 325 2176 δὲ
344 2117 497 2186 κυνὸς
518 2115 739 2199 λάὸροιο
762 2116 853 2176 καὶ
878 2120 1070 2190 αἰετοῦ,
1096 2117 1229 2176 ὅσσα
1258 2141 1317 2175 τε
1338 2119 1478 2198 φῦλα

167 2205 417 2285 κλῄζονται
444 2205 700 2286 σελάχεια
714 2250 732 2280 ,
760 2204 852 2265 καὶ
881 2205 1171 2285 ἰχθυνόμων
1204 2205 1469 2285 βασιλήων

170 2293 411 2375 δελφίνων,
438 2292 621 2376 φώκης
640 2316 701 2352 τε
728 2291 981 2374 βοώπιδος
1008 2293 1198 2352 αὐτίκα
1220 2295 1405 2360 παῖδες

94 2399 153 2438 sis
172 2383 223 2439 ἐκ
242 2387 441 2459 γενετῆς
462 2379 733 2462 ἀνέχουσιν
762 2380 985 2448 ἐοικότες
1007 2371 1109 2441 οἷσι
1142 2387 1401 2442 τοκεῦσιν.

227 2467 333 2529 Off
357 2470 477 2544 ἤτοι
500 2469 693 2538 πάντες
719 2468 835 2548 μὲν,
860 2468 973 2529 ὅσοι
994 2469 1195 2528 ναίουσι
1222 2469 1489 2528 θάλασσαν

166 2556 411 2632 ζωοτόκοι,
443 2556 680 2640 φιλέουσι
694 2558 786 2617 καὶ
814 2557 1135 2640 ἅμφιέπουσι
1156 2556 1421 2636 γενέθλην,

162 2644 381 2728 δελφίνων
404 2647 453 2706 δ’
481 2645 631 2706 οὔπω
656 2669 709 2706 τι
728 2645 975 2727 θεώτερον
1016 2646 1146 2706 ἄλλο
1166 2647 1427 2706 τέτυκται.

161 2731 239 2800 Ὡς
260 2733 391 2793 ἐτεὸν
420 2733 513 2793 καὶ
541 2738 705 2815 φῶτες
731 2733 855 2793 ἔσαν
877 2734 1043 2815 πάρος
1071 2734 1165 2806 ἠδὲ
1195 2733 1398 2807 πόληας
1506 2797 1511 2800 ,

86 2837 147 2878 wo
162 2825 285 2881 ναῖον
305 2821 775 2904 ὁμοῦμερόπεσσι,
807 2822 1093 2882 Διωνύσοιο
1114 2822 1170 2882 δὲ
1202 2824 1362 2902 βουλῇ

163 2909 323 2971 πόντον
344 2912 717 2993 ὑπημείψαντο
740 2910 833 2971 καὶ
862 2909 1045 2991 ἰχθύας
1072 2910 1437 2993 ἀμφεὸάλοντο

158 2998 310 3075 γυίοις·
338 3002 456 3060 ἀλλ’
488 3000 595 3078 ἄρα
624 2996 785 3079 θυμὸς
814 2998 1083 3077 ἐναίσιμος
1109 2998 1271 3057 εἰσέτι
1296 3004 1483 3081 φακῶν

160 3086 315 3165 ῥύεται
340 3087 633 3169 ἀνδρομέην
660 3085 797 3165 ἠμὲν
818 3085 993 3167 φρόνιν
1021 3086 1119 3158 ἠδὲ
1143 3086 1235 3145 καὶ
1258 3084 1408 3168 ἔργα.

162 3163 277 3231 Εῧτε
301 3173 401 3257 γὰρ
429 3174 631 3235 ὠδίνων
654 3174 866 3252 δίδυμον
896 3172 1041 3253 γένος
1064 3177 1115 3241 ἐς
1141 3172 1271 3255 φάος
1299 3174 1426 3255 ἔλθῃ
1442 3221 1458 3248 ,

84 3276 148 3315 sss
163 3260 315 3342 αὐτίχ’
341 3268 477 3341 ὁμοῦ
496 3262 543 3321 τ’
566 3260 823 3340 ἐγένοντο,
846 3261 969 3341 περὶΙ
986 3259 1239 3343 σφετέρην
1252 3285 1311 3321 τε
1324 3270 1577 3323 τεκοῦσαν

159 3349 419 3428 νηχόμενοι
446 3348 721 3431 σκαίρουσι
747 3349 837 3408 καὶ
865 3348 1157 3409 ἐνδύνουσιν
1178 3348 1400 3409 ὀδόντων

154 3434 261 3495 εἴσω
284 3438 372 3497 καὶ
400 3442 647 3521 μητρῷον
674 3436 777 3495 ὑπὸ
799 3436 972 3514 στόμα
996 3436 1315 3508 δηθύνουσιν·

152 3526 180 3593 ἡ
204 3524 253 3582 δὲ
276 3525 713 3609 φιλοφροσύνῃσιν
741 3524 1041 3604 ἀνίσχεται,
1070 3524 1210 3605 ἀμφί
1235 3549 1293 3583 τε
1314 3527 1469 3585 παισὶ

150 3622 434 3693 στρωφᾶται
458 3611 703 3691 γανόωσα
728 3611 819 3671 καὶ
849 3610 1004 3691 ἔξοχα
1027 3611 1406 3693 καγχαλόωσα.

87 3716 143 3755 em
165 3699 329 3769 Μαζὸν
354 3702 397 3760 δ’
431 3698 774 3782 ἀμφοτέροισι
795 3700 1116 3780 παρίσχεται
1135 3745 1152 3774 ,
1180 3691 1285 3760 οἷον
1319 3700 1549 3783 ἑκάστῳ,

153 3782 395 3856 θῆσασθαι
420 3788 561 3867 γάλα
587 3787 773 3869 λαρόν·
797 3787 915 3846 ἐπεί
939 3788 1008 3869 ῥά
1030 3792 1079 3847 οἱ
1102 3787 1287 3848 ὤπασε
1314 3790 1515 3865 δαίμων

148 3874 225 3933 καὶ
248 3877 385 3953 γάλα
408 3876 503 3936 καὶ
526 3878 705 3954 μαζῶν
733 3874 911 3948 ἰκέλην
934 3875 1089 3957 φύσιν
1116 3868 1201 3935 οἶα
1227 3881 1505 3954 γυναικῶν.

152 3962 320 4045 Τόφρα
353 3962 449 4042 μὲν
476 3954 567 4023 οὖν
592 3963 765 4043 τοίῃσι
794 3962 1081 4043 τιθηνείῃσι
1110 3963 1361 4040 μέμηλεν·

152 4051 253 4109 ἀλλ’
278 4052 365 4111 ὅτι
390 4052 697 4134 κουρίζωσιν
721 4050 801 4111 ἑὸν
824 4049 1027 4121 σθένος,
1060 4050 1248 4109 αὐτίκα
1281 4053 1415 4110 τοῖσι

68 4152 131 4193 ets
144 4137 305 4221 μήτηρ
327 4139 585 4221 ἡγήτειρα
608 4138 923 4219 κατέρχεται
948 4140 1019 4204 εἰς
1044 4137 1161 4196 ὁδὸν
1192 4138 1355 4220 ἄγρης

142 4227 364 4304 ἱεμένοις,
390 4228 551 4311 θήρην
578 4252 637 4287 τε
668 4228 972 4288 διδάσκεται
1000 4227 1324 4308 ἰχθυόεσσαν·

142 4315 245 4375 οὐδὲ
266 4316 433 4398 πάρος
456 4316 653 4377 τεκέων
674 4316 795 4385 ἑκὰς
818 4316 1061 4387 ἵσταται,
1092 4316 1199 4375 οὐδ’
1230 4317 1504 4377 ἀπολείπει
1520 4364 1535 4391 ,

144 4402 255 4481 πρίν
276 4404 327 4484 γ’
354 4403 481 4464 ὅταν
505 4404 751 4477 ἡὸἤσωσι
783 4403 1065 4483 τελεςφόρα
1101 4408 1223 4481 γυῖα
1256 4404 1347 4463 καὶ
1388 4403 1573 4477 ἀλκὴν,

142 4490 247 4549 ἀλλ’
272 4492 379 4551 αἰεὶ
402 4498 617 4575 ῥυτῆρες
641 4492 919 4551 ἐπίσκοποι
946 4490 1096 4571 ἐγγὺς
1124 4490 1357 4553 ἕπονται.

60 4592 125 4633 m
144 4568 260 4637 Οἷον
288 4578 355 4651 δὴ
387 4578 505 4638 τότε
534 4584 714 4657 θαῦμα
744 4578 878 4657 μετὰ
902 4579 1053 4661 φρεσὶ
1081 4578 1330 4652 θηήσαιο,

140 4665 405 4744 τερπωλήν
431 4668 478 4725 τ’
508 4664 773 4747 ἐρόεσσαν,
803 4665 887 4725 ὅτε
924 4666 1118 4726 πλώων
1146 4667 1353 4738 ἐσίδηαι

146 4751 271 4835 αὔρῃ
296 4757 353 4813 έν
386 4756 600 4835 εὖκραεῖ
628 4752 967 4832 δεδοκημένος
988 4754 1053 4826 ἠὲ
1077 4753 1281 4834 γαλήνῃ

143 4840 391 4923 δελφίνων
412 4841 605 4921 ἀγέλας
628 4840 881 4914 εὖειδέας,
908 4840 1089 4922 ἵμερον
1111 4841 1302 4919 ἅλμης·

140 4930 183 4985 οἱ
210 4926 307 5003 μὲν
332 4927 441 5010 γὰρ
464 4928 817 5011 προπάροιθεν
844 4928 1051 4996 ἀολλέες
1078 4922 1204 5001 ἠΰτε
1225 4934 1403 5010 κοῦροι

66 5029 131 5071 οτι
145 5010 304 5083 ἠίθεοι
322 5015 614 5095 στείχουσι,
627 5013 741 5075 νέον
770 5014 916 5093 γένος
935 5060 951 5087 ,
980 5014 1115 5075 ὥστε
1136 5024 1315 5097 χοροῖο

140 5102 325 5163 κύκλον
354 5102 690 5181 ἅμειὸόμενοι
716 5102 992 5162 πολυειδέα
1014 5103 1379 5176 ποικιλοδίνην·

1657 545 1733 596 his
1754 550 1916 595 autem
1939 545 2212 596 volantibus
2233 559 2318 608 per
2338 545 2512 595 seriem
2535 545 2674 608 longa
2694 545 2881 608 agmina

1658 647 1912 696 aeremque
1929 633 2204 684 inumbrant
2220 638 2271 683 et
2289 634 2594 683 insolubilem
2616 633 2831 682 ordinem
2855 637 3048 684 servant
3073 648 3085 680 :

1658 721 1725 772 ita
1744 725 1849 772 tum
1866 721 2413 784 infinitomm-generum
2433 723 2581 771 maris
2602 723 2767 771 secant
2789 722 3047 784 phalanges

1672 810 1914 860 Euxinum
1933 823 2160 873 magnum
2183 809 2408 872 fluctum3
2435 810 2720 872 plenum-est
2741 814 2900 859 autem
2921 823 3050 859 mare

1659 897 1806 948 dense
1830 898 2138 958 horrescens,
2156 898 2398 961 pulsatum
2419 897 2577 960 pinnis
2589 933 2604 958 ,

1658 984 1809 1035 donec
1830 985 2108 1035 festinantes
2131 986 2327 1047 longum
2347 984 2440 1034 iter
2457 984 2742 1047 perfecerint

1658 1075 1707 1123 et
1728 1077 1937 1136 partum.
1959 1074 2023 1124 At
2040 1073 2123 1123 ubi
2145 1085 2384 1123 mensurae
2405 1072 2701 1123 advenerunt
2722 1073 2968 1134 autumni,

1659 1161 1839 1211 reditus
1861 1160 2205 1224 meminerunt,
2223 1159 2452 1223 quoniam
2474 1159 2672 1222 rigidior
2691 1159 2795 1209 aliis

1660 1251 1918 1312 tempestas
1937 1250 2102 1300 turbat
2121 1248 2237 1298 illud
2261 1262 2390 1298 mare
2413 1248 2735 1308 vorticosum;

1658 1351 1751 1388 non
1774 1338 1902 1388 enim
1924 1336 2065 1387 valde
2087 1335 2379 1400 profundum
2401 1339 2505 1392 est,
2529 1335 2614 1386 sed
2645 1336 2781 1385 facile
2803 1337 3082 1386 oencutitur
3109 1349 3218 1385 ven·

1658 1427 1720 1476 tis
1731 1425 1769 1489 ,]
1786 1426 1869 1489 qui
1893 1425 2012 1476 illud
2032 1425 2283 1476 verberant
2305 1423 2544 1475 temerarii
2563 1429 2614 1474 et
2635 1423 2906 1487 perniciosi.

1658 1518 1954 1577 Quapropter
1970 1512 2246 1564 recedentes
2261 1511 2522 1562 Amazonio
2543 1525 2574 1560 a
2591 1515 2760 1574 stagno

1658 1615 1849 1652 rursum
1872 1615 1985 1652 cum
2003 1601 2168 1652 sobole
2188 1599 2416 1652 recessim
2437 1600 2677 1662 feruntur,

1658 1691 2092 1754 dispergunturque
2107 1703 2193 1754 per¹
2209 1702 2340 1740 mare
2356 1687 2522 1739 eo·ubl
2540 1688 2816 1739 nutriuntur
2838 1687 3033 1750 singuli.

1724 1778 1815 1830 Sed
1838 1791 2142 1842 quaecunque
2163 1777 2360 1840 quidem
2375 1775 2544 1826 mollia
2563 1777 2811 1837 vocantur,
2830 1779 2881 1825 et
2897 1775 3076 1839 quibus
3087 1789 3224 1826 exan-

1656 1865 1781 1930 guis]
1796 1871 1870 1916 est
1888 1871 2057 1916 natura
2073 1865 2396 1915 membrorum
2419 1869 2468 1914 et
2489 1877 2607 1914 exos
2622 1899 2637 1924 ,
2661 1876 2868 1926 quaeque
2889 1875 3062 1926 genera

1659 1956 1744 2005 aut
1764 1953 1977 2017 squamis
1999 1952 2160 2004 densis
2179 1951 2478 2016 opu-iuntur,
2501 1955 2588 2001 aut
2610 1951 2747 2001 mstis

1660 2042 1845 2092 munita
1863 2044 2015 2098 sunt,
2040 2055 2097 2092 ea
2118 2041 2327 2105 oviparis
2343 2040 2488 2091 simul
2505 2039 2704 2089 nixibus
2729 2037 3079 2102 dant-operam.

1660 2135 1732 2180 Ex
1744 2143 1861 2181 cane
1873 2132 2034 2180 autem
2056 2129 2224 2179 voraci
2245 2130 2297 2180 et
2316 2128 2502 2192 aquila,
2522 2129 2573 2179 et
2593 2139 2894 2192 quoecunque
2914 2141 3089 2190 genera

1660 2221 1896 2268 vocantur
1915 2217 2241 2280 cartilaginea,
2261 2217 2311 2266 et
2331 2215 2910 2280 piscibus-imperantibus
2931 2215 3124 2278 regibus

1660 2305 1898 2368 delphinis
1919 2305 2167 2368 phocaque
2187 2302 2549 2354 bovinisoculis
2568 2303 2733 2354 statim
2755 2304 2882 2354 tetus

1660 2395 1725 2444 ab
1745 2397 1853 2444 ortu
1882 2395 2099 2444 existunt
2123 2392 2310 2443 similes
2330 2392 2435 2442 suis
2456 2391 2752 2456 parentibus.

1720 2482 1799 2533 Illi
1821 2495 1936 2532 sane
1951 2495 2144 2542 omnes,
2162 2479 2438 2545 quicunque
2460 2479 2680 2530 habitant
2703 2493 2836 2530 mare

1660 2570 1887 2636 vivipari,
1910 2574 2074 2620 amant
2099 2582 2154 2619 ac
2180 2573 2378 2619 tuentur
2399 2568 2638 2628 sobolem,

1658 2656 1899 2722 delphinis
1919 2659 2080 2707 autem
2097 2666 2346 2719 nunquam
2368 2655 2627 2719 quicquam
2647 2654 2861 2705 divinius
2883 2653 3014 2704 aliud
3037 2655 3127 2706 est.

1658 2747 1729 2797 Ut
1748 2759 1914 2814 revera
1938 2745 2083 2795 etiam
2105 2744 2324 2795 homines
2347 2743 2542 2794 fuer-unt
2561 2743 2679 2793 olim
2699 2745 2846 2804 atque
2871 2742 3014 2792 urbes

1661 2834 1962 2884 incoluerunt
1979 2833 2123 2882 simul
2143 2830 2550 2882 cum-hominibus
2563 2867 2579 2893 ‚
2600 2831 2774 2881 Bacchi
2800 2833 2964 2881 autem
2987 2829 3187 2880 consilio

1662 2937 1793 2973 mare
1808 2924 2164 2972 commutarunt
2182 2934 2302 2971 cum
2321 2923 2465 2970 terra
2485 2924 2536 2970 et
2554 2920 2710 2983 pisces
2727 2918 2988 2970 induerunt
3056 2918 3064 2925 ⁰

1662 3010 1916 3070 membris;
1940 3008 2026 3060 sed
2043 3022 2157 3059 sane
2178 3008 2368 3058 animus
2389 3006 2666 3057 moderatus
2681 3006 2843 3057 adbuc
2863 3006 3079 3057 virorum

1662 3104 1823 3149 servat
1845 3098 2094 3146 hominum
2116 3100 2166 3146 et
2185 3095 2486 3159 prudentiam
2503 3100 2555 3145 et
2575 3107 2739 3159 opera.

1661 3185 1754 3236 Ubi
1783 3185 1913 3236 enim
1931 3198 1994 3235 ex
2017 3184 2440 3248 partus-doloribus
2461 3184 2664 3246 gemella
2685 3183 2846 3246 proles
2872 3182 2920 3233 in
2938 3183 3048 3233 luce
3066 3182 3220 3245 venit,

1660 3276 1825 3325 statim
1848 3288 1944 3323 una
1965 3274 2334 3335 commorantur,
2351 3272 2574 3336 circaque
2591 3284 2728 3321 suam
2751 3271 3032 3335 genitricem

1659 3363 1877 3412 natantes
1901 3360 2078 3410 saliunt
2103 3364 2154 3410 et
2171 3360 2382 3409 subeunt
2402 3358 2572 3409 dentes

1657 3450 1785 3501 intra
1801 3454 2082 3500 et-materno
2105 3449 2199 3499 sub
2214 3462 2298 3498 ore
2315 3452 2592 3509 morantur3

1658 3538 1737 3587 illa
1762 3552 1877 3589 vero
1895 3536 2362 3586 cum-benevolentia
2381 3536 2550 3599 recipit
2571 3548 2670 3592 eos,
2693 3535 2916 3599 circaque
2937 3535 3112 3587 liberos

1658 3632 1876 3676 versatur
1899 3624 2108 3689 gaudeus
2125 3626 2174 3675 et
2195 3623 2369 3674 eximie
2393 3624 2633 3674 exultans.

1656 3717 2012 3777 Mammamque
2033 3712 2268 3762 ambobus
2286 3711 2495 3775 prabet,
2515 3715 2672 3760 utram
2693 3710 2911 3774 utrique,

1658 3804 1904 3864 ut·sugant
1925 3802 2000 3850 lac
2025 3799 2184 3860 dulce,
2207 3799 2434 3863 quoniam
2461 3798 2551 3861 ipsi
2572 3798 2740 3848 tribuit
2761 3797 2882 3849 deus

1656 3892 1705 3937 et
1726 3889 1801 3937 lac
1823 3892 1873 3937 et
1882 3888 2088 3937 uberum
2110 3886 2315 3935 similem
2333 3888 2570 3944 namram,
2593 3885 2752 3949 qualia
2767 3888 2898 3936 sunt
2917 3887 3194 3937 mulierum.

1656 3976 1879 4026 Tam-diu
1898 3976 2040 4037 igitur
2058 3974 2142 4025 tali
2165 3973 2434 4023 educationi
2453 3973 2644 4035 studet3

1656 4077 1823 4114 verum
1846 4064 1932 4113 ubi
1949 4064 2248 4125 juvenantur
2265 4073 2356 4111 suo
2372 4060 2570 4123 robore,
2593 4060 2755 4110 statim
2775 4061 2848 4111 eis

1659 4156 1813 4203 mater
1830 4152 2025 4201 ductrix
2045 4148 2286 4200 antecedit
2305 4147 2366 4198 ad
2383 4148 2514 4198 viam
2535 4146 2714 4211 proedae

1654 4232 2014 4300 festinantibus,
2031 4241 2376 4301 capturamque
2398 4248 2482 4286 eos
2504 4236 2646 4287 docet
2667 4234 2918 4298 piscariam
2931 4272 2946 4296 ‚

1653 4340 1741 4376 nec
1763 4326 1896 4390 prius
1914 4326 2084 4376 amatis
2106 4324 2324 4387 absistit,
2347 4336 2503 4387 neque
2527 4336 2609 4374 eos
2631 4322 2887 4387 relinquit,

1654 4428 1798 4478 quam
1820 4414 2085 4477 pubescant
2101 4412 2278 4463 adultis
2305 4412 2540 4463 membris
2555 4413 2606 4463 et
2625 4411 2840 4473 viribus,
3189 4474 3202 4485 ·

1654 4502 1738 4551 sed
1757 4514 1946 4563 semper
1967 4500 2252 4551 servatrices
2274 4503 2327 4550 et
2346 4500 2658 4563 inspectrices
2680 4512 2830 4563 prope
2843 4504 3124 4563 sequuntur.

1654 4589 1807 4647 Quale
1826 4592 1944 4639 tunc
1971 4588 2257 4638 miraculum
2281 4588 2440 4637 auimo
2460 4588 2802 4651 contempleris
2815 4623 2830 4648 ,

1654 4676 2113 4739 delectationemque
2135 4676 2418 4737 amabilem,
2441 4676 2524 4725 ubi
2546 4677 2777 4738 navigans
2798 4676 3171 4727 intuitus-rueris

1654 4764 1703 4814 in
1726 4777 1841 4813 aura
1860 4768 2126 4827 temperata
2146 4763 2408 4813 observans
2423 4767 2508 4813 aut
2525 4762 2869 4827 tranquillitate

1600 4848 1607 4853 ’
1654 4850 1986 4915 delphinorum
2009 4864 2169 4913 greges
2190 4850 2447 4910 formosos,
2471 4848 2760 4900 desiderium
2786 4852 2962 4913 maris;

1654 4953 1765 4989 nam
1784 4939 1865 4988 alii
1882 4939 2076 5001 quidem
2100 4944 2209 4987 ante
2230 4939 2500 5001 frequentes
2517 4940 2764 5002 tamquam
2787 4940 2922 5003 pueri

1656 5028 1978 5078 adolescentes
2000 5027 2226 5077 incedunt
2239 5063 2252 5086 ,
2269 5027 2458 5083 nouella
2473 5026 2663 5078 soboles
2676 5063 2691 5088 ,
2714 5026 2852 5078 velut
2869 5028 3001 5077 chori

1657 5116 1888 5165 circulum
1909 5114 2140 5163 obeuntes
2161 5113 2504 5163 multiformem
2517 5150 2532 5175 ,
2559 5114 3166 5178 varios-giros-agitantem

140 5188 220 5249 τοὶ
242 5190 291 5249 δ’
312 5190 493 5250 ὄπιθεν
512 5190 733 5270 μεγάλοι
752 5212 813 5250 τε
832 5189 927 5249 καὶ
948 5188 1135 5270 ἔξοχοι,
1162 5192 1271 5251 οὐδ’
1292 5192 1577 5273 ἀπάτερθεν
1659 5200 1738 5250 alii
1760 5214 1873 5250 vero
1895 5204 2075 5260 a-tergo
2095 5199 2252 5261 magni
2273 5204 2418 5261 atque
2435 5200 2628 5262 eximii,
2654 5213 2810 5263 neque
2832 5214 3054 5252 setinum
