3767 5825
474 350 558 393 xx

535 465 592 512 ln
615 462 836 511 Meinekii
857 462 1066 512 editione
1089 480 1100 512 :
1504 470 1558 514 ln
1584 466 1674 513 hac
1695 464 1939 515 editione:

558 568 685 605 121.
731 550 862 607 ἀπαὶ
879 593 1610 611 ..................
1623 552 1726 609 ἀπὸ
1759 551 1842 629 (2)

559 640 685 694 126.
729 640 854 717 λαιῇ
870 681 1646 699 ...................
1663 642 1796 719 ἄλλῃ
1824 638 1905 715 (3)

559 726 684 784 150.
727 727 1014 805 ἀλλοτρίοις
1029 770 1600 787 ...............
1609 730 1840 787 ἄλλοισιν

554 811 683 871 153.
725 814 841 873 τάδ’
869 812 1046 872 ἔειπα.
1074 857 1088 871 .
1115 863 1128 874 .
1160 864 1164 869 .
1194 858 1607 875 ..........
1621 817 1746 881 στὰς
1774 808 1897 874 εἶπα

554 902 680 960 166.
725 906 821 961 νῶι
833 946 1686 963 ......................
1699 902 1841 980 ἄμμι

553 992 680 1059 178.
723 988 882 1049 ὧλλοι
895 1033 1751 1051 ......................
1765 992 1917 1050 ἄλλοι

553 1078 679 1133 183.
721 1082 796 1145 εἷς
808 1120 1582 1139 ....................
1598 1080 1736 1145 &ex
1765 1082 1937 1157 conj.⁸

550 1168 679 1233 184.
719 1166 926 1246 πράταν
939 1210 1598 1228 ................
1611 1170 1823 1248 πρώταν

549 1254 678 1325 187.
717 1256 982 1334 πράτιστα
997 1299 1616 1316 ................
1628 1254 1903 1335 πρώτιστα

548 1360 674 1416 190-
719 1344 822 1401 ἐν’
808 1367 1036 1403 ιτεινοισι
1050 1386 1464 1403 ...........
1475 1341 1553 1401 ἔνι
1579 1346 1791 1402 δεινοῖσι
1814 1345 1899 1423 (l.)

547 1449 676 1503 191.
721 1430 834 1511 ἄορ’
863 1433 924 1489 ἐκ
959 1434 1181 1490 κολεοῖιν
1197 1475 1450 1491 .......
1466 1430 1618 1513 ἄορ
1595 1454 1655 1489 εκ
1681 1429 1971 1491 κολεοῖδῦ
1914 1434 1971 1511 (5
1974 1434 1993 1512 )

547 1520 674 1593 193.
718 1520 789 1584 εἰς
803 1562 1700 1581 .......................
1714 1522 1764 1585 ἐς

501 1604 515 1617 “
540 1607 670 1664 203.
715 1608 786 1673 εἰς
801 1649 1693 1669 .......................
1709 1610 1793 1675 ἐς

540 1695 673 1755 208,
720 1696 904 1773 τύμὸω
918 1740 1612 1757 ..................
1623 1695 1825 1775 ‘rzip-Gon
1853 1697 1935 1776 (6)

541 1790 606 1837 2“ι
621 1804 672 1841 2.
715 1782 851 1842 οὕτω
865 1825 1678 1845 .....................
1692 1782 1854 1850 οὕτως

540 1888 671 1931 220.
715 1874 874 1944 ἀϋτῆς
889 1916 1660 1933 ....................
1675 1876 1833 1939 αὐτᾶς

1032 2010 1040 2017 -
1115 1977 1342 2033 xxm.

616 2053 669 2109 6.
712 2053 806 2109 κάν
822 2094 1474 2112 .................
1487 2056 1586 2123 κήν
1628 2052 1981 2111 Winterton.

459 2215 676 2283 inundatis)
700 2218 1052 2286 interpretantis
1077 2234 1179 2269 esse
1199 2218 1386 2268 videtur
1411 2234 1500 2268 nec
1531 2220 1638 2285 plus
1670 2217 1828 2268 valere
1847 2234 1988 2284 quem

457 2292 566 2341 ἀντὶ
591 2292 682 2344 τοῦ
711 2294 832 2343 vel'
804 2311 978 2358 ηγουν.

524 2368 594 2429 (2)
633 2369 744 2418 'Ait-6
767 2372 902 2421 Vatt.
933 2375 996 2420 Δ.
1029 2372 1084 2418 C.
1119 2368 1264 2435 (apud
1289 2367 1606 2434 Zieglernm),
1631 2367 1746 2419 Ald.
1775 2366 1987 2419 Brunck.

459 2441 716 2508 Kiessling.
743 2444 871 2495 Gaii.
893 2472 957 2481 —
977 2442 1304 2493 V.1aa.}1ic
1335 2458 1499 2492 versus
1529 2441 1704 2492 deest'
1688 2458 1742 2491 ιιι
1768 2440 1992 2491 omnibus

461 2516 558 2565 fere
580 2517 826 2567 codicibus
849 2529 893 2567 et
910 2518 1150 2568 veteribus
1167 2516 1479 2579 editionibus,
1504 2494 1710 2583 ideoque
1728 2533 1757 2566 a
1775 2515 1990 2577 Reiskio,

464 2594 714 2653 Wartono,
739 2597 820 2643 Fr.
844 2592 1089 2654 secennio,
1111 2596 1464 2643 Wiistemanno
1489 2591 1544 2642 in
1564 2592 1883 2660 suspicionem
1908 2608 1987 2642 vo-

460 2676 590 2716 catus
621 2676 764 2733 atque
791 2685 816 2716 a
843 2668 1128 2719 Bruncluo
1110 2684 1206 2733 Jam
1243 2668 1421 2733 ejectus
1447 2677 1534 2718 est.
1573 2672 1674 2735 Ego
1695 2684 1817 2717 ·eum
1857 2668 1990 2717 uncis

459 2740 650 2794 inclusi.
673 2744 970 2794 Brunckium
1005 2754 1192 2795 secutus
1213 2752 1283 2793 est
1305 2744 1509 2808 Ziegler.

526 2819 598 2883 (3)
631 2818 712 2868 Sic
731 2819 940 2869 correxit
973 2836 1033 2869 ex
1055 2822 1331 2886 conjectura
1356 2823 1390 2870 J
1395 2858 1408 2869 .
1449 2824 1512 2872 Η.
1545 2821 1690 2871 Voss.
1726 2818 1991 2883 'inmunia

460 2908 509 2960 p.
541 2910 649 2958 190,
673 2910 731 2944 ex
759 2895 900 2948 codd.
924 2893 1178 2946 ediderunt
1208 2894 1524 2945 Boissonadus
1559 2903 1703 2961 atque
1728 2894 1986 2962 Zieglerus.

457 2968 568 3041 λαιῇ
595 2967 717 3018 nihil
740 2969 870 3020 aliud
903 2986 1006 3020 esse
1029 2969 1220 3020 videtur
1235 2970 1328 3019 nisi
1347 2971 1593 3035 glossema,
1616 2969 1746 3035 quod
1775 2971 1824 3019 in
1844 2969 1988 3020 verba

459 3052 610 3106 poetae
635 3043 845 3111 irrepsit.

523 3119 594 3182 (4)
629 3123 742 3169 Haec
776 3130 847 3170 est
899 3120 1112 3170 omnium
1157 3119 1414 3169 librorum
1433 3119 1684 3184 scriptura.
1728 3119 1987 3186 Epitheton

456 3202 701 3258 sumptum
729 3202 800 3242 est
829 3209 893 3242 ex
919 3198 1065 3245 Hom.
1088 3193 1149 3245 n.
1171 3192 1240 3253 η’,
1260 3195 1378 3250 245.
1407 3195 1524 3243 26⁶.
1555 3191 1620 3251 ν’,
1647 3195 1764 3256 259.
1789 3193 1850 3252 ε’,
1871 3199 1984 3257 739.

458 3266 523 3324 κ’,
552 3268 668 3324 254.
693 3285 810 3328 232.
847 3277 894 3316 et
917 3269 1098 3333 optime
1129 3269 1334 3332 quadrat
1367 3268 1416 3314 in
1446 3229 1717 3332 procedens
1747 3268 1985 3332 καρτερὸν

457 3338 616 3406 ἔγχος.
643 3346 765 3390 Tum
797 3342 1142 3409 praepositionis
1161 3351 1406 3391 accentum
1427 3341 1606 3390 retraxi
1629 3357 1688 3388 ex
1711 3342 1987 3405 gravissimo

457 3416 720 3467 Aristarchi
751 3427 1007 3483 precepto.
1029 3417 1235 3466 Eandem
1253 3427 1442 3468 secutus
1456 3432 1560 3466 sum
1583 3431 1795 3466 normam
1819 3421 1983 3468 xvn.

432 3493 570 3541 01⁰6.
596 3496 783 3542 xvm.
813 3495 896 3542 58.
923 3495 1089 3543 xxn.
1122 3503 1205 3556 94.
1234 3499 1346 3556 159.
1375 3493 1564 3542 Mosch.
1593 3496 1661 3540 11.
1693 3495 1801 3542 131.

519 3567 594 3632 (5)
631 3570 794 3630 Quum
811 3567 963 3618 dualis
986 3569 1193 3618 κολεοῖιν
1214 3567 1263 3616 in
1289 3565 1383 3616 hoc
1405 3565 1595 3631 quidem
1615 3565 1828 3616 carmine
1843 3567 1983 3616 etiem

453 3639 517 3688 oh
540 3640 742 3690 sormam
771 3653 1016 3709 suspectus
1038 3643 1112 3699 sit,
1139 3640 1303 3707 scripsi
1321 3657 1378 3689 ex
1405 3641 1600 3706 optimis
1617 3640 1859 3691 codicibus
1877 3658 1985 3691 cum

453 3716 697 3766 Brunckio
721 3726 770 3766 et
791 3718 1086 3768 Boissonado
1111 3719 1320 3768 κολεοῖο.
1343 3717 1520 3766 Eadem
1558 3726 1628 3764 est
1650 3716 1791 3765 lectio
1823 3717 1983 3769 Scliol.

439 3790 576 3856 «apud
601 3791 812 3841 Gailium
831 3808 846 3843 ι
868 3795 970 3843 «ot
991 3792 1045 3842 δὲ
1083 3792 1252 3855 ξίφος
1289 3792 1347 3841 ἐκ
1369 3789 1613 3851 κολεοῦ,
1640 3792 1698 3840 ἐκ
1723 3791 1810 3850 τῆς
1835 3793 1988 3850 θήκης

451 3866 784 3923 ἑλκύσαντες»
811 3869 918 3917 κτλ.
945 3867 1116 3917 Hiatus
1133 3902 1145 3925 ‚
1180 3881 1324 3932 quem
1347 3867 1397 3915 in
1428 3866 1620 3916 κολεοῖο
1661 3866 1983 3930 ἐρυσσαμένω

451 3940 779 3990 reformidasse
806 3939 1028 3990 videntur
1045 3978 1058 4000 ,
1078 3942 1256 4006 justam
1291 3941 1437 3990 habet
1470 3941 1822 3990 excusationem
1850 3950 1899 3990 et
1922 3943 1985 3992 ob

450 4011 682 4078 digamma
712 4012 929 4063 eolicum
964 4023 1014 4064 et
1034 4014 1101 4065 ob
1121 4014 1380 4080 genitivum
1412 4017 1461 4064 iu
1497 4034 1572 4066 οιο
1598 4026 1872 4068 exeuntem.
1907 4018 1969 4068 Ct‘

457 4092 510 4138 C.
535 4095 602 4138 A.
631 4095 680 4140 J.
705 4089 984 4154 Hoffmann.
1014 4096 1196 4156 Quaest.
1220 4097 1366 4143 Hom.
1397 4093 1486 4142 vol.
1518 4096 1556 4142 1.
1596 4110 1648 4159 p.
1689 4095 1771 4144 85.
1795 4093 1981 4142 Omise-

453 4173 564 4213 runt
588 4164 730 4231 hujus
747 4165 932 4230 generis
954 4165 1188 4232 genitivos
1207 4167 1258 4215 in
1279 4167 1508 4226 doctriua,
1535 4183 1641 4232 quae
1662 4176 1732 4216 est
1756 4167 1816 4216 de
1833 4167 1984 4235 hiatu,

450 4239 759 4288 recentissimi
790 4257 983 4306 quoque
1015 4241 1328 4305 grammatici,
1359 4247 1414 4291 C.
1449 4245 1500 4292 S.
1534 4246 1742 4306 Kriiger.
1784 4244 1876 4294 vol.
1912 4249 1963 4292 11

447 4317 480 4381 S
505 4333 582 4366 ιι.
611 4331 660 4364 2.
682 4315 796 4367 adu.
824 4333 873 4376 2,
901 4325 1046 4382 atque
1067 4316 1343 4367 Mehlhorn.
1374 4317 1408 4383 S
1435 4335 1548 4378 107.

515 4392 588 4456 (6)
622 4395 692 4440 Ex
719 4396 994 4457 conjectura
1017 4409 1125 4442 cum
1167 4392 1468 4445 Miiblmaun.
1495 4398 1608 4459 Leg.
1635 4392 1748 4445 dial.
1784 4411 1833 4460 p.
1869 4405 1979 4449 104.

516 4469 587 4531 (1)
623 4471 742 4516 Cum
769 4468 963 4518 (ἔνι-860.
990 4471 1102 4517 Nou
1137 4469 1292 4517 vincet
1317 4468 1494 4534 opinor
1521 4468 1849 4533 Naegelsbach.
1880 4470 1982 4519 Ad-

450 4552 552 4594 not.
587 4543 640 4592 in
665 4542 722 4594 11.
751 4561 802 4610 p.
826 4545 924 4601 246
947 4561 1054 4609 sqq.
1088 4544 1162 4596 Cf.
1195 4543 1421 4610 Gmslaof
1433 4545 1480 4593 iu
1509 4543 1714 4611 Ephem.
1741 4545 1979 4597 scholiasl.

449 4633 493 4667 a.
532 4621 676 4667 1832.
703 4628 818 4670 sect.
848 4623 915 4670 11.
936 4637 986 4685 p.
1010 4621 1107 4683 969
1152 4636 1260 4686 sqq.
1287 4621 1658 4686 ConJ'unctivum
1679 4621 1778 4686 jam
1801 4622 1983 4688 ubique

448 4692 652 4740 restituit
666 4693 794 4758 apud
813 4697 1077 4743 Homerum
1096 4700 1141 4747 1.
1162 4695 1389 4755 Bekker„
1414 4695 1462 4744 id
1488 4696 1616 4762 quod
1647 4697 1852 4763 apertius
1877 4714 1978 4748 mo·

449 4783 564 4817 nere
586 4767 744 4834 potuit
760 4770 816 4820 C.
845 4771 909 4820 G.
936 4773 1146 4833 Kriiger.
1168 4773 1383 4821 Gramm.
1413 4771 1510 4821 vol.
1535 4773 1602 4818 11.
1631 4771 1663 4834 S
1684 4775 1762 4820 3ο.
1791 4772 1905 4823 adn.
1930 4775 1977 4824 5.

411 4875 414 4880 -
511 4842 580 4907 (2)
617 4843 671 4892 ld
696 4844 942 4910 proposuit
976 4845 1026 4893 in
1051 4845 1215 4897 adnot.
1259 4846 1477 4897 Meiuek.
1507 4855 1554 4894 et
1583 4849 1632 4894 in
1664 4847 1788 4895 idem
1811 4847 1981 4896 incidit

447 4919 712 4969 Hermann.
741 4922 908 4984 Neque
935 4917 1156 4985 displicet
1179 4919 1308 4985 quod
1327 4915 1622 4970 ‘Frinzschius
1645 4938 1695 4986 p.
1727 4923 1789 4971 68
1812 4922 1978 4987 conje-

447 4991 546 5041 cit:
574 4991 659 5041 καὶ
682 4993 840 5059 κῶραι
867 4994 1023 5043 δεινὸν
1056 4995 1231 5060 βλέπον
1257 4993 1310 5044 εἴ
1323 4995 1437 5045 ποκ’
1465 4996 1674 5055 ἁπάντη.

514 5069 587 5132 (3)
622 5067 676 5116 Id
700 5069 827 5117 eruit
853 5068 1072 5121 Meinek.
1118 5069 1168 5120 in
1201 5068 1366 5121 adnot.
1396 5086 1453 5118 cx
1484 5071 1712 5120 librorum
1743 5069 1979 5137 scriptura

412 5145 777 5214 .ἁταρπῶν.-
798 5148 865 5196 V.
897 5147 979 5196 26.
1008 5151 1152 5195 Hunc
1190 5145 1348 5195 locum
1387 5144 1550 5194 vellem
1593 5144 1869 5211 respexisset
1911 5149 1974 5198 R.

1827 332 2003 393 PRAE
2012 334 2258 394 FATIO.

2158 470 2211 515 ln
2234 468 2457 518 Meinekii
2478 470 2724 521 editione.
3128 477 3184 521 ln
3202 471 3295 521 bac
3314 468 3551 521 editione.

2220 578 2305 615 ιο.
2350 560 2673 629 ὑποπτεύησι
2678 602 3177 619 .............
3188 557 3523 701 ὑποπτεῦῃσι
3536 558 3609 634 (ι)

2218 668 2238 703 ι
2253 667 2306 704 2.
2348 644 2518 703 καὶ-
2532 646 2743 723 βλέπον,
2773 640 2981 725 εἶχεν..
3007 649 3247 726 Ηχαῖ-
3261 648 3447 726 βλέπος
3472 670 3497 703 ε
3490 636 3609 723 Ιῗχον

2647 734 2879 813 ἀνάγκαν
3275 736 3503 813 ἀνάγκας
3532 734 3608 813 (2)

2212 839 2303 876 22.
2346 822 2516 891 λυπῆν
2530 864 3143 883 ................
3167 824 3351 881 λυπεῖν
3372 824 3600 900 Ziegler.

2212 910 2303 965 23.
2350 908 2581 1023 ἀταρπόν
2596 952 3167 972 ...............
3180 908 3454 993 ἀταρπέων
3478 912 3557 989 (3)

2211 1004 2301 1061 40.
2344 994 2405 1053 τὸ
2432 997 2479 1053 δ’
2506 986 2574 1054 αυ
2584 1036 2921 1055 .........
2948 1040 2955 1045 -
2986 1038 3319 1055 .........
3331 997 3440 1055 τόδ’
3463 986 3529 1053 αὖ

2211 1094 2301 1151 42.
2346 1082 2453 1160 εἴγε
2472 1083 2746 1152 διαλλάξας
2765 1107 2833 1161 με
2849 1106 2951 1166 qna
2968 1082 3051 1154 ,ἤν
3072 1106 3131 1142 σε
3150 1084 3429 1164 διαλλάξῃς
3448 1108 3513 1159 με
3534 1108 3611 1163 φι-

2718 1172 2895 1237 λάσεις
3342 1170 3505 1237 λάσας
3530 1172 3609 1251 (4)

2212 1259 2303 1315 50.
2346 1259 2517 1315 αὐτῶν
2533 1302 3267 1320 ...................
3282 1260 3424 1317 αὖτιῗ)
3444 1260 3521 1339 (5)

2210 1348 2299 1422 59.
2342 1342 2769 1427 ἵστατ’-Ἔρως
2787 1345 2918 1405 ὖδά-
2936 1392 2951 1407 .
2977 1346 3309 1413 .ἵπτατ’-ἐς
3334 1345 3515 1407 ὕδατα·
3532 1350 3609 1429 τιῖι

2756 1458 2861 1494 των
3418 1436 3463 1494 δ’
3486 1436 3567 1516 (6)

2738 1539 2955 1595 xxlv.

2212 1631 2236 1667 1
2248 1621 2302 1671 8.
2345 1611 2641 1693 αἱμοὸόρως
2652 1654 3027 1675 ..........
3037 1612 3349 1695 αἱμοὸόρους
3367 1633 3443 1674 ex
3461 1614 3609 1692 conj.

2207 1719 2299 1758 20.
2339 1689 2497 1771 ἦλθον
2512 1742 3285 1762 ....................
3296 1692 3450 1773 ἦνθον

2210 1799 2300 1851 30.
2344 1788 2616 1869 σπείρῃσιν
2630 1831 3201 1850 ...............
3216 1788 3512 1869 σπείραισιν

2206 1878 2296 1935 36.
2338 1884 2471 1943 τεοῖς
2484 1920 2778 1937 ........
2810 1926 2819 1935 .
2844 1920 3338 1938 .............
3351 1880 3453 1943 ἑοῖς

2204 1966 2296 2022 38.
2338 1964 2471 2045 ἀωρί
2494 1988 2598 2023 που
2627 1964 2733 2024 οἵδε
2746 2008 3040 2026 ........
3054 1964 3187 2047 ἅωρί
3208 1988 3342 2035 που,
3371 1968 3419 2023 οἱ
3448 1964 3504 2024 δέ
3524 1966 3611 2043 (7)

2206 2054 2295 2129 39.
2338 2055 2626 2135 ἠριγενείης
2640 2096 3211 2114 ...............
3223 2054 3515 2134 ἠριγενείας

2084 2230 2227 2281 Klotz
2252 2230 2433 2283 Adnot.
2459 2230 2511 2281 in
2538 2236 2712 2283 Devar.
2738 2237 2779 2281 1.
2812 2248 2860 2297 p.
2902 2234 2992 2281 118
3034 2246 3142 2296 sqq.
3172 2206 3231 2280 κε
3266 2230 3495 2281 omittunt
3522 2240 3617 2281 tres

2072 2305 2249 2368 codd„
2274 2305 2371 2356 duo
2399 2306 2580 2356 habeut
2603 2306 2703 2358 οὐδ’
2736 2306 2867 2357 οὕτω
2886 2308 3104 2357 odico-m
3120 2308 3267 2358 —V.
3295 2309 3356 2355 30
3380 2322 3487 2371 sqq.
3512 2309 3615 2355 No-

2086 2396 2195 2429 vum
2220 2380 2483 2446 periculum
2510 2380 2597 2431 hos
2623 2397 2782 2432 versus
2800 2380 3085 2431 emendandi
3110 2381 3222 2430 fecit
3242 2384 3544 2430 Hermannus
3564 2381 3615 2429 in

2084 2454 2253 2505 Jahnii
2270 2455 2468 2506 Annell.
2493 2455 2615 2523 phil.
2648 2466 2696 2506 et
2738 2456 2921 2523 paedag.
2958 2472 3006 2508 a.
3048 2460 3191 2514 1841.
3232 2457 3326 2507 rol.
3361 2458 3611 2507 xxxm.

2086 2530 2199 2580 fasc.
2231 2534 2280 2580 3.
2308 2547 2358 2597 p.
2382 2532 2478 2579 260
2496 2546 2603 2597 sqq.
2631 2531 2722 2580 hoc
2746 2532 2918 2581 modo:

2184 2631 2376 2680 Λευκὸν
2403 2632 2459 2680 τὸ
2486 2632 2649 2696 κρίνον
2673 2632 2803 2681 ἐστί·
2833 2630 3115 2697 μαραίνεται
3134 2631 3294 2690 ἁνίκα,
3315 2630 3497 2682 πίπτει.

2188 2707 2221 2753 ἁ
2240 2706 2291 2753 δὲ
2314 2706 2432 2771 χιὼν
2458 2706 2635 2755 λευκά·
2660 2706 2990 2755 κατατάκεται
3010 2703 3153 2765 ἁνίκ’,
3186 2706 3375 2770 ἀπωρῆ.

2184 2778 2266 2829 καὶ
2294 2780 2351 2829 τὸ
2372 2780 2548 2835 Θάλος
2574 2778 2769 2829 καλὸν”
2744 2796 2849 2829 εστι
2876 2780 2934 2829 τὸ
2956 2779 3197 2837 παιδικόν,
3217 2777 3316 2828 ἀλλ’
3336 2761 3496 2843 ὃλίγον
3536 2781 3611 2851 ζῇ.

2085 2890 2139 2935 In
2169 2889 2343 2954 quibus
2369 2890 2589 2958 displicet
2614 2890 2761 2942 ἁνίκα
2788 2888 3133 2956 postpositum,
3158 2887 3307 2953 quod.
3318 2888 3420 2953 jam
3459 2888 3613 2939 voluit

2082 2962 2337 3028 Briggsius.
2364 2969 2487 3015 Tum
2506 2981 2613 3029 quae
2632 2969 2935 3015 Hermannus
2960 2963 3020 3012 de
3046 2961 3202 3012 verbis
3223 2962 3306 3012 καὶ
3324 2963 3501 3018 κάλλος
3528 2980 3612 3012 κα-

2082 3037 2165 3086 λόν
2196 3040 2301 3089 ἐστι
2318 3039 2377 3090 τὸ
2399 3039 2621 3091 παιδικόν
2650 3039 2797 3106 dixit,
2827 3039 3014 3088 videtur
3040 3037 3218 3103 ingenii
3251 3036 3499 3102 sagacitate
3524 3038 3610 3086 ab·

2082 3111 2251 3162 ductus
2277 3117 2485 3181 argutius
2520 3131 2659 3181 quam
2693 3115 2849 3165 verius
2870 3112 3127 3167 monuisse.
3150 3113 3283 3164 Talia
3304 3112 3431 3162 enim
3450 3129 3615 3162 exem-

2085 3189 2173 3256 plis
2192 3189 2423 3240 similibus
2444 3190 2634 3241 defendi
2652 3199 2867 3258 possum.
2881 3190 3006 3240 Mihi
3023 3189 3256 3259 probatur
3281 3190 3430 3240 ἁνίκα
3446 3190 3613 3240 πίπτει

2082 3271 2133 3312 et
2156 3263 2283 3314 ἁνίκ’
2313 3265 2498 3331 ἐπέχθη
2526 3266 2627 3315 sive
2648 3267 2796 3316 ἁνίκα
2820 3266 3009 3332 ἰι-ἄχθη,
3048 3265 3101 3313 in
3144 3264 3337 3329 reliquis
3362 3274 3527 3313 autem
3572 3265 3614 3313 is

2081 3339 2197 3405 ipse,
2215 3338 2299 3404 qui
2323 3339 2415 3390 hoc
2436 3356 2629 3391 carmen
2646 3343 2930 3406 composuit,
2958 3339 3378 3408 reprehendendus
3406 3339 3613 3400 videtur,

2084 3430 2237 3479 neque
2263 3415 2468 3468 librarii.
2488 3445 2491 3448 >

2147 3488 2219 3553 (4)
2254 3489 2541 3540 Dubitanter
2554 3492 2713 3557 recepi
2732 3489 2939 3556 quodex
2958 3488 3175 3540 codicum
3198 3489 3401 3540 lectione
3424 3489 3617 3540 effinxit

2080 3563 2417 3617 Boissonadus.
2459 3566 2715 3616 Difficilem
2754 3582 2855 3615 esse
2885 3565 2937 3614 in
2972 3564 3065 3614 hoc
3098 3565 3201 3614 loco
3232 3564 3481 3631 optionem
3513 3567 3617 3630 jam

2082 3637 2350 3689 observavit
2382 3638 2587 3693 Lobeck.
2613 3648 2727 3694 Act.
2746 3657 2847 3692 soc.
2874 3643 2963 3692 Gr.
2991 3645 3059 3690 11.
3086 3656 3135 3707 p.
3172 3645 3287 3703 ²9⁵·
3320 3649 3424 3690 not.
3454 3641 3510 3692 8.
3539 3645 3617 3689 De

2079 3713 2228 3765 verbo
2252 3715 2355 3787 ζῇν,
2378 3715 2419 3766 si
2439 3715 2533 3766 hoc
2556 3717 2660 3766 loco
2682 3733 2852 3767 sanum
2872 3724 2963 3778 est,
2990 3714 3092 3767 vid.
3118 3714 3331 3766 Niusch.
3349 3715 3540 3766 Adnot.
3564 3717 3617 3765 in

2084 3793 2229 3841 Hom.
2254 3789 2352 3841 Od.
2374 3791 2471 3842 vol.
2494 3795 2584 3844 ΠΙ.
2610 3809 2663 3858 p.
2693 3801 2788 3854 174
2812 3799 2916 3841 not.

2147 3865 2221 3930 (5)
2255 3870 2327 3916 Ita
2353 3882 2462 3916 cum
2488 3865 2819 3916 Bindemanno
2838 3863 3055 3931 (Adnot.
3086 3864 3137 3914 iu
3165 3863 3619 3930 interpretationem

2076 3943 2391 4006 germanicam
2420 3959 2529 4009 pag.
2561 3945 2677 4010 383)
2696 3951 2747 3991 et
2782 3939 3090 3993 Boissonado.
3113 3939 3247 3988 Idem
3270 3939 3461 3989 admisit
3503 3941 3617 3990 Zie-

2078 4017 2196 4081 gler.

2143 4090 2220 4156 (6)
2254 4095 2287 4142 J
2292 4107 2377 4141 ure
2402 4091 2609 4142 offendit
2625 4092 2676 4141 in
2694 4089 2948 4141 collatione
2966 4088 3206 4156 particula
3233 4088 3315 4138 καὶ
3333 4091 3403 4136 Μ.
3426 4091 3619 4156 Haupt.

2078 4167 2279 4219 observ,
2311 4169 2420 4219 crit.
2447 4186 2501 4235 p.
2528 4170 2591 4217 6⁵
2630 4185 2704 4233 sq.
2734 4183 2889 4232 neque
2924 4175 3081 4214 tamen
3118 4172 3253 4229 putat
3281 4163 3410 4212 bunc
3444 4164 3620 4213 locum

2076 4253 2356 4310 corruptum
2372 4261 2489 4296 esse.
2516 4243 2609 4293 Sed
2625 4243 2871 4309 scriptura
2896 4239 3257 4307 discrepantiam
3282 4238 3623 4290 consideranti

2078 4319 2277 4368 dubium
2300 4335 2401 4369 esse
2420 4321 2498 4368 vix
2527 4328 2707 4385 potest,
2731 4317 2849 4383 quin
2871 4316 3061 4382 Higtius
3094 4317 3269 4365 ἵστατο
3293 4325 3421 4364 recte
3446 4331 3621 4364 corre-

2076 4393 2201 4443 xerit
2224 4393 2275 4443 iu
2302 4396 2481 4445 ἵπτατο
2507 4404 2653 4459 atque
2678 4392 2903 4444 Reiskius
2926 4391 3107 4440 exitum
3129 4405 3290 4440 versus
3328 4405 3437 4438 vere
3468 4390 3619 4440 resti-

2076 4469 2241 4521 tuerit.
2270 4474 2539 4536 Utrumque
2558 4469 2702 4535 igitur
2722 4468 3030 4533 conjunctum
3058 4465 3215 4532 recepi
3236 4465 3467 4532 probante
3488 4471 3621 4516 Her-

2076 4561 2253 4595 manno
2272 4546 2321 4594 in
2343 4545 2509 4595 Jahnii
2534 4546 2727 4596 Annall.
2755 4544 2791 4595 l.
2816 4543 2851 4594 l.

2138 4620 2209 4682 (7)
2245 4620 2389 4684 Quod
2415 4619 2637 4671 Schder.
2665 4618 2935 4684 conjectura
2960 4625 3198 4668 assecutus
3210 4625 3281 4666 est
3298 4617 3623 4681 atque·Gais-

2074 4695 2255 4745 soi-dius
2278 4698 2475 4762 recepit,
2502 4696 2675 4762 legitur
2710 4697 2761 4744 iu
2786 4694 2899 4746 edd.
2935 4698 3067 4746 Crat.
3092 4703 3140 4745 et
3166 4693 3318 4747 Brub.
3348 4711 3398 4746 a.
3450 4695 3617 4746 1553.

2072 4774 2217 4821 Nunc
2235 4771 2436 4836 Ziegler.
2465 4771 2593 4822 idem
2614 4771 2797 4822 invenit
2824 4771 2875 4821 in
2902 4771 3013 4824 cod.
3040 4769 3242 4822 Mediol.
3267 4773 3325 4822 C.
3342 4795 3407 4806 -
3425 4771 3497 4821 V.
3520 4776 3617 4819 50.

2069 4844 2313 4912 Adscripsi
2356 4863 2565 4903 versum,
2599 4847 2682 4911 qui
2723 4847 2775 4896 in
2802 4845 2958 4896 tribus
2974 4845 3221 4896 codicibus
3248 4852 3430 4903 exstat,
3460 4853 3622 4909 atque

2071 4937 2179 4970 cum
2205 4919 2420 4986 Briggsio
2444 4931 2489 4970 et
2512 4920 2760 4970 Meinekio
2786 4929 2920 4987 puto,
2948 4920 3074 4970 inter
3106 4935 3230 4971 vers.
3258 4929 3323 4982 49
3344 4928 3393 4967 et
3419 4924 3484 4967 50
3512 4919 3617 4966 ali—

2069 5005 2187 5061 quot
2214 5011 2375 5044 versus
2408 4995 2657 5046 excidisse.
2702 4999 2825 5046 Nam
2860 5004 2989 5045 recte
3020 4993 3397 5045 Valckenarius:
3426 5016 3453 5036 σι
3486 4993 3621 5042 illud

2068 5072 2221 5194 ἶῗτὸς
2276 5071 2462 5121 famulo
2514 5070 2767 5122 Phoenissae
2820 5070 2977 5136 potius
3024 5070 3275 5131 convenit,
3320 5083 3467 5134 quam
3510 5068 3615 5133 ips-

2130 5163 2199 5196 ro.
2229 5169 2258 5190 ι·
