3767 5825
856 390 1187 451 sEssvlLll
1228 388 1727 453 DAMOGRATis
1767 390 1948 463 QUAE
1989 390 2452 455 SUPER-SUNT.

154 528 471 607 Τριωὸόλου
494 530 550 586 τὸ
586 530 809 603 πλῆθος,
836 529 871 601 ἢ
898 534 1067 611 μικρῷ
1092 532 1273 608 πλέον,

158 616 265 676 Ἐν
298 615 439 695 τρισὶ
463 616 667 683 κυάθοις
691 617 825 694 [τοῦ]
852 618 1119 695 κράματος
1138 619 1456 698 κεκραμένου
1472 662 1489 693 ,

157 703 329 763 Οἴνου
368 704 413 761 δ’
438 704 543 763 ἀπὸ
564 704 772 785 μύρτων
797 704 887 761 καὶ
908 702 1105 772 ὕδατος·
1118 711 1204 763 τοῦ
1236 706 1549 783 παγολύτου.

153 792 289 857 Τοῖς
316 792 425 850 ἀπὸ
448 795 645 871 νεφρῶν
669 792 927 871 οὖροῦσιν,
954 791 989 862 ἢ
1012 798 1105 864 τῆς
1128 794 1355 859 κύστεως

46 900 127 936 ‘265
156 878 323 937 Δίδου
347 878 505 937 πλέον
526 902 585 935 τε
614 878 891 958 φαρμάκου
919 880 1256 959 κεκραμένου.

161 967 301 1027 Ἀπὸ
328 967 557 1038 νήστεως
577 990 632 1025 τε
655 963 1004 1047 καταφέρουσι
1022 968 1113 1026 καὶ
1134 968 1290 1026 κόλου

163 1058 397 1113 Αεπτῶν
414 1078 473 1114 τε
497 1054 705 1113 πάντων
736 1054 948 1133 ἐντέρων
975 1060 1067 1125 τῆς
1088 1054 1130 1113 θ’
1159 1054 1375 1133 ὑστέρας

164 1147 287 1203 Τοῦ
307 1142 587 1224 φαρμάκου
612 1142 751 1201 δίδου
784 1142 876 1218 μὲν
901 1148 970 1209 ὡς
992 1142 1237 1222 δραχμὴν
1264 1142 1389 1218 μίαν
1405 1166 1417 1179 ·

158 1233 247 1289 Δι’
278 1229 463 1297 ὕδατος
490 1228 711 1309 ὄμὸρίου
736 1229 793 1288 δὲ
810 1238 914 1297 τοῖς
934 1232 1269 1309 πυρουμένοις
1284 1254 1297 1266 ·

52 1338 131 1375 270
164 1318 301 1382 Τοῖς
329 1322 643 1397 ἀπυρετοῦσι
667 1318 721 1376 δὲ
750 1317 839 1377 καὶ
864 1318 949 1375 διὰ
977 1316 1241 1397 κράματος
1270 1317 1438 1389 δίδου,

158 1402 325 1464 Ἤτοι
348 1406 395 1463 δ’
423 1404 525 1465 ἀπὸ
555 1403 785 1486 μύρτων,
808 1404 843 1477 ἢ
868 1403 1083 1484 γλυκέος
1105 1410 1193 1463 τοῦ
1224 1408 1508 1486 Κρητικοῦ.

172 1580 239 1637 Εἰ
264 1576 323 1635 δέ
353 1601 428 1643 τις
449 1578 586 1657 ἔχειν
618 1578 854 1657 βούλοιτο
874 1578 947 1657 μὴ
973 1579 1370 1656 πολυμίγματον

166 1664 479 1737 Ἀντίδοτον,
502 1666 619 1724 ἀλλ’
636 1665 861 1745 ἔχουσαν
886 1668 1035 1744 ὀλίγα
1060 1667 1327 1743 μίγματα,

164 1754 391 1823 Ταύτην
417 1754 643 1832 ἀκριὸῶς
668 1755 1046 1833 [συ]σκευάσας
1061 1803 1078 1828 ,
1111 1752 1211 1822 ἔξει
1226 1752 1393 1824 καλὴν

54 1862 133 1899 275
170 1840 319 1919 Πρὸς
340 1839 457 1906 τοὺς
479 1842 690 1907 ἀτόνους
704 1842 1002 1921 στομάχους
1024 1866 1080 1900 τε
1104 1842 1194 1901 καὶ
1219 1840 1535 1921 α’νωρέκτους
1554 1883 1567 1909 ,

166 1928 285 1987 Καὶ
314 1925 433 1994 τοὺς
452 1930 743 2006 καχέκτας,
771 1930 889 1995 τούς
910 1933 957 1986 τ’
980 1933 1339 1995 ἀπεπτοῦντας
1366 1926 1501 2007 ταχὺ
1520 1974 1533 1997 ,

168 2016 317 2095 Πρὸς
338 2024 444 2073 πᾶν
473 2015 519 2073 θ’
544 2017 719 2083 ἁπλῶς
736 2015 950 2094 ἄλγημα
974 2016 1147 2096 κυρίου
1168 2014 1330 2075 τόπου

168 2100 593 2181 Κεχρονισμένον
617 2126 676 2179 τε
703 2104 793 2160 καὶ
813 2103 1141 2174 κατασκευὴν
1172 2102 1313 2182 ἔχον,

166 2190 358 2268 Ταύτῃ
376 2188 618 2269 Τιὸέριον
636 2189 724 2247 τὸν
748 2189 1015 2249 Σεὸαστὸν
1042 2188 1313 2269 χρώμενον

58 2298 137 2336 nu
170 2277 455 2355 Λέγουσιν,
483 2276 647 2347 ἄλλην
675 2276 750 2352 μὴ
782 2276 1079 2335 πεπωκέναι
1105 2275 1251 2335 ποτέ.

162 2362 327 2443 Ἔχει
350 2364 405 2423 δὲ
434 2363 651 2441 μέλανος
680 2364 945 2444 πεπέρεως
964 2363 1108 2421 πέντ’
1137 2363 1375 2442 οὗγγίας,

172 2452 635 2531 Κροκομάγματος
656 2452 1031 2510 πεντεκαίδεκα
1047 2495 1064 2523 ,
1084 2451 1175 2511 καὶ
1201 2452 1360 2533 ῥόδων
1386 2448 1533 2510 δέκα.

162 2537 483 2617 Σεσησμένα
507 2543 673 2596 ταῦτα
694 2538 873 2597 πάντα
893 2538 1061 2615 μέλιτ’
1082 2536 1444 2613 ἀναλάμὸανε.

164 2710 335 2784 Ἄλλη
358 2716 579 2771 ποιοῦσα
602 2710 771 2771 ταύτὰ
799 2716 865 2791 τῇ
885 2709 1329 2791 προγεγραμμένῃ
1345 2734 1359 2747 ·

56 2821 135 2860 28⁶
166 2800 335 2879 Ἔχει
363 2797 419 2857 δὲ
444 2798 605 2881 ῥόδων
632 2798 727 2877 μὲν
748 2799 954 2877 οὖγγίας
979 2798 1053 2866 δὶς
1078 2797 1353 2878 τέσσαρας.

170 2884 501 2963 Κεκομμένα
521 2890 685 2946 ταῦτα
715 2886 890 2944 πάντα
912 2885 1003 2945 καὶ
1026 2883 1323 2964 σεσησμένα

164 2973 529 3051 Ἀναλάμὸαν’
556 2977 693 3054 ἐφθῷ
718 2973 890 3052 μέλιτι
916 2977 990 3055 τῷ
1009 2975 1125 3032 λίαν
1156 2977 1324 3054 καλῷ.

166 3063 335 3122 Δίδου
366 3063 505 3140 [τοῦ]
535 3062 729 3142 καρύου
754 3063 813 3120 τὸ
851 3061 1064 3141 μέγεθος
1085 3069 1175 3122 τοῦ
1204 3065 1461 3123 Ποντικοῦ

164 3155 309 3210 Μετ’
332 3150 676 3228 οἰνομέλιτος,
706 3150 741 3222 ἢ
772 3149 1087 3231 μελικράτου
1108 3151 1409 3232 προσφάτου

64 3257 145 3296 290
174 3236 494 3318 Ἱὶψημένου
518 3241 690 3304 καλῶς
711 3262 767 3296 τε
794 3237 884 3296 καὶ
915 3237 1327 3318 α’πηφρισμένου.

162 3329 295 3390 Τοῖς
320 3323 697 3405 θηριοδήκτοις,
722 3328 757 3396 ἢ
783 3325 851 3384 τὰ
876 3325 1169 3405 δηλητήρια

174 3413 472 3472 Πεπωκόσι
484 3411 799 3490 προσένεγκε
820 3412 1017 3490 καρύου
1047 3413 1106 3470 τὸ
1122 3411 1331 3490 μέγεθος

169 3506 291 3562 Τοῦ
321 3503 594 3580 βασιλικοῦ
616 3503 729 3578 μεθ’
748 3499 880 3558 ἑπτὰ
903 3499 1106 3559 κυάθων
1134 3501 1419 3580 κράματος.

686 3697 1003 3723 -ι-..οοο-ν

602 3835 854 3881 ΡΟΔῙΔΟΣ
890 3835 1107 3881 zama.

166 3968 349 4029 Αὐτὸν
369 3969 415 4026 δ’
442 3969 698 4043 ἐπιμελῶς
720 3969 799 4027 δεῖ
820 3993 879 4027 σε
906 3967 1351 4047 προδιασκευάσαι

62 4079 139 4116 2⁹5
172 4056 369 4120 θῦτως
398 4055 653 4134 ἀκριὸὦς·
680 4057 803 4134 ῥόδα
838 4055 1126 4132 λαμὸάνων
1150 4053 1225 4114 τὰ
1244 4055 1545 4134 πρόσφατα,

170 4143 257 4203 Τὸ
288 4141 479 4222 φύλλον
507 4145 674 4200 αὐτῶν
696 4147 746 4202 ἐν
778 4152 948 4210 σκιαῖς
964 4143 1119 4220 ψύξον
1144 4141 1289 4201 δυσὶν

142 4231 223 4291 Ἣ
254 4230 399 4309 τρισὶ
424 4230 486 4288 τὸ
514 4232 755 4288 πλεῖστον
770 4231 1009 4310 ἡμέραις,
1035 4230 1200 4302 σήσας
1221 4253 1277 4288 τε
1300 4237 1431 4309 τρεῖς

173 4321 379 4399 Λίτρας
406 4321 502 4398 ἀπ’
522 4319 692 4375 αὐτῶν
718 4319 1088 4393 δλμοκόπησον
1110 4319 1417 4396 συμμέτρως

170 4405 407 4486 Σχοίνου
428 4428 487 4463 τε
512 4405 752 4483 δραχμὰς
779 4403 967 4464 εἴκοσιν
999 4396 1055 4462 εὗ
1089 4403 1437 4480 κεκομμένης,

61 4519 141 4554 aio
172 4491 432 4572 Σμύρνης
456 4493 677 4550 δεκάδυο
694 4538 709 4562 ,
732 4493 821 4550 καὶ
844 4493 1031 4572 κρόκου
1058 4492 1133 4557 δὶς
1159 4489 1413 4568 τέσσαρας

175 4580 594 4660 Προσέμπασον,
624 4579 713 4637 καὶ
738 4579 899 4638 κόπτε
923 4579 1075 4638 πάνθ’
1102 4583 1231 4651 ὁμοῦ
1262 4577 1417 4635 πάλιν
1433 4601 1445 4613 ·

173 4670 359 4726 Ποιιῗιν
376 4665 683 4732 κυκλίσκους
713 4669 1001 4743 εὐμεγεθεῖς
1025 4665 1181 4746 ψύξον
1207 4667 1409 4741 καλῶς,

172 4753 340 4814 Οὕτω
368 4753 413 4811 θ’
444 4751 561 4812 ὅσον
588 4755 663 4810 δεῖ
690 4753 921 4830 λάμὸαν’
950 4757 1020 4821 εἷς
1042 4753 1103 4812 τὸ
1129 4753 1428 4834 φάρμακον.

751 4983 983 5004 -Οθοο-

1698 530 1837 587 Quod
1856 532 2020 581 ternos
2035 530 2200 581 obolos
2222 531 2422 594 pendet,
2442 534 2527 580 aut
2553 533 2696 595 paulo
2717 533 2936 595 amplius,

1700 622 1772 665 Ex
1796 619 1943 667 ternis
1961 609 2145 681 'cyathis
2162 618 2260 667 vini
2282 620 2412 681 quod
2430 622 2759 681 cont-imperas

1706 708 1742 753 Ε
1762 708 1948 767 myrteo
1971 708 2083 755 vino
2106 710 2154 755 et
2180 706 2378 767 glaciem
2401 707 2614 756 solvente
2631 720 2770 768 aqua.

1699 792 1791 841 Sed
1810 792 1894 854 qui
1919 794 2169 842 remittunt
2191 807 2252 843 ex
2273 794 2432 843 vesica
2453 797 2540 843 aut
2561 794 2778 855 renibus,

1700 880 1848 941 Magis
1868 880 2140 929 antidotum
2159 880 2216 929 iis
2241 884 2559 943 temperatum
2575 882 2775 945 porrige.

1701 968 1747 1015 Si
1765 980 1876 1015 vero
1893 968 2082 1029 sanguis
2098 982 2126 1016 e
2139 967 2302 1029 jejuno
2327 969 2402 1018 vel
2424 969 2531 1018 colo
2544 1006 2558 1027 ,

1704 1058 1798 1103 Aut
1810 1068 1873 1103 ex
1897 1058 2054 1115 utero,
2073 1058 2158 1104 ant
2175 1070 2236 1105 ex
2257 1056 2489 1105 intestinis
2509 1058 2758 1117 tenuibu5‚

1702 1143 1860 1203 Fluat,
1883 1142 2132 1191 denarium
2150 1142 2284 1192 dabis
2297 1144 2622 1193 medicaminis
2637 1161 2652 1205 ;

1702 1228 1880 1285 Quodsi
1901 1230 2030 1278 febre
2045 1230 2332 1291 affligantur,
2347 1244 2376 1279 e
2393 1231 2574 1280 coelesti
2596 1243 2750 1293 aqua3

1702 1318 1748 1365 Si
1772 1330 1869 1365 non
1893 1316 2178 1378 febricitant,
2198 1316 2351 1366 diluto
2371 1319 2481 1366 vino
2498 1318 2634 1369 dabis

1706 1403 1791 1452 Vel
1814 1408 2020 1464 myrteo,
2041 1404 2118 1453 vel
2137 1405 2282 1454 etiam
2301 1404 2430 1453 dulci
2449 1406 2658 1456 cretico.

1708 1586 1986 1635 Antidotum
2011 1585 2052 1635 si
2069 1587 2176 1649 quis
2193 1600 2290 1635 non
2310 1590 2532 1637 constans
2549 1601 2576 1636 e
2597 1588 2838 1650 pluribus,

1707 1672 1797 1721 Sed
1818 1674 2034 1735 pauculis
2051 1674 2448 1725 medicaminibus
2463 1675 2638 1725 habere
2657 1676 2786 1736 vult,

1704 1764 1805 1810 Hac
1826 1764 2110 1823 praeparata,
2131 1766 2295 1812 exacte
2313 1764 2484 1813 sentiet
2502 1764 2677 1813 bonam

1703 1849 1961 1898 Stomacho
1979 1848 2186 1911 infirmo,
2207 1850 2282 1898 vel
2300 1850 2339 1898 si
2358 1851 2518 1899 cibum
2541 1864 2638 1899 non
2659 1853 2907 1912 appetant,

1706 1935 2000 1997 Habituique
2017 1936 2146 1985 malo
2164 1938 2249 1986 aut
2266 1950 2424 1985 escam
2442 1938 2482 1985 si
2499 1950 2627 2001 saepe
2643 1950 2739 1985 non
2758 1941 2986 2000 coquant,

1705 2022 1829 2081 Quid
1847 2023 2035 2071 multa?
2053 2022 2094 2073 si
2111 2023 2297 2072 dolores
2315 2024 2576 2086 principem
2597 2024 2757 2073 locum

1705 2111 1851 2171 Longi
1876 2113 2054 2159 vexent
2071 2111 2216 2173 etqui
2235 2110 2416 2159 radices
2433 2110 2642 2161 fixerint.

1707 2200 1807 2247 Hac
1824 2211 1966 2246 usum
1986 2198 2226 2247 Tiberium
2245 2199 2577 2260 imperatorem
2598 2200 2756 2249 ferunt

1706 2284 1932 2334 antidoto
1950 2288 2136 2346 potasse
2153 2285 2294 2333 aliam
2314 2286 2445 2334 nullo
2467 2287 2696 2348 tempore.

1706 2373 1915 2421 Assumit
1935 2372 2108 2434 piperis
2129 2372 2248 2435 nigri
2271 2373 2443 2434 quinas
2459 2374 2642 2435 uncias,

1706 2461 2111 2521 crocomagmatis
2127 2462 2296 2523 quinas
2317 2461 2502 2523 decem,
2519 2474 2642 2511 rosoe
2657 2461 2841 2511 decem.

1708 2552 1821 2597 Haec
1838 2548 2002 2597 omnia
2015 2548 2171 2597 cribro
2193 2548 2366 2609 injecta
2383 2550 2524 2599 melle
2549 2550 2793 2599 assumito.

1708 2720 1811 2770 Alia
1826 2721 2068 2771 antidotus
2085 2722 2210 2771 idem
2232 2722 2362 2784 quod
2381 2722 2609 2785 proedicta
2628 2722 2829 2783 faciens3

1711 2809 1855 2857 Habet
1874 2822 2091 2858 rosarum
2107 2812 2340 2873 quattuor
2357 2810 2431 2860 bis
2445 2811 2626 2860 uncias.

1712 2899 1825 2947 Hoec
1840 2898 2138 2948 comminuta
2157 2900 2330 2948 cuncta
2344 2900 2392 2948 et
2414 2898 2596 2948 increta
2612 2897 2771 2947 cribro

1714 2989 1863 3035 cocto
1889 2986 2032 3034 melle
2048 2987 2352 3048 excipiuntur
2376 2985 2785 3048 praestantissimo.

1710 3071 1779 3120 Ad
1800 3071 2174 3132 magnitudinem
2193 3074 2310 3120 tunc
2335 3072 2544 3121 Pontica}
2563 3072 2698 3121 nucis

1714 3163 1781 3207 Da
1800 3171 1910 3206 cum
1931 3159 2086 3208 mulso
2105 3160 2180 3208 vel
2202 3172 2314 3207 cum
2335 3159 2512 3208 recenti
2536 3159 2690 3208 mulsa
2704 3171 2848 3222 aqua,

1711 3252 1866 3305 Quam
1895 3246 2079 3295 coxeris
2101 3247 2190 3296 rite
2213 3248 2261 3295 et
2289 3246 2588 3308 despumaris
2603 3245 2740 3294 bene.

1716 3339 1822 3384 Post
1841 3346 2054 3383 morsum
2078 3333 2214 3395 serae,
2227 3335 2313 3382 aut
2325 3333 2364 3382 si
2383 3346 2622 3383 venenum
2643 3333 2965 3396 absorpserint
2975 3369 2994 3395 ‚

1712 3421 1785 3471 Ad
1808 3420 2182 3482 magnitudinem
2205 3422 2260 3469 tu
2281 3419 2420 3480 regioe
2443 3420 2578 3469 nucis

1714 3509 1839 3556 cum
1860 3511 2042 3570 septem
2066 3507 2250 3570 cyathis
2270 3507 2368 3556 vini
2387 3506 2528 3556 diluti
2539 3507 2733 3558 exhibe.

2005 3856 2282 3898 PASTILLI
2323 3854 2582 3897 nossem
2620 3852 2974 3896 conrsscno.

1714 4001 1914 4057 Oportet
1929 3997 2094 4045 sedulo
2116 3998 2246 4045 hunc
2271 3997 2531 4046 confecisse
2550 3995 2682 4057 prius

1714 4086 1816 4131 flos
1838 4086 2008 4146 pacto:
2028 4083 2239 4133 collectis
2263 4083 2532 4132 recentibus
2555 4083 2676 4132 rosis
2691 4119 2706 4142 ,

1714 4171 1844 4220 Folia
1862 4171 2031 4219 liat-um
2049 4171 2098 4220 in
2113 4171 2282 4218 umbra
2300 4171 2487 4219 exsicca
2505 4183 2589 4232 per
2611 4170 2712 4218 dies
2735 4169 2855 4217 duos

1715 4258 1803 4306 Vel
1824 4262 1919 4307 tres
1937 4258 1996 4306 ad
2021 4259 2297 4320 plurimum,
2315 4273 2374 4306 ex
2398 4258 2471 4306 liis
2489 4257 2719 4306 cribratas
2734 4257 2878 4306 libras

1716 4348 1833 4393 Troe
1854 4344 1948 4405 pila
1969 4344 2116 4392 tunde
2133 4347 2183 4393 at
2197 4357 2312 4392 cura
2329 4356 2390 4392 ne
2409 4343 2584 4392 tundas
2605 4343 2776 4402 nimis;

1715 4432 1853 4480 Junci
1874 4431 2062 4480 contusi
2086 4431 2176 4479 rite
2191 4429 2442 4480 drachmas
2461 4431 2534 4479 bis
2551 4429 2735 4491 decem,

1718 4520 1923 4580 Myrrhae
1947 4519 2218 4578 duodecim,
2245 4519 2373 4566 croci
2393 4518 2465 4566 bis
2482 4519 2710 4579 quattuor

1724 4612 1942 4668 insperge
1967 4609 2014 4652 et
2039 4617 2200 4653 rursus
2224 4617 2318 4653 una
2340 4604 2581 4653 contunde
2607 4603 2786 4652 omnia.

1723 4694 1936 4742 Pastillos
1961 4693 2084 4752 tinge
2107 4691 2423 4754 praegrandoe,
2453 4691 2578 4739 sicca
2597 4689 2745 4747 bene;

1722 4779 1898 4830 Deinde
1917 4783 2150 4841 quantum
2173 4783 2361 4841 oportet
2379 4791 2515 4827 sume
2532 4777 2582 4825 in
2600 4776 2927 4838 pharmacum.

2372 4985 2652 5006 ⁴000-—

3135 404 3240 455 127
