3767 5825
416 374 492 417 11.
1805 349 2229 411 PRAEFATIO.

416 508 438 527 ιι
479 478 616 535 lude
643 476 977 535 Valerianus
1003 486 1242 531 octavus
1277 484 1605 529 sanctorum
1629 471 1814 529 hostis
1840 471 1963 534 suit.

414 596 434 617 ιι
475 567 614 623 Post
651 585 782 623 eum
811 562 1128 639 interjectis
1156 562 1324 619 annis
1357 563 1477 617 fere
1506 560 1965 635 quinquaginta,

414 680 440 709 ιι
475 655 838 713 Diocletiano
897 664 954 709 et
1012 649 1432 709 Maximiniano
1507 646 1964 723 imperantibus,

413 768 440 796 α
477 741 852 801 acerbissima
871 739 1198 819 persecutio
1227 750 1450 807 exorta,
1482 755 1611 814 quae
1633 756 1736 813 per
1753 756 1794 793 x
1829 756 1968 793 con-

414 856 441 885 «
473 833 668 891 tinuos
693 848 876 888 annos
894 827 1123 908 plebem
1144 827 1256 885 Dei
1281 825 1630 904 depopulata
1662 837 1770 895 est,
1799 851 1822 875 υ
1851 838 1963 883 etc.

406 922 480 980 Et
505 919 793 981 consentit
821 922 1078 976 Lactant.
1113 915 1198 973 De
1230 927 1403 971 mort.
1436 926 1722 991 persecut.
1757 932 1806 973 c.
1837 921 1869 981 4
1898 914 1991 971 de-

405 1008 612 1081 Decio,
635 1029 686 1067 c.
721 1008 754 1065 5
777 1006 850 1065 de
884 1004 1210 1073 Valeriano,
1245 1024 1298 1061 c.
1323 1004 1358 1059 6
1382 1002 1762 1061 Aurelianum
1785 1002 1964 1077 addit,

408 1109 530 1157 tum
554 1096 628 1155 de
649 1093 1013 1154 Diocletiano
1031 1103 1090 1149 et
1111 1090 1466 1150 Maximiano
1483 1102 1730 1167 utroque
1749 1089 1967 1165 longis·

409 1186 616 1247 simam
647 1183 886 1243 exhibet
927 1180 1320 1241 narrationem
1348 1198 1384 1237 a
1413 1200 1462 1237 c.
1490 1199 1521 1250 7
1546 1177 1662 1235 fere
1691 1197 1873 1255 usque
1900 1178 1969 1235 ad

409 1274 603 1334 finem.
643 1271 842 1330 Potest
882 1272 1062 1346 igitur
1097 1267 1422 1325 verisimile
1453 1264 1677 1339 videri,
1705 1265 1815 1323 sub
1854 1286 1971 1323 uno

409 1361 618 1422 horum
634 1361 1052 1438 imperatorum
1067 1356 1290 1415 vixisse
1300 1353 1477 1431 hujus
1493 1352 1637 1411 libri
1651 1368 1966 1412 auctorem.

409 1448 523 1511 Sed
547 1461 613 1509 ut
643 1465 846 1506 verum
897 1444 1108 1519 fatear,
1159 1441 1392 1499 videtur
1433 1441 1578 1499 mihi
1620 1454 1741 1497 tum
1773 1444 1970 1518 potius

405 1544 718 1615 principum
735 1577 751 1606 ,
798 1553 970 1611 quam
1011 1537 1286 1588 civitatum
1343 1531 1492 1588 iram
1548 1542 1971 1588 memoraturus

411 1626 609 1686 fuisse.
635 1624 854 1681 Contra
873 1634 932 1679 et
951 1620 1154 1677 harum
1183 1618 1400 1675 mentio
1413 1660 1430 1689 ,
1456 1629 1513 1673 et
1529 1616 1783 1694 epitheta
1803 1616 1973 1677 Chri·

411 1712 616 1773 stianis
639 1706 920 1769 attributa
943 1708 1142 1786 potius
1167 1704 1394 1763 Juliani
1420 1718 1682 1781 tempora
1708 1703 1974 1763 redolere

411 1800 708 1871 videntur,
740 1815 913 1875 quem
940 1807 1164 1853 constat
1182 1792 1436 1851 abfuisse
1463 1792 1700 1870 quidem
1721 1792 1913 1871 ipsum
1944 1814 1977 1851 a

411 1888 689 1949 violentis
698 1884 978 1944 adversus
990 1881 1350 1940 Christianos
1365 1879 1592 1956 legibus
1607 1882 1979 1959 cruentisque

416 1974 656 2047 edictis,
691 1991 896 2032 verum
930 1983 988 2029 et
1015 1969 1247 2047 scriptis
1280 1967 1402 2027 suis
1427 1986 1632 2025 eorum
1651 1967 1975 2026 doctrinam

413 2076 474 2123 et
491 2080 682 2122 mores
694 2060 953 2120 irrisisse
971 2069 1030 2116 et
1043 2057 1204 2132 vulgi
1219 2056 1355 2114 odio
1379 2068 1584 2113 contra
1603 2055 1816 2133 impios
1841 2056 1978 2115 deo-

417 2169 665 2228 rumque
679 2159 1126 2226 contemptores,
1145 2144 1344 2223 quales
1361 2142 1726 2203 habebantur
1740 2158 1798 2203 et
1815 2145 1980 2206 dice-

417 2238 632 2299 bantur
650 2236 991 2308 Christiani,
1014 2236 1078 2292 in
1097 2232 1280 2292 caedes
1293 2245 1352 2291 et
1371 2232 1643 2291 incendia
1653 2252 1814 2291 erum
1820 2236 1980 2311 penti

419 2326 562 2385 satis
594 2324 988 2399 indulgentem
1011 2320 1271 2399 judicem
1297 2338 1360 2378 se
1403 2320 1777 2399 praestitisse,
1811 2322 1981 2400 cujus

421 2416 508 2473 rei
547 2433 730 2472 unum
775 2410 1104 2489 exemplum
1147 2427 1498 2467 memorasse
1534 2408 1784 2467 sufficiat
1820 2411 1981 2469 illam

417 2502 745 2563 terribilem
764 2498 1295 2558 Alexandrinorum
1317 2495 1685 2568 seditionem,
1709 2517 1824 2574 qua
1846 2518 1986 2575 per-

417 2590 588 2649 multi
612 2586 933 2647 Christiani
972 2584 1260 2663 cujusque
1291 2584 1471 2643 aetatis
1491 2596 1549 2642 et
1569 2603 1740 2643 sexus
1781 2587 1985 2645 crude-

421 2678 642 2739 lissime
668 2675 942 2736 trucidati
978 2674 1265 2732 feruntur.

501 2766 741 2827 Accedit
760 2763 917 2824 aliud
937 2775 1314 2823 momentum.
1341 2760 1411 2820 ln
1429 2761 1540 2820 hoc
1565 2762 1800 2839 quidem
1831 2763 1986 2821 libro

421 2854 570 2918 nihil
628 2854 965 2914 invenimus
1024 2852 1097 2910 de
1145 2849 1650 2930 persecutionibus
1706 2851 1987 2911 adversus

422 2944 746 3020 astrologos
763 2955 822 3000 et
853 2940 1286 3000 mathematicos
1305 2941 1608 3012 exercitis3
1641 2941 1840 3016 quales
1871 2962 1989 3000 non

423 3035 613 3093 solum
644 3031 782 3090 libri
811 3031 1001 3088 ultimi
1033 3031 1180 3106 fine,
1201 3028 1302 3087 sed
1321 3029 1494 3086 etiam
1524 3027 1604 3104 ll,
1633 3048 1741 3085 201
1767 3048 1802 3086 a
1828 3043 1991 3088 vetu-

423 3123 605 3182 stiore
617 3131 788 3199 poeta
804 3119 1162 3189 innuuntur;
1181 3118 1325 3194 quin
1349 3137 1462 3176 212
1479 3135 1569 3193 sq.
1588 3118 1759 3174 etiam
1777 3137 1991 3192 genera

426 3220 727 3268 enumerat
747 3207 839 3265 illi
863 3225 982 3265 non
1012 3206 1204 3264 dicta:
1239 3204 1610 3282 ὑδρομάντιας,
1639 3237 1721 3249 -
1738 3195 1810 3270 οἷς
1833 3207 1991 3263 λεκα-

425 3294 677 3368 νοσκοπίη
689 3293 990 3353 πιστεύεται
1000 3292 1034 3362 ἢ
1045 3291 1343 3369 νεκυῖσμός.
1355 3291 1392 3350 J
1395 3312 1484 3350 am
1497 3293 1877 3370 imperatores
1888 3297 1987 3371 qui

429 3384 821 3444 Alexandrum
855 3386 1130 3441 Severum
1158 3381 1342 3440 secuti
1380 3393 1532 3452 sunt,
1565 3382 1697 3458 plus
1729 3383 1993 3441 minusve

425 3475 644 3534 scimus
655 3473 827 3530 etiam
839 3470 932 3529 his
941 3469 1281 3528 hominibus
1296 3468 1661 3527 adversarios
1672 3471 1962 3528 exstitisse
1976 3496 1991 3542 3

427 3561 572 3640 quid
587 3559 745 3638 quod
759 3558 1174 3636 Constantinus
1184 3557 1476 3635 supplicio
1487 3557 1717 3636 capitis,
1737 3571 1800 3614 ut
1819 3559 1990 3631 alios,

428 3653 502 3708 ita
527 3648 697 3707 etiam
725 3644 1028 3704 Chaldaeos
1055 3657 1113 3702 et
1157 3643 1350 3720 Magos
1375 3643 1538 3701 feriri
1553 3642 1761 3719 jussit3
1795 3659 1995 3704 contra

429 3755 578 3794 unus
604 3733 874 3792 Julianus
897 3752 1074 3810 quum
1101 3732 1446 3807 religionem
1475 3749 1756 3809 paganam
1782 3747 1994 3808 myste-

432 3825 683 3894 riorum,
705 3822 1076 3880 oraculorum
1105 3833 1277 3898 atque
1310 3819 1472 3878 omni
1499 3831 1852 3878 secretorum
1877 3822 1996 3879 cul·

432 3927 590 3970 tuum
645 3923 702 3970 et
741 3909 1220 3988 superstitionum
1268 3908 1490 3966 auxilio
1537 3909 1756 3984 optime
1800 3909 1995 3968 fulciri

431 4019 602 4079 posse
627 3997 899 4078 putabat,
924 3998 1098 4056 etiam
1131 3996 1664 4054 mathematicorum
1687 3995 1882 4054 studia
1907 3997 1995 4054 in-

432 4090 584 4164 signi
613 4087 810 4145 favore
837 4086 1220 4144 resuscitavit.
1253 4083 1435 4160 Cujus
1473 4096 1710 4142 conatus
1739 4085 1995 4143 testimo-

434 4179 596 4236 nium
625 4194 804 4233 unum
827 4175 1041 4232 sufficit
1071 4173 1404 4231 adscribere
1422 4171 1612 4230 locum
1643 4191 1717 4230 ex
1736 4173 1994 4231 Mamer-

432 4269 538 4323 tini
560 4262 815 4322 Gratiar.
839 4275 949 4320 act.
969 4261 1042 4320 ad
1058 4260 1179 4321 Jul.
1203 4282 1254 4320 c.
1278 4261 1355 4317 23
1378 4280 1434 4319 τοι
1457 4259 1547 4316 Tu
1565 4258 1993 4338 philosophiam

441 4379 464 4404 ιι
499 4352 698 4432 paullo
746 4363 876 4408 ante
924 4363 1249 4428 suspectam
1266 4392 1283 4420 ,
1332 4368 1398 4406 ac
1431 4347 1645 4406 nedum
1687 4349 1995 4425 spoliatam

439 4467 466 4494 α
499 4438 848 4510 honoribus,
885 4438 986 4497 sed
1015 4451 1335 4496 accusatam
1365 4456 1432 4495 ac
1457 4457 1638 4507 ream,
1673 4456 1790 4493 non
1821 4438 1994 4495 modo

441 4555 466 4582 α
500 4528 731 4607 judicio
760 4527 1053 4597 liberasti,
1085 4525 1186 4584 sed
1222 4528 1487 4582 amictam
1523 4545 1815 4602 purpura,
1853 4546 1999 4584 auro

441 4643 468 4671 α
501 4621 856 4694 gemmisque
895 4614 1222 4673 redimitam
1240 4657 1257 4684 ,
1299 4617 1357 4670 in
1399 4613 1579 4689 regali
1621 4614 1772 4670 solio
1813 4615 1995 4672 collo-

445 4732 470 4758 ιι
505 4705 668 4764 casti.
690 4705 1117 4781 Suspicerejam
1143 4710 1202 4760 in
1222 4707 1420 4759 coelum
1443 4703 1566 4758 licet
1583 4715 1637 4758 et
1652 4709 1854 4758 securis
1875 4724 2001 4759 con·-

443 4820 470 4847 ιι
502 4797 763 4870 templati
780 4807 935 4850 astra
959 4795 1270 4859 luminibus,
1302 4792 1404 4868 qui
1430 4790 1628 4868 paullo
1642 4803 1794 4860 ante,
1819 4811 1997 4870 peco-

445 4907 472 4934 α
504 4900 636 4940 rum
679 4893 851 4958 atque
870 4879 1313 4959 quadrupedum
1347 4880 1728 4938 animantium
1761 4880 1915 4952 ritu,
1941 4884 2000 4936 in

445 4995 472 5023 ιι
505 4969 742 5028 humum
776 4969 940 5027 visus
975 4968 1234 5047 trepidos
1278 4967 1614 5043 figebamus.
1661 4967 1806 5038 Quis
1841 4970 1999 5026 enim

446 5087 470 5112 a
505 5069 766 5138 spectare
780 5057 1017 5117 auderet
1039 5070 1228 5116 ortum
1259 5057 1504 5133 sideris,
1531 5058 1659 5134 quis
1695 5061 2003 5115 occasum?

2068 498 2095 523 ιι
2128 471 2425 545 signorum
2463 466 2785 525 coelaetium
2811 463 3185 539 temperanda
3219 475 3381 532 sunt,
3414 476 3623 539 tempe·

2066 585 2093 611 ιι
2126 570 2334 617 statum
2364 557 2649 635 praesagia
2682 554 3063 613 rimabantur.
3110 552 3226 629 lpsi
3272 562 3495 619 nautae,
3526 551 3626 625 qui

2068 674 2094 701 ιι
2125 659 2444 706 nocturnos
2482 662 2687 701 cursus
2714 642 2787 700 ad
2816 656 2971 699 astra
3001 640 3402 708 moderantur,
3440 639 3631 695 stella-

2068 762 2093 789 «
2127 755 2259 793 rum
2288 731 2627 793 nominibus
2648 730 3035 789 abstinebant.
3053 727 3305 786 Prorsus
3326 740 3489 783 terra
3514 746 3631 783 ma-

2068 850 2092 876 «
2128 825 2297 902 rique
2318 842 2436 879 non
2465 821 2691 878 ratione
2719 818 2964 892 coelesti,
2996 815 3096 875 sed
3116 835 3253 875 casu
3276 836 3347 872 ac
3376 828 3593 873 temere
3610 858 3631 887 ,

2068 939 2093 964 ιι
2128 910 2458 969 vivebatur.
2490 936 2514 961 a»
2558 908 2765 979 Vides,
2792 927 2911 965 non
2940 905 3156 963 minori
3197 903 3377 963 fuisse
3408 902 3637 961 Juliani

2060 1001 2374 1078 imperium
2406 1009 2579 1074 atque
2614 995 2933 1055 Alexandri
2968 993 3171 1050 Severi
3208 993 3635 1061 invitamento,

2060 1089 2113 1147 si
2139 1090 2270 1165 quis
2289 1086 2361 1143 de
2384 1083 2561 1145 rebus
2586 1082 2951 1157 astrologicis
2980 1079 3239 1139 scribere
3272 1094 3495 1138 averet.

2142 1174 2254 1233 Sed
2278 1187 2402 1233 utut
2424 1186 2531 1244 est,
2556 1172 2616 1231 id
2636 1172 2873 1249 quidem
2894 1182 3057 1228 extra
3081 1166 3515 1226 dubitationem
3536 1188 3641 1245 po-

2063 1264 2238 1323 situm
2269 1261 2525 1332 videtur,
2558 1260 2653 1319 his
2678 1259 2891 1319 studiis
2924 1272 3096 1335 atque
3120 1258 3409 1334 poematis
3436 1259 3647 1315 termi-

2064 1372 2201 1410 num
2219 1351 2473 1429 positum
2490 1349 2663 1408 fnisse
2676 1346 3081 1407 crudelissima
3092 1345 3194 1402 illa
3204 1348 3641 1423 persecutione,

2065 1457 2181 1516 qua
2199 1437 2407 1495 Valens
2431 1437 2502 1495 de
2526 1436 2759 1495 insidiis
2774 1434 2890 1494 sibi
2912 1434 3147 1493 structis
3168 1433 3485 1503 sollicitus,
3514 1454 3649 1510 quae

2064 1526 2299 1603 quidem
2340 1526 2601 1583 excitatae
2646 1524 2989 1583 dicebantur
3016 1542 3118 1599 ee,
3156 1520 3315 1598 quod
3360 1524 3645 1579 nonnulli

2066 1614 2138 1672 de
2159 1621 2384 1671 nomine
2412 1620 2742 1689 imperaturi
2753 1626 2885 1689 post
2912 1614 3205 1667 Valentem
3238 1611 3487 1667 secretis
3516 1613 3651 1667 arti·

2064 1700 2177 1760 bus
2205 1703 2562 1761 consuluisse
2587 1699 2999 1775 arguebantur,
3036 1718 3297 1773 magnam
3326 1700 3649 1755 noxiorum

2068 1788 2443 1847 innoxiorum
2460 1788 2889 1848 multitudinem
2908 1787 3141 1844 afflixit.
3158 1786 3365 1863 Operae
3382 1787 3649 1862 pretium

2068 1890 2154 1935 est
2180 1877 2251 1935 de
2278 1897 2347 1935 ea
2364 1898 2426 1936 re
2447 1878 2639 1953 legere
2667 1878 2954 1935 Ammian.
2980 1874 3237 1933 Marcell.
3268 1872 3492 1945 xxm,
3526 1896 3647 1942 1-2,

2068 1965 2455 2024 vividissimis
2477 1963 2777 2024 coloribus
2805 1963 3001 2021 omnia
3030 1962 3463 2041 depingentem.
3498 1962 3655 2021 Tum

2072 2054 2252 2125 enim,
2265 2075 2443 2131 quum
2455 2054 2546 2111 vel
2573 2080 2595 2103 ιι
2615 2052 3229 2110 incantamentaanilia
3242 2078 3264 2103 n
3284 2052 3444 2108 inter
3456 2050 3653 2109 libros

2076 2160 2311 2201 reorum
2326 2156 2426 2200 aut
2439 2140 2797 2219 deprehensa
2822 2152 2921 2197 aut
2948 2138 3353 2197 adelatoribus
3372 2139 3657 2197 immixta

2076 2235 2216 2291 satis
2242 2246 2433 2291 essent
2454 2233 2525 2289 ad
2550 2230 2981 2299 crudelissimas
3008 2248 3208 2306 poenas
3246 2228 3653 2298 exercendas,

2080 2332 2270 2379 tantus
2297 2340 2498 2380 omnes
2532 2321 2752 2377 invasit
2772 2331 2985 2389 terror,
3016 2328 3081 2374 ut
3123 2344 3147 2367 ιι
3179 2330 3331 2374 metu
3357 2317 3655 2375 similium

2078 2408 2323 2469 libraria
2369 2410 2566 2468 omnia
2598 2420 2927 2467 exurerent.
2972 2433 2997 2457 ιι
3034 2405 3174 2463 Post
3214 2405 3379 2463 illum
3430 2426 3653 2463 annum

2080 2499 2259 2573 igitur
2288 2514 2389 2559 aut
2422 2499 2693 2557 Nostrum
2724 2511 2823 2555 aut
2844 2497 3024 2555 alium
3052 2496 3358 2573 scripsisse
3382 2496 3509 2553 vix
3540 2516 3657 2555 cre·

2078 2586 2263 2647 dibile
2284 2602 2390 2659 est,
2410 2589 2526 2647 nisi
2543 2586 2779 2645 aliunde
2808 2585 2940 2663 ejus
2963 2584 3147 2641 aetatis
3168 2584 3497 2659 vestigium
3522 2604 3657 2663 pro-

2076 2672 2273 2734 babile
2299 2675 2625 2751 detegatur,
2658 2674 2831 2751 quale
2874 2674 2936 2731 in
2957 2672 3319 2730 Lithicorum
3359 2673 3660 2750 scriptore

2082 2762 2329 2822 feliciter
2382 2767 2600 2842 reperit
2653 2763 2703 2819 T
2706 2760 2967 2840 yrwhitti
3024 2760 3304 2835 sagacitas
3358 2761 3433 2817 in
3492 2762 3656 2839 praef.

2080 2873 2137 2930 p.
2158 2874 2253 2910 va
2278 2872 2367 2931 sq.

2160 2942 2290 3000 Jam
2316 2963 2477 3014 vere,
2507 2955 2812 3020 postquam
2834 2953 2893 2998 et
2916 2958 3097 2998 unum
3128 2958 3250 2998 esse
3273 2937 3426 2998 libri
3468 2941 3661 3016 quarti

2084 3046 2373 3090 auctorem
2401 3045 2457 3088 et
2482 3050 2576 3103 eo,
2616 3032 2720 3107 qui
2749 3043 2865 3088 tres
2895 3030 3121 3108 priores
3158 3026 3345 3086 libros
3382 3031 3663 3107 scripsit,

2084 3121 2460 3178 recentiorem
2484 3120 2765 3190 vidimus,
2793 3133 3098 3196 antequam
3115 3116 3189 3174 ad
3210 3117 3457 3192 singula
3484 3133 3665 3176 trans-

2082 3221 2283 3267 euntes
2310 3220 2367 3266 et
2389 3207 2768 3266 imitationem
2794 3206 2921 3283 ejus
2954 3225 3373 3283 persequamur
3406 3219 3475 3262 et
3514 3207 3663 3264 lacu·

2084 3317 2187 3354 nas
2238 3297 2588 3373 aperiamus,
2641 3315 2825 3373 pauca
2854 3295 3025 3352 etiam
3063 3293 3134 3350 de
3180 3312 3463 3351 sermone
3494 3309 3557 3352 et
3598 3295 3663 3350 de

2084 3383 2353 3443 versibus
2377 3384 2504 3461 ejus
2528 3383 2769 3460 insuper
2792 3381 3003 3439 addere
3024 3381 3229 3459 placet.

2164 3473 2347 3532 Notan
2354 3473 2427 3530 da
2440 3474 2512 3530 de
2534 3472 2782 3547 singulis
2796 3469 2995 3529 verbis
3009 3470 3181 3527 etiam
3202 3467 3327 3526 haec
3346 3489 3362 3524 :
3386 3467 3659 3550 μεροπιξια

2086 3562 2212 3641 ἔργα
2242 3564 2385 3635 215,
2430 3582 2539 3639 pro
2576 3581 2693 3639 quo
2731 3561 2879 3617 alius
2908 3557 3173 3637 μεροπήια
3206 3561 3347 3637 φῦλα
3374 3559 3659 3622 dixisset;

2087 3651 2395 3731 ἐπιὸήτορες
2423 3651 2589 3709 vario
2624 3649 2797 3708 modo
2821 3649 3088 3725 junctum
3124 3668 3139 3705 :
3166 3647 3339 3718 λύπης
3370 3649 3477 3707 33.
3500 3653 3663 3706 πολυ-

2088 3740 2487 3817 πλαγκτοσύνης
2502 3761 2634 3798 222.
2664 3734 3133 3816 θηροδιδασκαλίης
3149 3737 3285 3803 245.
3304 3736 3517 3814 χλεύης
3536 3739 3663 3794 280.

2088 3828 2258 3906 γήρως
2277 3829 2384 3886 281
2400 3873 2413 3884 .
2434 3825 2736 3907 αἰθροτόκου
2746 3829 2899 3904 γονῆς
2912 3825 3045 3898 339.
3061 3823 3237 3894 πάσης
3247 3830 3519 3902 στρατιῆς
3536 3837 3607 3898 47
3622 3848 3663 3884 ι.

2089 3916 2253 3987 ξενίης
2281 3917 2386 3974 521
2411 3939 2428 3988 ;
2448 3915 2690 3994 προκοπή
2718 3937 2748 3986 7
2764 3937 2815 3986 1,
2836 3923 2943 3986 471
2969 3936 2986 3984 3
3008 3925 3209 3970 neutra
3228 3912 3666 3988 adjectivorum

2089 4003 2340 4082 pluralia
2360 4025 2471 4082 pro
2497 4001 2793 4060 adverbiis
2816 4014 3091 4080 usurpata
3116 4020 3131 4058 ε
3162 4001 3423 4077 πλαγκτὰ
3454 4005 3665 4080 διχαζο-

2091 4112 2241 4165 μενος
2271 4113 2320 4162 7.
2363 4089 2489 4170 ὀρθὰ
2530 4092 2990 4170 τεκμαιρομένοισι
3034 4111 3123 4146 10.
3174 4088 3465 4146 nohum&
3514 4095 3671 4169 περῶ-

2090 4199 2159 4234 σα
2213 4179 2307 4250 78.
2339 4177 2464 4245 λοξὰ
2499 4179 2891 4236 ταλαντεύουσα
2935 4199 3031 4254 92.
3070 4176 3255 4245 ἀνάξια
3286 4181 3669 4256 Θηλυμανοῧν-

2090 4289 2184 4331 τας
2223 4269 2354 4334 164.
2388 4265 2617 4347 στρεὸλὰ
2658 4267 2997 4343 κολαζόμενοι
3032 4267 3160 4344 198.
3192 4265 3517 4347 ‹pondu-0102
3548 4273 3669 4326 esa-

2092 4360 2478 4434 τρομανοῧντας
2534 4376 2669 4428 277.
2744 4353 3019 4432 δολοεργία
3092 4361 3467 4435 νυμφευθεῖσα
3542 4359 3667 4432 394.

2091 4442 2335 4522 ἰσόμοιρα
2366 4442 2563 4522 πελάζῃ
2592 4454 2725 4519 409.
2776 4443 3002 4524 ἐπίψογα
3045 4441 3233 4508 νύκτας
3266 4441 3515 4519 ἄγουσαι
3552 4447 3673 4502 506.

2092 4529 2437 4607 τετελεσμένα
2452 4530 2908 4609 τερμοδρομούσης
2934 4531 3069 4590 520.
3097 4529 3419 4610 θρασύθυμα
3454 4535 3675 4610 μεμηνό-

2094 4641 2176 4684 τες
2203 4619 2339 4694 529.
2359 4618 2590 4696 ὁμόζυγα
2605 4619 2949 4698 λατρεύοντας
2970 4621 3107 4678 602.
3136 4617 3208 4676 Et
3232 4619 3315 4678 ita
3336 4621 3535 4678 etiam
3574 4623 3672 4678 303
3711 4653 3712 4692 }

2092 4706 2499 4784 explicandum
2524 4728 2537 4763 ε
2560 4705 2835 4786 κακώτερα
2858 4707 3246 4782 βλαστῆσουσιν
3269 4707 3675 4784 ithae-:onogia
3711 4693 3712 4698 ¹

2093 4793 2207 4850 Nec
2236 4793 2543 4866 dissimile,
2570 4795 2729 4872 quod
2755 4795 2867 4852 355
2891 4795 3128 4873 scripsi,
3153 4795 3389 4854 παντοῖα
3414 4799 3673 4874 μιγείσας.

2092 4880 2261 4951 Qu'od
2280 4904 2439 4938 casus
2457 4887 2675 4959 attinet,
2704 4885 2784 4940 nil
2806 4882 3187 4944 memorabile
3208 4885 3423 4944 inveni
3446 4889 3573 4946 nisi
3594 4909 3677 4962 ge-

2094 4971 2311 5028 nitivos
2332 4971 2630 5042 σεληνάζων
2658 4971 2794 5031 νόοιο
2818 4974 2885 5030 81
2910 5019 2927 5048 ‚
2946 4971 3215 5046 ἀλήμονας
3236 4964 3299 5044 ἧς
3318 4975 3529 5052 χθονός
3552 4987 3673 5048 449,

2092 5071 2149 5116 et
2192 5062 2347 5134 σῶμα
2386 5059 2769 5138 περισσομελής
2812 5062 2921 5128 464
2966 5060 3397 5120 accusativum.
3436 5067 3593 5122 Tum
3620 5065 3677 5121 de

447 5172 476 5202 ι
507 5165 584 5206 ne
601 5145 869 5221 agricola
893 5146 1156 5222 quidem,
1186 5165 1440 5223 quorum
1469 5165 1648 5224 opera
1685 5147 1756 5204 ad
1783 5161 1999 5205 motum
2095 5147 2509 5226 praepositione
2528 5151 2597 5212 εἷς
2618 5149 2737 5207 vid.
2767 5170 2838 5221 72
2860 5147 2937 5206 ὅσ’
2956 5150 3029 5214 εἷς
3048 5153 3256 5224 μοῦσαν
3278 5151 3617 5222 «steno-mm,
3634 5166 3673 5208 ez
3708 5209 3710 5214 Α
