3767 5825
1368 392 1797 455 PRAEFA‘rio.
3093 392 3162 467 xl

116 536 157 582 tn
170 530 365 582 uetiam
380 529 590 577 emtione
608 541 625 576 ι
1028 532 1083 575 tn
1110 526 1202 575 hac
1228 525 1471 575 editione:

68 631 115 679 V.
164 625 239 677 30.
260 616 593 697 ,ἷσοφαρίσδεν
608 657 1025 674 ...........
1026 638 1029 641 ’
1048 659 1064 672 .
1092 660 1105 674 .
1130 659 1144 673 .
1162 614 1510 695 ἷσοιραρίσδειν

156 710 232 780 39.
272 708 327 761 οὗ
350 708 439 764 δᾶν
451 746 1186 763 ...................
1200 706 1255 761 οὗ
1281 707 1389 761 Δᾶν
1412 704 1495 782 (2)

152 802 232 855 63.
272 795 497 866 ἃνήθινον
511 836 1168 854 .................
1180 793 1421 865 ἀνήτινον
1456 794 1536 871 (3)

152 888 233 960 69.
275 881 593 961 μεμναμένος
604 924 1141 943 ..............
1156 881 1485 960 μεμνημένος

148 975 233 1045 73.
278 969 440 1039 ξενίας
450 1012 1151 1031 ..................
1164 971 1360 1037 Ξενίας
1382 970 1457 1049 (4)

152 1071 234 1131 74.
273 1062 636 1140 ἀμφεπολεῖτο,
660 1058 752 1118 καὶ
774 1062 870 1125 ὥς.
899 1102 913 1115 .
937 1103 950 1114 .
978 1106 991 1118 .
1006 1058 1299 1140 ἀμφεπόλει
1314 1104 1331 1131 ,
1352 1063 1460 1138 χώς
1482 1062 1534 1117 αἱ

149 1151 229 1221 75.
267 1146 503 1227 ὄχθῃσιν.
528 1192 544 1205 .
570 1192 585 1203 .
611 1195 625 1207 .
652 1172 667 1205 :
692 1192 906 1207 ......
912 1223 919 1229 .
933 1188 1188 1205 .......
1202 1146 1443 1226 ὄχθαισιν

150 1258 230 1313 79.
266 1240 483 1316 κακῇσιν
502 1235 857 1315 ἀτασθαλίῃ-.
886 1278 903 1295 .
927 1282 942 1295 .
968 1280 981 1291 .
1006 1281 1018 1291 .
1033 1244 1280 1294 κακαῖσιν
1302 1222 1534 1295 ἀτασθα-

678 1349 758 1383 σιν
1237 1325 1432 1383 λίαισιν
1458 1326 1541 1405 (5)

150 1416 227 1471 83.
266 1411 521 1483 πεπόνθης
532 1456 1183 1473 .................
1188 1411 1457 1479 πεπόνθεις

146 1505 225 1561 86.
266 1506 343 1559 ἐπ’
369 1506 495 1579 ἐμεῦ
509 1543 1165 1561 .................
1178 1504 1261 1559 ἐπ’
1285 1502 1404 1579 ἐμοὶ
1430 1500 1509 1579 (6)

146 1593 225 1665 89.
262 1588 611 1649 κατακέκλισο
622 1632 1155 1649 ..............
1168 1588 1511 1649 κατεκέκλισο

146 1700 224 1754 90.
263 1678 591 1739 ἀνεπαύσατο
604 1722 1056 1739 ............
1082 1678 1426 1739 ἀπεπαύσατο
1452 1680 1535 1761 (7)

142 1790 223 1842 91.
260 1766 433 1845 κηγών
446 1810 1149 1828 ..................
1176 1816 1184 1822 .
1215 1770 1391 1845 ,κηγώ

143 1865 223 1929 94.
262 1864 495 1935 γεραῐρεν
508 1898 1167 1917 .................
1182 1858 1437 1938 γεραίρειν

140 1966 221 2017 97.
262 1944 497 2023 ἔρανται.
522 1988 535 2001 .
560 1988 577 2002 -.
604 1986 939 2001 .........
967 1996 975 2001 .
1003 1988 1177 2002 .....
1194 1947 1367 2025 ἐρᾶντι
1392 1946 1474 2024 (8)

116 2052 220 2089 100.
258 2033 420 2090 ἀεὶδεν
435 2074 1213 2095 ....................
1227 2034 1415 2091 ἀείδειν

114 2122 218 2178 103.
258 2118 491 2197 Ὀμόλας
506 2162 1201 2181 ..................
1217 2121 1435 2198 Ὀμόλω

114 2210 220 2265 105.
261 2208 351 2267 εἴτ’
360 2208 471 2267 ἔστ’
482 2199 590 2287 ἆρα
606 2207 971 2274 Φιλῖνος..ε’ίτε
981 2212 1197 2275 Φιλῖνος
1209 2208 1290 2290 ἄρ’
1304 2210 1442 2267 ἐστὶν
1456 2210 1537 2288 (9)

48 2415 197 2465 duobus
220 2417 354 2467 codd.
380 2412 547 2483 ιᾶμιν
570 2420 803 2483 vulgatam
834 2421 1081 2470 lectionem
1121 2421 1265 2470 fuisse
1308 2422 1358 2469 iu
1393 2423 1541 2489 Apol—

46 2488 135 2537 lonii
168 2492 309 2541 verbis
344 2492 483 2543 inest.
504 2494 727 2544 Lelm.
761 2498 938 2557 Quaest.
962 2500 1048 2565 Ep.
1076 2514 1126 2563 p.
1158 2512 1265 2545 110.
1300 2500 1429 2544 -V
1480 2498 1537 2545 15

46 2566 195 2615 ὶασίοιο
222 2570 371 2619 Cram.
395 2568 586 2618 Anecd.
608 2574 699 2630 IV,
724 2586 771 2635 p.
800 2580 913 2635 409.

94 2642 147 2701 (2)
135 2642 261 2699 Juie
282 2652 330 2691 et
354 2646 444 2692 IV.
477 2660 535 2706 17
560 2645 863 2705 majusculam
884 2647 1065 2695 literam
1098 2647 1232 2712 posui
1255 2662 1361 2695 cum
1384 2646 1542 2697 Gailio

44 2724 77 2761 et
110 2716 397 2768 Boissonado.
450 2718 617 2769 Schol.
667 2722 931 2771 recentior:
960 2723 1081 2773 Δᾶν·
1128 2725 1408 2788 Δημητέρα.
1462 2721 1536 2772 Cf.

46 2790 195 2840 Ahrens
216 2797 285 2841 De
307 2793 423 2844 dial.
446 2798 574 2845 Dor.
597 2812 643 2861 p.
666 2802 744 2846 80.

94 2871 149 2933 (3)
180 2874 307 2920 Hanc
332 2872 583 2921 scribendi
624 2873 857 2922 rationem
890 2890 946 2923 ex
988 2872 1131 2924 bonis
1157 2874 1299 2924 codd.
1332 2884 1381 2923 et
1426 2874 1537 2924 edd.

44 2945 141 2991 Med.
172 2947 279 2994 Call.
306 2963 414 2995 cum
440 2947 718 3007 Brunckio‚
746 2949 1061 3012 Kiesslingio,
1080 2950 1185 2998 aliis
1212 2950 1390 3016 recepi.
1416 2951 1539 2999 Nul-

44 3017 111 3064 lam
140 3019 263 3084 hujus
296 3022 427 3070 vocis
453 3021 695 3071 rationem
728 3022 899 3072 habuit
942 3022 1133 3073 Abrens
1169 3029 1243 3073 De
1278 3024 1393 3074 dial.
1422 3029 1539 3076 Dor.

42 3107 79 3156 p.
101 3095 167 3144 83.
194 3095 319 3144 ldem
352 3114 398 3162 p.
424 3099 489 3144 38
520 3111 583 3144 ex
604 3096 699 3146 boc
724 3098 935 3147 carmine
956 3098 1133 3148 addere
1172 3097 1329 3165 po'tuit
1365 3115 1539 3148 nomen

54 3168 338 3229 Ἀγεάνακτος.
364 3177 523 3221 Porro
549 3187 591 3220 ι’.
616 3175 681 3234 69
696 3190 803 3222 cum
826 3174 1087 3236 Kiessling.
1111 3182 1159 3223 et
1182 3175 1285 3223 aliis
1307 3174 1537 3223 intactum

42 3241 173 3306 reliqui
194 3246 313 3309 quod
336 3263 509 3296 omnes
540 3249 738 3296 omnino
770 3249 881 3297 libri
907 3249 1115 3315 praebent
1143 3251 1467 3314 μεμνημένος.

88 3321 142 3380 ξι)
170 3321 435 3371 Meinekius
481 3324 735 3390 proposuit
775 3324 823 3372 in
861 3326 1165 3373 adnotatione
1189 3325 1377 3386 Ξενίας,
1411 3327 1539 3390 quod

42 3397 185 3459 respit
219 3400 474 3463 Zieglerus.
522 3403 627 3464 Ego
668 3417 777 3450 cum
826 3399 1133 3448 Doederlinio
1167 3405 1295 3450 Lect.
1332 3401 1537 3452 Theocr.

44 3481 119 3532 [nt
144 3472 295 3540 scripsi
319 3477 527 3536 Ξενέας,
570 3475 697 3540 quod
718 3477 817 3541 jam
842 3475 993 3524 voluit
1016 3473 1297 3524 scholiastes
1325 3475 1377 3524 in
1407 3477 1451 3524 h.
1477 3477 1536 3525 l.:

48 3547 209 3610 Ὄνομα
233 3551 421 3615 κύριον,
446 3555 519 3608 ὡς
541 3551 599 3600 τὸ
637 3553 832 3606 Κινέας.
863 3551 933 3600 Cf.
960 3553 1013 3600 C.
1040 3551 1167 3600 Keil.
1192 3552 1334 3601 Anal.
1364 3568 1410 3616 p.
1457 3569 1531 3614 72.

42 3625 279 3674 —Versum
318 3636 607 3691 sequentem
652 3627 961 3692 probabiliter
1002 3627 1279 3676 emendavit
1318 3629 1536 3690 Ziegler„

38 3711 145 3758 quem
168 3709 343 3750 secutus
376 3719 506 3752 sum.
556 3706 695 3768 Saepe
722 3702 773 3751 in
800 3701 1047 3752 codicibus
1068 3702 1311 3751 Theocriti
1340 3703 1541 3752 coniun-

40 3770 176 3820 dnntur
200 3778 261 3831 ὡς
280 3779 383 3840 χώς
414 3781 495 3842 χὼ
530 3779 572 3826 ὁ.
599 3776 674 3828 Cf.
702 3777 896 3842 Ziegler.
926 3776 974 3826 in
1003 3777 1055 3826 h.
1078 3778 1109 3825 Ι.
1133 3787 1181 3826 et
1206 3779 1458 3826 vn1.51.
1491 3788 1539 3827 et

42 3845 129 3894 addc
145 3852 247 3901 XV.
270 3855 353 3901 92.
386 3855 503 3902 128.
530 3855 711 3901 Omnes
734 3852 871 3918 huJus
890 3851 1074 3918 generis
1092 3851 1411 3912 confusiones,
1435 3869 1539 3918 quae

40 3936 97 3968 ιι
102 3932 181 3971 tant
206 3926 253 3974 in
277 3927 533 3977 codicibus
558 3928 736 3978 horum
772 3936 1037 3994 poetarum,
1066 3935 1281 3976 accurate
1316 3928 1537 3977 indicabo

44 3993 78 4043 ia
94 4003 233 4050 lexico
258 4003 554 4055 Theocriteo
578 4006 762 4055 Bioneo
789 4005 1039 4055 Moscheo.

86 4079 143 4138 (ὅ)
174 4083 259 4128 Has
282 4081 655 4130 terminationes
681 4080 1137 4131 h.1.habetetiam
1174 4097 1229 4128 ιο
1252 4081 1350 4128 sive
1376 4085 1451 4131 M.
1489 4091 1538 4131 et

42 4147 113 4197 iere
134 4153 328 4218 ubique
317 4173 365 4204 111
390 4156 491 4206 hnc
512 4157 743 4207 carmine.

90 4227 145 4290 1‘6)
178 4233 305 4279 Hanc
329 4232 577 4282 librorum
596 4233 903 4299 scripturam,
939 4249 1081 4298 quam
1106 4231 1345 4290 Reiskius‚
1366 4237 1424 4281 A.
1456 4237 1536 4283 Ja-

40 4303 137 4351 rohs,
140 4306 381 4358 Boisson.
402 4324 521 4374 Jure
536 4307 856 4368 retinuerunt,
869 4308 1129 4358 desendet-e
1146 4315 1340 4356 conatus
1360 4324 1463 4356 sum
1487 4309 1536 4355 in

36 4375 147 4423 Aduo
150 4389 180 4427 t.
206 4381 248 4426 ie:
282 4381 487 4431 Tleeocr.
513 4401 563 4450 p.
592 4386 673 4440 48.

102 4470 141 4511 -ι
170 4455 305 4518 Quod
334 4473 393 4506 ex
435 4459 543 4507 solo
584 4459 692 4508 cod.
722 4463 789 4508 K.
816 4467 1060 4508 enotatum
1092 4467 1161 4506 est
1188 4458 1533 4518 ἀνεπαύσατο,

36 4531 237 4579 memoria
256 4549 421 4582 errore
450 4534 701 4598 irrepsisse
728 4533 915 4583 videtur
940 4549 998 4582 ex
1018 4537 1061 4581 Ι.
1094 4535 1204 4582 136.

84 4607 139 4666 (3)
168 4609 241 4656 Sic
262 4611 405 4658 etiam
430 4627 465 4674 9
492 4611 595 4658 sive
613 4614 677 4673 Q.
696 4613 823 4658 ——V.
852 4613 940 4660 103
977 4609 1192 4673 Ὃμὸλου
1214 4609 1352 4658 etiam
1381 4627 1413 4673 9
1440 4608 1538 4657 sive

34 4681 200 4740 Q.ct10
229 4684 413 4734 εἰνεΜ.
434 4685 640 4748 ‘onom
658 4683 868 4734 Brunek.
887 4693 931 4732 et
943 4684 1136 4745 Pilenej.
1150 4683 1199 4732 in
1211 4684 1536 4733 adnotatione.

90 4757 145 4816 (9)
178 4759 224 4806 Id
252 4761 417 4826 recepi
445 4777 509 4810 ex
537 4761 721 4826 optimo
746 4761 853 4810 cod.
881 4765 928 4820 S,
963 4761 1536 4827 Uertumni-disputatio-

36 4841 123 4909 nein
145 4835 189 4880 in
214 4835 341 4899 praef.
384 4835 548 4902 Soph.
586 4835 718 4885 OEd.
746 4836 850 4885 Col.
888 4853 939 4901 p.
983 4839 1082 4884 XV
1119 4851 1221 4900 sqq.
1260 4836 1537 4902 respiciens».

38 4903 138 4950 Olim
162 4910 407 4973 proposui:
426 4908 524 4960 εἴτ’
550 4909 629 4975 ἄρ’
654 4908 728 4974 ὅγ’
756 4909 861 4958 ἐστὶ
890 4911 999 4959 Φιλ.
1029 4910 1268 4974 Zieglerus
1294 4910 1353 4958 de
1378 4911 1539 4974 conje-

40 4988 143 5027 ctura
162 4986 333 5051 scripsit
356 4984 449 5034 εντ’
481 4981 553 5034 ὧν
580 4986 685 5035 ἐστὶ
717 4985 941 5046 Φιλῖνος,
975 4985 1253 5050 particulam
1283 4985 1379 5050 ἄρα
1415 4985 1537 5035 nibil

38 5069 117 5099 τήν
136 5057 195 5104 nis
198 5059 213 5106 i
238 5062 467 5127 glossema
498 5061 779 5130 suspicatus.
807 5061 996 5110 Nullam
1023 5061 1164 5126 hujus
1190 5062 1280 5110 loci
1304 5061 1535 5110 rationem

40 5121 267 5182 habuerunt
296 5153 459 5202 neque
512 5141 782 5201 llartungus
826 5152 913 5185 nec
954 5137 1171 5185 Klotzius
1217 5137 1265 5185 in
1309 5137 1441 5186 libris
1478 5137 1537 5186 de

42 5205 171 5264 Ρδῐίίε.
205 5212 287 5260 Gr.
324 5212 503 5277 lingua
544 5211 839 5278 conscriptis.
882 5213 1054 5276 Neque
1100 5229 1279 5262 memor
1306 5213 1397 5262 fuit
1440 5215 1533 5263 loci

1688 531 1741 575 In
1764 525 1988 575 Meinekii
2013 524 2252 573 editione:
2663 526 2718 569 In
2741 520 2836 569 hac
2851 520 3098 569 editione:

1626 622 1695 673 V.
1718 618 1841 673 106.
1888 617 2035 672 ταῦθ’
2061 612 2212 692 ἔρδῃς
2226 652 2760 669 ..............
2773 609 2918 668 ταῦτ’
2949 608 3100 689 ἔρδῃς

1714 726 1839 762 112.
1886 702 2077 783 ἄρκτου
2093 742 2744 760 .................
2758 698 2936 779 ἄρκτω
2960 700 3079 777 (ιο)

1716 804 1843 862 124.
1891 790 2193 851 κοκκύσδων
2217 790 2499 871 νάρκησιν.
2523 834 2538 847 .
2565 786 2857 857 ,κοκκύζων
2885 788 3158 868 νάρκαισιν

2181 883 2446 959 ἀνιαιρῇσι
2894 878 3158 957 ἀνιαραῖσι

1714 971 1841 1027 125.
1884 968 1973 1028 ἐπὶ
1987 1008 2758 1028 ....................
2774 964 2878 1023 ἀπὸ
2905 966 3026 1043 (11)

1712 1084 1840 1134 127.
1883 1056 2262 1139 ἔπιφθύσδοισα
2276 1096 2730 1115 ............
2743 1056 2830 1111 ἐπι
2870 1052 3080 1121 θύζοισα

1711 1171 1840 1225 129.
1883 1141 2016 1223 ἦμες
2031 1185 2803 1207 ....................
2857 1164 2950 1217 μεν

1712 1260 1731 1293 1
1747 1240 1777 1297 3
1792 1259 1835 1295 1.
1883 1234 2014 1311 ἐγών
2031 1274 2486 1293 ............
2503 1264 2507 1267 «
2514 1272 2884 1291 ..........
2899 1227 3002 1307 ἐγώ

1713 1328 1837 1384 133.
1882 1324 2082 1405 σχίνοιο
2096 1362 2793 1383 ..................
2806 1318 3038 1396 σχοίνοιο

1712 1417 1843 1472 138:
1884 1420 2112 1493 σκιεραῖς
2128 1450 2784 1471 .................
2799 1414 3040 1486 σκιαραῖς

1714 1515 1838 1573 140.
1882 1504 2135 1580 πυκινῇσι
2149 1539 2764 1559 ................
2775 1502 3044 1554 πυκιναῑσι

1712 1600 1837 1660 144.
1882 1589 1989 1670 πὰρ
2012 1588 2174 1647 ποσσί
2193 1602 2250 1645 et
2270 1590 2468 1646 πλευ-.
2495 1632 2510 1645 .
2535 1583 2707 1665 ,παρὰ
2733 1584 2893 1643 ποσσί
2916 1596 2974 1641 et
2993 1584 3158 1641 πλευ-

2263 1679 2385 1757 ρῆσι
2747 1680 2889 1753 ραῖσι
2922 1670 3041 1754 (111)

1714 1767 1838 1825 155.
1884 1766 2120 1832 ἇλωᾶδος
2133 1805 2789 1827 .................
2803 1759 3020 1825 ἅλωίδος

1666 1906 1670 1911 .
1715 1854 1841 1911 156.
1887 1845 2032 1920 αυτις
2044 1894 2822 1915 ....................
2837 1839 2979 1913 αυθις

1714 1944 1841 2016 157.
1887 1966 2088 2026 αμφοτε
2074 1944 2240 2024 ’ρῃσιν
2258 1984 2510 2002 .......
2535 1990 2542 1999 .
2575 1984 2589 1999 .
2622 1984 2670 1997 ..
2696 1985 2712 1999 .
2737 1937 3160 2019 ..ἀμφοτέραισιν

2317 2045 2469 2099 VIII.

1787 2131 1837 2188 4.
1884 2124 2050 2179 ἄειδεν
2067 2159 2840 2182 ....................
2853 2116 3040 2175 ἀείδειν

1757 2213 1843 2269 15.
1888 2209 2185 2288 χαλεπόςθ’
2214 2214 2242 2269 ὁ
2257 2251 2708 2269 ............
2721 2206 2950 2286 χαλεπὸς
2976 2206 3072 2283 ὁ(1
3052 2204 3100 2281 1)

1628 2416 1900 2465 Theocritei
1924 2420 1989 2465 H.
2019 2420 2072 2466 L.
2095 2415 2286 2465 Abi-ens
2308 2419 2384 2465 De
2403 2414 2540 2477 ,crasi
2565 2424 2615 2463 et
2649 2410 2880 2479 apboeresi
2914 2428 2961 2477 p.
3000 2410 3047 2469 8,
3075 2407 3159 2458 ubi

1628 2492 1757 2540 locos
1780 2499 2136 2551 commemorat,
2158 2492 2208 2539 in
2224 2489 2398 2555 quibus
2415 2488 2534 2538 illud
2561 2482 2659 2553 ἄρα
2679 2497 2810 2535 extra
2834 2490 3042 2536 Atticam
3062 2483 3162 2534 dia-

1630 2569 1801 2617 lectum
1844 2568 2095 2633 reperitur.
2135 2569 2358 2617 Ceterum
2396 2581 2493 2615 non
2539 2581 2658 2631 opus
2691 2572 2762 2612 est
2799 2561 3080 2620 mutatione,
3121 2560 3160 2608 si

1629 2644 1792 2693 credas
1810 2643 2089 2709 Apollonio,
2103 2658 2245 2708 quem
2269 2641 2456 2691 Abi-ens
2476 2640 2712 2700 defendit,
2732 2634 2830 2703 ἆρα
2853 2653 2948 2685 11011
2971 2653 3070 2687 esse
3091 2635 3162 2685 di-

1630 2734 1814 2767 versum
1844 2714 1958 2768 ab*
1933 2736 1962 2778 η
1985 2718 2108 2784 ἄρα,
2146 2716 2275 2782 quod
2301 2734 2408 2766 cum
2435 2723 2671 2783 potestate
2713 2712 2988 2763 affirmativa
3029 2720 3160 2778 post-

1629 2793 1835 2860 positum
1856 2803 1928 2842 est
1954 2793 2083 2859 apud
2113 2794 2312 2843 Bionem
2333 2796 2444 2840 VII.
2481 2800 2559 2848 14.

1692 2869 1797 2936 (10)
1818 2870 1871 2919 Id
1893 2886 1950 2919 ex
1974 2868 2126 2919 tribus
2139 2868 2277 2920 codd.
2301 2875 2541 2917 enotatum
2563 2874 2633 2914 est
2655 2864 2860 2928 ideoque
2878 2878 2986 2911 cnm
3006 2842 3160 2911 Kiess-

1628 2949 1744 3012 ling.
1778 2957 1823 2996 et
1846 2947 2062 2996 Boisson
2091 2946 2283 2995 adscivi.
2321 2945 2415 2994 Sed
2446 2944 2654 3008 reliquos
2689 2943 2818 2990 locos
2852 2957 2972 3005 quos
2993 2940 3157 2989 Miilil-

1630 3039 1790 3071 mann.
1817 3041 1859 3087 p.
1899 3033 1986 3078 104
2011 3021 2182 3088 mutari
2204 3021 2304 3069 vult
2327 3022 2410 3084 (ΙΙ.
2449 3022 2558 3068 163.
2593 3017 2804 3072 πώλους.
2834 3020 2900 3064 V.
2939 3025 3022 3078 49.
3063 3015 3158 3065 πώ-

1628 3115 1760 3154 νους.
1787 3101 1901 3146 VII.
1934 3115 2020 3157 10·-
2032 3135 2042 3144 .
2075 3097 2251 3163 ὥρους.
2277 3095 2366 3144 Bio
2391 3099 2479 3143 VI.
2511 3111 2556 3143 1.
2599 3091 2929 3156 φθινοπώρου.
2969 3089 3158 3140 Mosch.

1628 3179 1667 3222 Ι.
1705 3175 1779 3222 16.
1811 3172 1957 3223 ἄλλου
1965 3174 2001 3236 ς)
2027 3181 2275 3246 propterea
2300 3170 2499 3220 intactos
2522 3166 2713 3232 reliqui,
2741 3164 2872 3230 quod
2889 3164 2990 3213 hoec
3019 3180 3158 3212 voca·

1628 3247 1781 3297 bula'
1770 3263 1819 3296 in
1848 3265 1906 3296 ου
1935 3246 2035 3296 sive
2081 3265 2165 3302 ους
2200 3245 2420 3294 exeuntia
2459 3244 2648 3294 suavius
2694 3241 2870 3290 cadunt
2913 3241 2964 3289 in
3003 3256 3157 3290 aures.

1628 3323 1841 3372 Suaviori
1864 3330 2019 3371 autem
2039 3321 2416 3387 pronuntiationi
2433 3320 2550 3385 quin
2565 3317 2742 3383 aliquid
2757 3325 2886 3365 certe
2902 3314 3160 3366 tribuerint

1630 3410 1780 3466 poetae
1810 3398 2018 3448 bucolici
2048 3397 2259 3447 dubitari
2292 3414 2390 3446 non
2421 3405 2590 3463 potest.
2619 3395 2693 3445 ef.
2719 3397 2784 3443 V.
2805 3411 2890 3462 72·
2917 3393 3157 3460 Θουρίω.

1630 3480 1697 3525 Ex
1721 3476 1886 3524 eadem
1911 3491 2070 3526 caussa
2103 3475 2289 3523 XXVI.
2318 3475 2346 3522 5
2366 3490 2474 3522 cum
2497 3473 2681 3521 Harles.
2703 3479 2752 3520 et
2773 3473 2835 3520 A.
2859 3469 3050 3518 Jacobs.
3081 3485 3158 3516 re·

1631 3551 1751 3600 tiuui
1777 3551 2012 3600 librorum
2057 3549 2335 3615 scripturam
2367 3547 2585 3613 βωμούς.
2605 3547 2862 3610 -Ἓὸρον
2912 3543 3054 3593 etiam
3099 3559 3160 3591 10

1628 3627 1725 3674 sive
1745 3629 1814 3672 M.
1840 3624 1901 3673 ab
1925 3624 2116 3688 antiqua
2143 3639 2205 3671 m.
2231 3638 2324 3672 sec.
2351 3631 2398 3670 et
2425 3625 2474 3672 6.
2508 3621 2648 3670 Colb.
2679 3635 2858 3686 margo.

1696 3701 1800 3764 (11)
1835 3704 1905 3748 lta
1924 3716 1980 3748 ex
2011 3698 2164 3747 tribus
2187 3697 2347 3757 codd„
2375 3697 2424 3744 in
2452 3695 2628 3761 quibus
2651 3705 2721 3744 est
2757 3695 2970 3760 optimus
3009 3696 3091 3752 K„
3111 3702 3160 3742 et

1627 3776 1773 3824 schol.
1799 3774 2004 3838 quodam
2031 3773 2295 3822 recentiore
2321 3771 2627 3820 scribendum
2664 3770 2853 3836 putavi,
2893 3771 3006 3834 quia
3047 3769 3158 3818 inde

1628 3851 1841 3900 confusio
1880 3849 2277 3916 praepositionum
2308 3846 2491 3896 facilius
2525 3845 2754 3912 explicari
2788 3861 2924 3911 posse
2953 3844 3156 3894 videtur.

1632 3929 1700 3974 De
1724 3943 1808 3974 usu
1832 3925 2177 3991 prae-positionis
2195 3923 2290 3972 ἀπό
2310 3923 2558 3972 notissimo
2580 3919 2643 3971 cf.
2662 3925 2922 3970 Hermann.
2943 3920 2992 3968 in
3008 3920 3155 3986 Soph.

1629 4004 1696 4050 El.
1726 4003 1807 4050 65.
1828 4005 1891 4050 R.
1913 3999 2128 4053 Klotz.in
2159 3998 2323 4048 Jahnii
2349 3999 2545 4047 Annall.
2571 3998 2662 4046 vol.
2693 3999 2934 4045 XXXIII.
2968 3994 3078 4046 fasc.
3109 3999 3154 4047 3.

1628 4096 1676 4143 p.
1717 4080 1829 4125 268.
1851 4080 2020 4144 Poppo
2048 4077 2095 4123 in
2118 4074 2335 4141 Thucyd.
2360 4079 2401 4122 Ι.
2439 4091 2515 4134 17.
2552 4072 2832 4122 Stallbaum.
2852 4071 2902 4120 in
2925 4072 3040 4120 Ptat.
3061 4077 3158 4122 Eu-

1630 4152 1761 4218 tliyd.
1781 4168 1884 4216 cap.
1909 4155 2001 4210 tx,
2027 4167 2073 4216 p.
2102 4167 2193 4213 ¹⁰9
2214 4148 2290 4198 ed.
2312 4148 2458 4198 Goth.

1694 4228 1798 4293 (ια)
1820 4228 2075 4293 πλευροῖσι
2099 4225 2240 4273 etiam
2265 4241 2284 4272 1
2313 4224 2410 4272 sive
2429 4228 2479 4273 P.
2499 4241 2530 4286 9
2556 4223 2654 4272 sive
2669 4228 2733 4287 Q.
2751 4240 2811 4272 10
2837 4223 2934 4271 sive
2954 4227 3156 4272 M.-v.

1634 4307 1740 4354 139.
1762 4301 2043 4352 Doederlinii
2061 4303 2260 4368 (Opusc.
2283 4318 2327 4367 p.
2353 4301 2412 4361 37
2427 4317 2442 4347 1
2469 4300 2592 4366 sqq.)
2614 4299 2905 4363 ingeniosam
2927 4298 3158 4363 interpre-

1630 4382 1853 4429 tationem
1874 4379 1999 4427 vocis
2014 4378 2258 4440 ὁλολυγὼν
2279 4375 2398 4440 quin
2424 4391 2581 4423 veram
2606 4373 2873 4430 habuerim,
2905 4389 2980 4421 me
3001 4373 3158 4423 adhuc

1628 4455 1824 4504 retinuit
1850 4455 2050 4503 verbum
2078 4453 2360 4518 τρύζεσκεν.
2378 4479 2441 4486 -
2459 4455 2522 4499 V.
2549 4453 2638 4497 138
2685 4448 2908 4513 σκιαραῖς
2942 4447 3158 4513 quinque

1627 4531 1765 4580 codd.
1787 4531 1862 4580 Cf.
1892 4529 2082 4580 Ahrens
2102 4533 2174 4576 Dc
2191 4526 2303 4577 diat.
2327 4530 2449 4575 Dor.
2477 4541 2528 4591 p.
2563 4541 2674 4584 117.

1691 4607 1766 4671 (1)
1800 4606 1963 4655 Deleri
1987 4604 2282 4670 particulam,
2307 4616 2415 4666 quae
2431 4599 2481 4649 in
2509 4597 2728 4666 plurimis
2749 4607 2796 4646 et
2818 4596 3010 4663 optimis
3029 4597 3159 4646 codi-

1626 4681 1757 4730 cibus
1779 4681 1938 4739 deest,
1968 4691 2012 4728 et
2051 4696 2192 4744 quam
2223 4693 2380 4740 neque
2418 4685 2622 4724 metrum
2659 4690 2748 4724 nec
2770 4675 3002 4723 sententia
3029 4673 3158 4738 flagi-

1627 4768 1713 4808 tat.
1740 4758 1811 4806 cf.
1830 4754 2048 4804 Meinek.
2073 4757 2122 4802 in
2146 4758 2256 4806 vu.
2282 4758 2363 4811 84.
2387 4751 2471 4800 ubi
2494 4749 2670 4799 addere
2685 4749 2794 4814 quis
2816 4749 2956 4815 possit
2978 4751 3020 4798 1.
3047 4749 3156 4798 123.

1626 4839 1717 4883 XI.
1757 4851 1831 4883 10.
1864 4835 1944 4889 45.
1975 4835 2092 4881 XV.
2127 4833 2235 4879 128.
2275 4832 2465 4882 XVIII.
2499 4828 2528 4874 5
2560 4825 2636 4892 (si
2657 4824 2878 4874 scribitur
2911 4841 2969 4872 ex
3010 4823 3155 4874 codd.

1625 4907 1931 4973 Τυνδαρίδα).
1956 4922 2033 4953 20.
2056 4907 2196 4953 XXI.
2223 4907 2329 4952 118.
2348 4903 2513 4950 XXV.
2539 4915 2615 4949 10.
2641 4909 2721 4964 49.
2741 4902 2821 4948 so.
2847 4903 2927 4960 69.
2945 4901 3158 4948 XXVII.

1626 4989 1705 5040 47.
1741 4982 1861 5050 Epig
1864 4999 1904 5031 r.
1943 4986 1979 5030 1.
2018 4999 2058 5028 1.
2098 4985 2152 5028 In
2190 4979 2328 5045 Idyll.
2355 4981 2495 5027 XVI.
2541 4979 2602 5024 θα
2631 4973 2664 5037 ἢ
2701 4974 2840 5024 ὕδατι
2867 4974 3009 5031 νίζειν
3058 4989 3158 5024 11011

1626 5079 1747 5126 opus
1764 5071 1831 5108 est
1850 5068 1901 5107 ut
1923 5067 2170 5107 excusetur
2193 5055 2449 5105 Homerico
2473 5053 2610 5102 ὕδατι
2628 5051 2798 5118 λιαρῷ.
2826 5051 3010 5099 Sufficit
3028 5050 3154 5098 enim

1626 5137 1739 5186 illud
1770 5137 1926 5202 ipsum
1966 5151 2024 5183 ex
2059 5138 2272 5182 Homero
2311 5130 2486 5180 afferre
2521 5129 2651 5194 quod
2682 5130 2783 5193 Jam
2821 5127 2993 5190 legitur
3024 5124 3152 5191 apud

1624 5213 1925 5277 Spitznerum
1952 5213 2026 5258 De
2050 5225 2184 5257 versu
2210 5211 2296 5258 Gr.
2326 5206 2430 5256 her.
2457 5223 2512 5271 p.
2541 5207 2624 5254 52.
