3767 5825
325 343 331 349 ’
414 376 489 429 ιο
1482 354 1923 421 esoxprror
1964 351 2377 413 ΕιΔΥΛΛιοΝ
2419 350 2515 413 m.

413 491 792 561 Ἑλλάςποντον
823 491 998 551 ἵκοντο
1015 490 1149 571 νότῳ
1165 490 1341 571 τρίτον
1365 481 1512 569 ἆμαρ
1531 490 1701 559 ἀέντι,

330 602 386 643 ao
413 582 540 642 εἵσω
552 584 597 640 δ’
616 578 775 663 ὅρμον
799 578 972 639 ἔθεντο
987 576 1365 661 Προποντίδος,
1389 576 1510 637 ἔνθα
1529 578 1738 637 Κιανῶν

412 668 646 736 αὔλακας
667 664 932 751 εὖρύνοντι
958 666 1072 747 βόες
1083 665 1344 745 τρίὸοντες
1365 664 1601 746 ἄροτρον.

412 752 655 822 &enimc
678 756 723 815 δ’
751 754 838 815 ἐπὶ
865 759 978 815 θῖνα
1001 752 1138 813 κατὰ
1156 752 1288 831 ζυγὰ
1311 754 1466 811 δαῖτα
1491 750 1708 810 πένοντο

411 841 674 918 δειελινόν,
687 842 876 903 πολλοὶ
899 844 953 902 δὲ
980 841 1106 919 μίαν
1131 839 1439 922 στορέσαντο
1465 837 1756 919 χαμεύναν.

409 929 605 1009 λειμὼν
636 930 740 1011 γάρ
763 954 883 1011 σφιν
907 929 1100 1003 ἔκειτο,
1123 928 1262 1008 με’γα
1284 926 1618 987 στιὸάδεσσιν
1642 924 1840 1005 ὄνειαρ,

333 1037 386 1079 οε
408 1018 550 1080 ἔνθεν
580 1018 833 1097 βούτομον
847 1017 934 1087 ὀξὺ
965 1018 1124 1098 βαθύν
1151 1015 1201 1075 τ’
1231 1014 1484 1093 ἐτάμοντο
1504 1012 1765 1095 κύπειρον.

217 1128 224 1133 ·
413 1105 602 1188 κῷχεθ’
623 1102 794 1175 α’Υλας
821 1110 850 1165 ὃ
879 1105 1053 1174 ξανθὸς
1085 1102 1224 1186 ὕδωρ
1253 1102 1548 1183 ἐπιδόρπιον
1574 1104 1729 1162 οἷσῶν

414 1197 558 1277 αὐτῷ
585 1194 630 1255 θ’
647 1194 910 1275 Ἡρακλῆι
945 1193 1037 1253 καὶ
1064 1195 1320 1273 ἀστεμφεῖ
1340 1193 1651 1269 Τελαμῶνι,

414 1282 466 1343 οἳ
493 1282 616 1360 μίαν
631 1282 802 1365 «ἄμφω
823 1282 1020 1363 ἑταῖροι
1049 1281 1132 1341 ἀεὶ
1157 1281 1394 1339 δαίνυντο
1420 1279 1686 1360 τράπεζαν
1701 1322 1718 1351 ,

415 1371 639 1453 χάλκεον
664 1370 820 1449 ἄγγος
848 1369 1000 1450 ἔχων.
1018 1368 1160 1449 τάχα
1184 1367 1239 1427 δὲ
1262 1368 1460 1448 κράναν
1488 1366 1696 1437 ἕνόησεν

336 1483 392 1526 to
415 1460 598 1541 ἡμίνῳ
620 1462 674 1519 ἐν
693 1458 886 1540 χόρτῳ·
918 1458 1039 1537 περὶ
1067 1458 1122 1517 δὲ
1151 1455 1282 1539 θρύα
1301 1454 1474 1515 πολλὰ
1499 1454 1748 1536 πεφύκει,

418 1547 634 1609 κυάνεόν
661 1570 721 1607 τε
750 1544 1035 1627 χελιδόνιον
1067 1543 1284 1624 χλοερόν
1307 1544 1353 1601 τ’
1375 1541 1616 1601 ἀδίαντον

418 1635 508 1696 καὶ
535 1636 792 1694 θάλλοντα
821 1632 1000 1693 σέλινα
1026 1630 1118 1691 καὶ
1139 1628 1386 1703 εῖλιτενὴς
1413 1628 1686 1709 άγρωστις.

418 1723 568 1785 ὕδατι
586 1724 631 1783 δ’
662 1726 714 1785 ἐν
745 1721 930 1802 μέσσῳ
955 1720 1176 1803 Νύμφαι
1197 1718 1353 1801 χορὸν
1383 1717 1674 1799 ἀρτίζοντο,

418 1812 640 1892 Νύμφαι
668 1810 974 1888 ἀκοίμητοι,
1005 1808 1168 1868 δειναὶ
1193 1807 1308 1868 θεαὶ
1337 1806 1673 1888 άγροιώταις,

340 1914 392 1953 ⁴⁶
421 1898 647 1963 Εὖνείκα
671 1899 762 1959 καὶ
793 1898 968 1965 Μαλὶς
994 1897 1086 1977 ἔαρ
1113 1899 1159 1956 θ’
1187 1896 1391 1977 ὁρόωσα
1419 1894 1644 1975 Νυχεία.

421 1988 537 2061 ἤτοι
564 1992 592 2049 ὃ
618 1992 796 2067 κοῦρος
817 1987 995 2065 ἐπεῖχε
1017 1989 1162 2067 ποτῷ
1183 1982 1516 2065 πολυχανδέα
1547 1981 1782 2064 κρωσσόν

424 2077 592 2159 βάψαι
614 2074 970 2155 ἐπειγόμενος,
996 2071 1085 2133 ταὶ
1117 2072 1162 2131 δ’
1187 2076 1239 2133 ἐν
1261 2072 1380 2153 χερὶ
1399 2082 1570 2131 πᾶσαι
1597 2071 1791 2153 ἔφυσαν
1807 2093 1821 2108 ·

423 2164 644 2224 πασάων
672 2162 775 2244 γὰρ
803 2162 930 2245 ἔρως
957 2158 1164 2228 ἁπαλὰς
1190 2159 1376 2242 φρένας
1399 2160 1770 2241 ἀμφεκάλυψεν

423 2252 636 2342 Ἀργείῳ
664 2252 750 2312 ἐπὶ
777 2251 957 2311 παιδί·
979 2249 1236 2329 κατήριπε
1265 2250 1311 2309 δ’
1345 2251 1397 2316 ἐς
1420 2250 1584 2327 με’λαν
1605 2248 1744 2329 ὕδωρ

342 2340 628 2423 ω,ἆθρόος,
659 2344 728 2408 ὥς
751 2338 836 2399 ὅτε
865 2338 1059 2420 πυρσὸς
1089 2339 1182 2395 ἀπ’
1211 2339 1428 2418 οὐρανοῦ
1454 2336 1639 2417 ἤριπεν
1677 2334 1846 2417 ἀστήρ

426 2428 611 2509 ἀθρόος
640 2431 692 2488 ἐν
716 2427 922 2507 πόντῳ,
949 2424 1164 2491 ναύταις
1197 2424 1254 2483 δέ
1277 2448 1358 2490 τις
1380 2414 1522 2484 εἶπεν
1551 2422 1797 2503 ἑταίροις·

425 2545 448 2571 α
469 2517 737 2599 κουφότερ’
752 2504 796 2575 ‹⁶3⁹›
810 2515 1008 2587 παῖδες,
1029 2511 1248 2572 ποιεῖσθ’
1271 2512 1431 2584 ὅπλα,
1450 2510 1760 2579 πλευστικὸς
1781 2501 1944 2590 εὖρος.
1962 2538 1985 2561 ι»

428 2604 651 2686 Νύμφαι
681 2602 776 2676 μὲν
804 2598 1068 2683 σφετέροις
1094 2600 1182 2659 ἐπὶ
1199 2598 1415 2677 γούνασι
1442 2604 1626 2681 κοῦρον
1653 2598 1856 2679 ἔχοισαι

427 2691 726 2775 δακρυόεντ’
780 2692 1019 2770 ἀγανοῖσι
1041 2688 1394 2771 παρεψύχοντ’
1427 2686 1682 2747 ἐπέεσσιν.

350 2808 404 2845 ss
427 2777 905 2860 Ἀμφιτρυωνιάδας
932 2776 988 2836 δὲ
1008 2775 1394 2855 ταρασσόμενος
1414 2775 1537 2858 περὶ
1564 2775 1713 2835 παιδί

428 2867 600 2951 ᾤχετο
615 2912 635 2944 ,
668 2862 965 2929 Μαιωτιστὶ
991 2862 1170 2923 λαὸὼν
1193 2862 1466 2942 εὐκαμπέα
1495 2860 1620 2934 τόξα

431 2957 522 3018 καὶ
551 2955 792 3040 ῥόπαλον,
820 2951 882 3012 τό
908 2955 956 3012 οἱ
985 2953 1093 3012 αἰὲν
1117 2951 1370 3032 ἕχάνδανε
1400 2949 1628 3033 δεξιτερὰ
1656 2952 1792 3031 χείρ.

436 3045 546 3127 τρὶς
579 3043 674 3122 μὲν
695 3041 876 3104 ’Υλαν
905 3035 1082 3115 ἄυσεύ,
1109 3039 1229 3100 ὅσον
1261 3040 1422 3121 βαρὺς
1443 3040 1602 3121 ἤρυγε
1624 3040 1834 3118 λαιμός·

435 3133 542 3215 τρὶς
566 3133 612 3192 δ’
635 3132 717 3214 ἄρ’
740 3135 768 3190 ὁ
786 3133 909 3197 παῖς
935 3129 1246 3202 ὑπάκουσεν,
1266 3128 1424 3210 ἀραιὰ
1455 3131 1500 3188 δ’
1526 3127 1669 3189 ἵκετο
1691 3127 1836 3209 φωνά

355 3249 409 3286 συ
433 3222 485 3291 ἐξ
507 3221 714 3292 ὕδατος,
737 3216 947 3300 παρεὼν
977 3217 1031 3276 δὲ
1061 3218 1208 3294 μάλα
1236 3217 1423 3296 σχεδὸν
1451 3215 1615 3275 εἴδετο
1639 3215 1834 3299 πόῤῥω.

435 3313 506 3377 ὣς
533 3311 580 3368 δ’
604 3307 748 3368 ὁπότ’
771 3305 1028 3384 ἠυγένειος
1055 3305 1313 3383 ἀπόπροθι
1334 3303 1414 3370 λὶς
1438 3303 1717 3371 ἐςακούσας

437 3394 606 3475 nep&
633 3390 986 3474 φθεγξαμένας
1009 3415 1087 3459 τις
1112 3394 1166 3451 ἓν
1197 3388 1381 3471 ὧρεσιν
1407 3391 1683 3472 ὠμοφάγος
1713 3391 1791 3458 λίς

439 3483 495 3552 ἐξ
525 3485 672 3549 εὐνᾶς
700 3480 950 3540 ἔσπευσεν
970 3477 1311 3557 ἑτοιμοτάταν
1340 3477 1430 3537 ἐπὶ
1458 3482 1642 3551 δαῖτα,

438 3569 734 3652 Ἡρακλέης
759 3573 983 3636 τοιοῦτος
1006 3570 1058 3627 ἐν
1093 3565 1412 3647 ἄτρίπτοισιν
1437 3566 1684 3633 ἀκάνθαις

361 3685 414 3723 ss
439 3661 605 3718 παῖδα
630 3661 801 3717 ποθῶν
829 3655 1100 3733 δεδόνατο,
1121 3654 1282 3714 πολὺν
1313 3654 1356 3714 δ’
1382 3653 1711 3731 ἐπελάμὸανε
1731 3657 1918 3736 χῶρον.

441 3745 673 3828 σχέτλιοι
695 3748 742 3805 οἱ
772 3743 1028 3826 φιλέοντες
1047 3767 1060 3781 ·
1089 3741 1350 3820 ἀλώμενος
1371 3744 1484 3802 ὅσσ’
1523 3743 1777 3820 ἐμόγησεν
1877 3787 1884 3798 .

441 3835 580 3916 ὤρεα
608 3833 698 3893 καὶ
726 3831 960 3914 ὂρυμώς,
988 3831 1059 3890 τὰ
1081 3831 1128 3890 δ’
1155 3829 1380 3899 Ἰάσονος
1406 3829 1596 3912 ὕστερα
1621 3829 1774 3891 πάντ’
1806 3821 1882 3904 ἧς.

444 3927 568 3991 ναῦς
586 3921 742 4002 γε’μεν
769 3921 953 4002 ἄρμεν’
978 3919 1160 3999 ἔχοισα
1189 3919 1450 4000 μετάρσια
1473 3922 1576 3978 τῶν
1606 3919 1922 4002 παρεόντων,

445 4011 587 4070 ἱστία
605 4011 651 4068 δ’
681 4010 845 4082 ἠίθεοι
871 4008 1200 4086 μεσονύκτιον
1235 4007 1529 4090 ἐξεπάειρον

365 4121 422 4163 70
447 4098 729 4180 Ἡρακλῆα
757 4097 1012 4176 μένοντες.
1040 4101 1069 4156 ὁ
1093 4098 1137 4154 δ’
1165 4089 1201 4180 ᾇ
1228 4097 1379 4164 πόδες
1403 4088 1438 4156 ά
1472 4120 1529 4157 ον
1551 4095 1737 4178 ἐχώρει

449 4183 784 4264 μαινόμενος·
813 4181 1025 4265 χαλεπὰ
1046 4181 1148 4262 γὰρ
1174 4183 1279 4242 ἔσω
1311 4182 1420 4252 θεὸς
1440 4121 1592 4265 {irrep
1621 4183 1876 4262 άμυσσεν.

447 4273 584 4333 οὕτω
605 4271 699 4352 μὲν
727 4271 1005 4339 κάλλιστος
1025 4269 1201 4338 ιΎλιιις
1223 4271 1476 4352 μακάρων
1506 4275 1832 4352 ἀριθμεῖται·

448 4359 746 4439 Ἡρακλέην
771 4361 814 4420 δ’
834 4359 1001 4441 ἥρωες
1031 4358 1333 4438 ἐκερτόμεον
1353 4359 1686 4434 λιποναύταν,

451 4449 656 4509 οὕνεκεν
685 4448 894 4529 ἠρώησε
915 4446 1347 4530 τριακοντάζυγον
1369 4447 1424 4507 Ἀ
1434 4447 1538 4528 ργὼ
1551 4493 1568 4527 ,

371 4565 427 4608 π
453 4541 585 4620 πεζᾷ
613 4538 658 4596 δ’
688 4541 740 4604 ἐς
765 4535 984 4616 Κόλχως
1007 4559 1062 4594 τε
1095 4534 1187 4595 καὶ
1211 4533 1386 4603 ἄξενον
1413 4534 1555 4595 ἵκετο
1573 4537 1768 4596 Φᾶσιν.

1081 4738 1406 4762 ψ

2052 489 2103 539 in
2120 488 2484 553 Hellespontum
2496 487 2734 535 venerunt
2754 486 2882 535 Noto
2908 482 3109 533 tertium
3130 480 3261 533 diem
3278 482 3425 531 flante
3440 517 3454 542 ‚

2052 582 2104 631 et
2132 579 2384 629 subierunt
2404 579 2663 629 station-
2690 576 2915 625 navalem
2949 574 3078 624 intra
3108 574 3448 637 Propontidem
3466 610 3480 633 ‚
3526 574 3619 622 ubi

2054 666 2337 731 Cianorum]
2364 665 2524 716 sulcos
2546 664 2671 715 latos
2698 662 2888 713 ducunt
2912 660 3061 713 boves
3084 662 3297 711 terentes
3318 663 3497 711 aratra.

2056 758 2229 823 egressi
2250 759 2303 808 in
2318 757 2456 809 littus
2468 756 2734 807 secundum
2753 756 2965 805 transtra
2985 766 3175 803 coeuun
3196 753 3286 804 sibi
3306 754 3547 816 parabant

2056 848 2377 911 vespertinam
2398 844 2639 908 multique
2658 856 2813 894 unum
2834 844 3113 892 straverunt
3132 840 3223 891 sibi
3248 843 3433 891 torum.

2058 942 2251 1004 pratum
2270 926 2401 988 enim
2416 938 2475 987 iis
2498 936 2721 1001 patebat,
2744 947 2975 997 magnum
2992 932 3114 984 toris
3129 933 3466 993 commodum

2060 1027 2191 1079 unde
2205 1027 2461 1079 batumum
2482 1027 2683 1075 acutum
2699 1023 3002 1087 densumque
3017 1022 3110 1073 sibi
3135 1024 3443 1073 resecuerunt
3474 1036 3627 1085 cype-

2060 1120 2211 1187 rum]
2227 1122 2279 1171 et
2302 1119 2421 1169 abiit
2450 1118 2597 1182 Hylas
2618 1116 2773 1167 ssavus
2794 1129 2974 1180 aquam
3000 1114 3064 1167 ad
3081 1128 3271 1165 coenam
3290 1114 3533 1165 allaturus

2061 1214 2249 1279 ipsique
2270 1211 2465 1263 Herculi
2483 1210 2533 1260 et
2554 1209 2797 1260 constanti
2817 1206 3095 1270 TelamonI,

2062 1300 2149 1365 qui
2164 1298 2247 1351 uni
2264 1297 2407 1349 ambo
2424 1296 2541 1347 socii
2558 1308 2746 1358 semper
2760 1290 3113 1343 accumbebant
3128 1304 3326 1354 mensae,

2064 1399 2351 1440 oenwmvas
2364 1385 2559 1435 habens.
2590 1396 2708 1433 mox
2732 1384 2897 1432 autem
2916 1382 3101 1432 sontem
3116 1380 3239 1429 vidit

2065 1477 2117 1526 ln
2140 1476 2363 1539 depresso
2384 1474 2537 1536 sept03
2557 1471 2742 1521 circum
2760 1473 2925 1520 autem
2946 1470 3077 1521 ulvae
3092 1469 3264 1521 multae
3281 1470 3409 1518 natm
3426 1471 3567 1517 erant
3586 1506 3599 1529 ,

2066 1563 2429 1625 coensseumque
2440 1559 2765 1611 chelidoniam
2774 1556 3025 1620 virideque
3040 1555 3289 1608 adiantum

2068 1650 2119 1699 et
2132 1648 2293 1699 virens
2308 1646 2473 1711 apium
2497 1648 2548 1696 et
2569 1646 2669 1695 late
2683 1656 2877 1708 serpens
2899 1644 3115 1707 agrestis.

2070 1738 2119 1786 in
2136 1734 2295 1787 media
2311 1736 2479 1786 autem
2504 1746 2633 1797 aqua
2650 1732 2885 1796 Nymphae
2900 1732 3105 1782 eborum
3130 1732 3449 1785 instituebant
3462 1770 3478 1793 ,

2069 1824 2303 1887 Nymphai
2320 1822 2593 1886 pervigiles,
2613 1818 2885 1887 metuendae
2906 1818 3098 1869 rusticis
3113 1818 3246 1883 deae,
3305 1809 3308 1810 ⁷

2072 1912 2254 1963 Eunica
2270 1914 2321 1961 et
2344 1909 2482 1961 Malis
2497 1921 2680 1973 verque
2696 1909 2849 1959 oculis
2865 1907 2965 1958 suls
2978 1908 3189 1957 reterens
3212 1908 3431 1970 Nychea.

2071 2010 2185 2048 sane
2200 1995 2397 2061 quidem
2414 2008 2533 2059 puer
2548 1993 2764 2045 admovit
2780 2006 2920 2057 aquae
2930 1991 3131 2055 potabili
3146 2006 3321 2042 urnam
3336 1992 3479 2043 valde
3492 2007 3647 2057 capa-

2072 2084 2226 2150 cem‚]
2256 2084 2537 2146 immergere
2553 2096 2668 2133 eam
2690 2082 2915 2145 cupiens,
2934 2080 3020 2131 sed
3044 2080 3142 2131 illm
3160 2094 3329 2132 omnes
3345 2083 3511 2132 manui
3527 2083 3649 2145 ejus

2074 2174 2379 2225 memorant
2390 2171 2426 2237 ;]
2438 2172 2658 2222 omnium
2675 2172 2804 2221 enim
2825 2172 3015 2220 teneras
3029 2172 3216 2220 mentes
3230 2183 3367 2219 amor
3380 2176 3653 2233 occuparat

2074 2264 2125 2313 in
2138 2263 2397 2325 conspectu
2416 2260 2578 2323 Argivi
2601 2258 2766 2324 puer-13
2788 2258 2869 2309 hic
2896 2260 3060 2309 autem
3077 2257 3300 2322 delapsus
3310 2262 3385 2309 est
3404 2259 3457 2309 in
3484 2260 3651 2309 undas

2077 2350 2334 2415 nigrantes]
2352 2362 2566 2413 praeceps
2582 2386 2597 2411 ,
2616 2349 2675 2398 ut
2690 2360 2845 2411 quum
2865 2347 3067 2397 rutilans
3090 2345 3153 2397 de
3166 2347 3291 2397 coelo
3303 2346 3485 2397 decidit
3500 2348 3651 2397 stella

2078 2451 2290 2502 praeceps
2303 2438 2352 2487 in
2370 2439 2491 2487 marl
2504 2474 2519 2499 ,
2540 2440 2589 2487 et
2603 2436 2725 2486 inter
2737 2436 2911 2485 nautas
2932 2434 3089 2485 socios
3104 2434 3229 2485 alins
3244 2434 3323 2484 alii
3348 2434 3468 2484 dicit
3489 2455 3502 2484 :

2082 2527 2333 2589 «leviora,
2356 2540 2389 2575 o
2413 2525 2549 2589 pueri
2563 2561 2577 2586 ,
2598 2524 2741 2573 vobis
2758 2522 2899 2573 facite
2920 2524 3251 2573 armamenta:
3273 2523 3653 2573 secundus-erit

2082 2634 2108 2659 ι
2125 2616 2315 2665 ventus.
2334 2612 2380 2677 υ]
2401 2612 2637 2676 Nymphae
2652 2623 2743 2661 suo
2758 2610 2809 2661 in
2824 2610 3005 2673 gremio
3016 2622 3223 2673 puerum
3240 2610 3458 2661 tenentes

2042 2686 2051 2694 ⁶
2078 2703 2412 2753 lacrimantem
2430 2700 2619 2750 blandis
2636 2698 3010 2749 consolabantur
3034 2697 3198 2748 verbis
3223 2718 3236 2748 ι

2084 2788 2528 2853 Amphitryoniades
2552 2788 2717 2838 autem
2740 2789 2919 2837 animo
2936 2786 3245 2850 perturbatus
3262 2786 3325 2836 ob
3342 2800 3551 2851 puerum
3570 2824 3585 2851 ,

2083 2878 2228 2942 abiit,
2255 2879 2451 2942 sumpto
2474 2889 2592 2927 arcu
2609 2888 2745 2928 more
2767 2874 3055 2939 scytharum
3070 2874 3291 2938 sinuato,

2085 2968 2137 3016 et
2154 2968 2363 3028 sumpta
2382 2963 2537 3025 clava,
2560 2976 2707 3026 quam
2724 2975 2913 3024 semper
2926 2961 3097 3012 dextra
3111 2960 3215 3024 ejus
3226 2973 3400 3012 manus
3410 2961 3653 3026 capiebat.

2085 3058 2159 3104 ter
2178 3053 2333 3116 Hylan
2350 3051 2601 3113 clamavit,
2622 3053 2859 3114 quantum
2873 3063 3019 3114 grave
3030 3051 3199 3113 guttur
3212 3049 3430 3113 valebat,

2087 3145 2137 3192 et
2155 3145 2227 3192 ter
2248 3155 2367 3205 puer
2390 3139 2703 3202 auscultavit,
2728 3139 2960 3202 exilisque
2978 3137 3112 3188 venit
3132 3151 3231 3188 vox

2088 3244 2151 3280 ex
2169 3229 2311 3280 undis
2323 3267 2339 3292 ,
2358 3231 2409 3278 et
2431 3241 2583 3291 quum
2601 3227 2820 3291 proxime
2844 3226 3055 3290 adesset,
3075 3225 3245 3289 procul
3268 3226 3432 3276 abesse
3448 3227 3657 3278 videba-

2088 3317 2212 3383 tur.]
2236 3317 2389 3368 veluti
2402 3329 2557 3380 quum
2582 3317 2705 3366 bene
2728 3315 2959 3365 barbatus
2976 3314 3054 3364 leo
3068 3351 3083 3377 ,
3102 3314 3271 3378 procul
3299 3315 3465 3366 audito

2096 3405 2284 3457 hinnuli
2301 3405 2513 3455 clamore
2525 3441 2540 3466 ,
2560 3415 2724 3468 quum
2740 3403 2817 3453 leo
2835 3403 3066 3453 cruentus
3081 3401 3134 3452 in
3158 3401 3404 3452 montibus

2092 3508 2155 3544 ex
2169 3493 2316 3544 cubili
2334 3492 2431 3542 ruit
2456 3491 2805 3556 paratissimam
2823 3489 2885 3540 ad
2908 3503 3125 3554 coenam,

2092 3582 2201 3633 talis
2224 3581 2456 3632 Hercules
2479 3593 2566 3644 per
2582 3579 2738 3630 invios
2754 3581 2913 3630 sentes

2094 3671 2228 3733 pueri
2246 3669 2481 3720 desiderio
2490 3667 2696 3732 agitatus
2713 3669 2832 3730 erat,
2854 3667 3157 3730 multamque
3164 3667 3407 3729 regionem
3424 3669 3660 3718 cra-audo

2094 3758 2253 3808 miseri
2278 3759 2406 3808 sunt
2429 3758 2675 3806 amantes!
2692 3758 2931 3818 quantum
2956 3755 3038 3805 ille
3061 3754 3287 3805 toleravit
3304 3767 3468 3804 errans

2094 3859 2177 3910 per
2200 3849 2388 3896 montes
2412 3847 2462 3895 et
2483 3843 2658 3895 saltus!
2678 3842 2955 3906 Iasonisque
2971 3856 3047 3892 res
3060 3855 3256 3906 prorsus
3278 3843 3573 3906 posthabuit.

2094 3935 2253 3998 navis,
2274 3934 2407 3984 omni
2432 3934 2663 3997 apparatu
2679 3932 2916 3982 instructa
2930 3968 2945 3994 ,
2964 3932 3107 3995 piena
3127 3933 3233 3981 erat
3250 3931 3307 3980 iis
3324 3931 3409 3994 qui
3426 3931 3659 3993 aderant;

3369 3575 3657 3641 [obtinebat.

2062 4083 2069 4091 ι
2094 4023 2296 4085 velaque
2313 4023 2516 4083 juvenes
2532 4020 2796 4083 dederunt,
2813 4032 2967 4084 quum
2980 4031 3133 4081 usque
3154 4018 3219 4067 ad
3233 4017 3443 4070 mediam
3459 4023 3660 4069 noctem

2096 4109 2349 4160 Herculem
2364 4108 2733 4171 exspectassent.
2750 4109 2802 4157 at
2817 4106 2898 4156 bic
2913 4119 3013 4170 quo
3031 4106 3175 4169 pedes
3198 4107 3415 4158 ferebant
3430 4109 3663 4170 pergebat

2096 4196 2404 4256 furibundum
2422 4209 2536 4245 nam
2552 4207 2682 4245 saeva
2705 4194 2795 4243 dea
2810 4193 2942 4244 intus
2966 4197 3013 4243 ei
3025 4193 3163 4256 Jecur
3179 4193 3407 4244 laniabat.

2096 4287 2165 4337 sic
2178 4285 2494 4349 pulcerrimus
2507 4284 2653 4347 Hylas
2666 4283 2880 4333 deorum
2892 4283 3147 4334 beatorum
3159 4283 3334 4346 aliquis
3347 4286 3635 4334 numeratur
3646 4323 3661 4347 ,

2098 4374 2352 4425 Herculem
2370 4375 2531 4422 autem
2542 4372 2710 4421 heroes
2718 4371 3117 4434 criminabantur,
3128 4371 3186 4420 ut
3194 4371 3332 4421 navis
3344 4370 3663 4436 doeertorem,

2096 4462 2226 4526 quod
2246 4460 2569 4511 retardaverat
2586 4465 2709 4522 Argo
2727 4459 2920 4521 triginta
2932 4459 3154 4508 transtris
3166 4458 3469 4521 instructam,
3489 4458 3662 4522 [venit.

2096 4553 2147 4601 et
2162 4549 2367 4612 pedestri
2402 4549 2571 4599 itinere
2594 4546 2659 4597 ad
2676 4546 2882 4597 Colchos
2898 4547 2948 4596 et
2978 4546 3325 4612 inhospitalem„
3342 4547 3521 4598 Phasin
3546 4561 3657 4611 per-

2718 4729 3039 4755 ψ
