3767 5825
1226 388 2019 453 MANETHONIANORUM
2058 386 2197 449 mn.
2238 385 2288 447 1.
2325 382 2455 465 [v.]
3350 388 3429 444 ao

77 547 182 586 no
221 523 403 583 ἀντίον
426 520 738 594 Ἠελίοιο,
759 518 851 580 καὶ
873 518 1230 601 ὡρονόμοιο
1255 524 1510 599 τυχοῦσα,

223 611 390 691 ἀνέρα
412 610 649 690 γεννήσει
673 606 825 686 μόνον
850 608 1046 685 οὔνομα
1060 653 1076 680 ,
1103 606 1276 667 πάντα
1307 607 1358 665 δὲ
1385 608 1560 681 θῆλυν,

222 700 408 757 πάντα
435 697 676 777 γυναικὸς
699 696 886 776 ἔχοντα
912 696 1002 755 καὶ
1024 694 1212 775 αἴσχεα
1235 695 1327 754 καὶ
1349 695 1621 775 φιλότητα.

309 784 376 859 ἢν
406 784 460 843 δὲ
483 782 892 865 μεσουρανέῃ
922 783 1172 843 Φαίνων
1200 781 1258 843 Ἄ
1277 808 1384 864 ρης
1406 807 1462 841 τε
1484 784 1756 859 κραταιός,

75 897 188 934 120
219 873 322 932 καὶ
347 873 544 953 στάχυν
569 871 762 953 ἄρσενα
793 874 942 951 δεινῷ
967 870 1280 949 ἀποτμήξειε
1306 870 1519 952 σιδήρῳ.
1547 872 1784 949 [λήνην,

308 959 373 1031 ἢν
403 961 458 1019 δὲ
489 961 742 1036 Κύπρις
771 960 1118 1039 διάμετρον
1149 958 1262 1039 ἔχοι
1294 958 1536 1038 Κρόνον
1558 958 1648 1031 ἠδὲ
1675 962 1788 1021 Σε-

221 1049 286 1108 'A
307 1072 416 1129 ρης
439 1046 483 1107 δ’
511 1046 577 1119 ἢν
604 1046 1010 1127 τετράγωνον
1039 1046 1138 1105 ἴδοι
1160 1049 1328 1119 καλὴν
1348 1046 1668 1128 Ἀφροδίτην,

223 1135 536 1217 Ἑρμείας
563 1136 608 1193 δ’
637 1134 737 1216 ἄρα
767 1134 974 1213 κέντρον
1004 1134 1114 1214 ἔχοι
1137 1134 1346 1213 μέσον,
1375 1136 1466 1205 ἠδὲ
1490 1134 1578 1193 καὶ
1601 1134 1752 1202 αὐτὸς

224 1227 248 1248 “”
283 1222 578 1303 μαρτυρίην
600 1221 770 1303 τούτῳ
790 1222 1001 1303 κρυερὸς
1025 1222 1219 1302 Κρόνος
1241 1222 1616 1303 ἀμφιὸάλοιτο,

93 1334 191 1373 125
222 1312 500 1393 εὐνούχους
529 1309 790 1390 στείρους,
815 1308 924 1368 οὔτ’
949 1309 1167 1387 ἄρσενας
1189 1306 1306 1368 οὔτε
1328 1317 1576 1388 γυναῖκας
1592 1354 1606 1382 ,

225 1398 458 1477 ἄχνοας,
479 1396 590 1455 αἰὲν
613 1396 794 1464 ἐόντας
820 1396 1128 1475 ἀπειρήτους
1151 1394 1450 1476 φιλότητος,

224 1484 336 1543 ἔσθ’
361 1484 447 1545 ὁτὲ
472 1483 516 1543 δ’
539 1484 914 1566 ἑρμαφρόδιτον
937 1484 1212 1562 ὁμώνυμον
1236 1483 1562 1542 ἀθανάτοισιν

225 1602 256 1625 f

37 1665 88 1721 E
133 1674 216 1723 22
308 1662 334 1687 *
361 1600 548 1742 Ἀἔης
568 1660 614 1718 δ’
634 1599 700 1733 iz
727 1601 1044 1741 τετράγωνον
1073 1598 1175 1719 ’ἴδοι
1196 1658 1363 1729 καλὴν
1393 1657 1786 1739 Ἀφροδίτην,

101 1776 196 1815 12⁴
398 1747 685 1830 μαρτυρίην
706 1748 985 1829 τούτῳκαὶ
1023 1750 1262 1829 Κρόνος
1290 1746 1580 1824 ἀμφιὸάλοι
1595 1791 1613 1822 ,

229 1838 260 1861 *
290 1837 560 1916 εὐνούχους
584 1836 812 1915 πείρους
840 1834 923 1895 ὁτὲ
956 1837 1002 1894 δ’
1024 1834 1400 1915 ἑρμαφρόδιτον
1423 1833 1632 1902 ἔτευξαν

103 1942 204 1984 128
399 1927 608 1999 δισσάς,
631 1926 924 2007 ἀχρήστους
947 1928 1018 1994 εἰς
1045 1923 1096 1983 ἓν
1122 1924 1310 2005 ἔχοντα
1334 1924 1531 2006 φύσεις.
1666 1922 1678 1934 '

39 2108 100 2167 Α
137 2116 224 2167 28
314 2101 437 2167 Υἱὸς
460 2102 504 2159 δ’
528 2098 706 2166 υἱωνός
732 2124 790 2159 τε
815 2099 1015 2180 Κρόνου
1041 2096 1200 2166 Ζεὺς
1221 2098 1316 2171 ἠδὲ
1343 2098 1433 2157 καὶ
1459 2098 1694 2177 Ἑρμῆς

107 2214 204 2254 ιιιο
233 2186 522 2269 ἀμφότεροι
545 2187 802 2267 βαίνοντες
822 2192 976 2263 ὁμοῦ
1001 2186 1090 2244 καὶ
1112 2186 1296 2266 κέντρα
1318 2186 1564 2252 λαὸόντες
1581 2232 1598 2263 ,

227 2276 506 2356 τεύχουσιν
531 2280 757 2356 ρητῆρας
780 2274 814 2345 ἢ
838 2278 896 2333 ἐκ
922 2273 1077 2352 λόγου
1097 2270 1134 2345 ἢ
1156 2273 1414 2351 καλάμοιο
1428 2318 1446 2349 ,

230 2369 538 2445 γραπτῆρας
559 2364 828 2435 πινυτούς,
851 2362 886 2433 ἢ
910 2361 999 2420 καὶ
1021 2361 1370 2441 πολυκερδέας
1393 2360 1610 2442 ἄνδρας,

232 2450 491 2532 ἕμπορίην
515 2449 815 2532 φιλέοντας,
841 2450 921 2508 ἀεὶ
945 2454 1249 2530 πρηκτῆρας
1278 2448 1471 2516 ἐόντας.

51 2632 110 2690 A
145 2641 228 2691 24
315 2625 506 2699 Μήνη
529 2623 900 2707 φωσφορέουσα
927 2623 1018 2681 καὶ
1041 2621 1214 2704 Ἄρεϊ
1241 2622 1618 2700 συμὸάλλουσα

115 2736 202 2774 1³5
233 2712 383 2773 ἕκτον
410 2712 789 2793 ἔχοντιτόπον,
819 2712 957 2777 σίνος
984 2710 1228 2791 ἀνδράσιν
1258 2711 1442 2770 αὐτίκα
1472 2712 1631 2792 ῥέζει·

234 2800 370 2881 ἀμφὶ
394 2801 558 2869 πόδας
577 2800 850 2877 τέμνονται
874 2798 961 2858 ὑπ’
984 2798 1309 2879 ἀνδροφόνοιο
1337 2798 1578 2877 σιδήρου,

230 2887 430 2970 χωλοί,
461 2889 795 2966 μουνόποδες,
827 2886 1024 2956 ξύλινον
1051 2890 1414 2970 προσκείμενοι
1439 2886 1641 2968 ἄρθρον,

231 2977 406 3048 λύπην
438 2975 771 3054 αἰείμνηστον
798 2975 880 3035 ἑὸν
905 2977 1040 3034 πόδα
1065 2976 1459 3043 παπταίνοντες.

69 3155 118 3214 Β
153 3163 232 3214 25
319 3141 382 3211 Ἄ
396 3174 494 3231 ρες
513 3149 572 3211 'A
591 3175 712 3232 ρες,
737 3148 988 3229 κακοεργὶ
1005 3149 1096 3209 καὶ
1115 3150 1332 3230 ἀνδράσι
1353 3150 1444 3210 καὶ
1469 3149 1792 3230 μακάρεσσιν

125 3262 206 3301 140
236 3237 330 3298 καὶ
352 3239 563 3298 πόλεσιν
592 3239 680 3296 καὶ
703 3237 854 3309 νηυσὶ
879 3235 969 3295 καὶ
987 3235 1102 3317 ἠέρι
1129 3237 1220 3295 καὶ
1245 3238 1556 3316 πελάγεσσιν

233 3325 327 3388 καὶ
347 3335 562 3405 καρποῖς
582 3324 735 3403 γαίης
755 3349 812 3384 τε
837 3325 926 3383 καὶ
953 3325 1226 3405 εὔρείθροις
1249 3333 1560 3401 ποταμοῖσιν
1580 3349 1592 3363 ·

233 3413 408 3474 εἵνεκα
438 3419 528 3473 σεῦ
558 3413 733 3480 πόλιες
763 3412 856 3488 μὲν
886 3411 1015 3471 ὑπαὶ
1041 3412 1202 3491 πυρὸς
1227 3412 1610 3491 ἐμπίπρανται,

234 3501 329 3560 καὶ
353 3505 471 3574 νῆες
497 3500 814 3580 πελάγεσσιν
839 3499 1199 3558 ἐπιπλώουσαι
1225 3499 1438 3574 ὄλοντο,

235 3589 327 3647 καὶ
354 3589 582 3665 ποταμοὶ
611 3589 835 3667 ξηροῖσιν
862 3587 1105 3646 ἀνύδατοι
1131 3590 1184 3646 ἐν
1213 3588 1578 3665 στομάτεσσιν,

123 3697 204 3739 ns
233 3675 447 3754 δένδρεά
470 3675 515 3734 τ’
540 3675 878 3755 ὧλεσίκαρπα
907 3675 996 3734 καὶ
1022 3675 1199 3756 ἀνέρες
1227 3675 1568 3755 αἷνογένεθλοι
1585 3701 1600 3716 ·

236 3761 326 3830 οὓς
356 3762 452 3839 μὲν
478 3761 578 3842 γὰρ
610 3767 839 3842 μογερῶς
862 3762 1151 3842 πυρικαέας
1173 3761 1373 3831 ὤλεσας
1401 3763 1617 3846 ἄνδρας,

235 3849 324 3918 οὓς
352 3851 406 3908 δὲ
434 3851 526 3908 καὶ
551 3851 890 3930 ὢμοὸόροισιν
924 3849 1058 3931 ἕλωρ
1083 3852 1326 3932 θήρεσσιν
1348 3851 1571 3924 ἔδωκας,

239 3939 398 3997 ἄλλον
428 3939 473 3995 δ’
502 3939 718 4004 ἀκλειῶς
745 3938 1000 4019 μετέωρον
1033 3936 1463 4020 ἀνεσταύρωσας,

239 4016 297 4084 οὗ
325 4024 497 4083 τέτατ’
520 4026 841 4110 ἀνδροφόνοις
866 4025 982 4103 περὶ
1009 4025 1096 4084 δού
1133 4049 1248 4084 ασιν
1275 4026 1546 4104 ἡλοπαγὴς
1571 4025 1714 4106 χείρ·

133 4135 214 4174 ιω
235 4111 443 4189 νηλεές,
463 4115 557 4170 οὐκ
582 4111 684 4191 ἄρα
709 4113 788 4171 σοί
810 4135 868 4189 γε
891 4112 1068 4190 πατὴρ
1091 4051 1154 4184 ἓν
1180 4115 1408 4194 αἰγίοχος
1433 4115 1593 4190 Ζεύς,
1666 4120 1675 4127 “
1713 4107 1720 4114 ’

238 4201 345 4259 οὐδ’
369 4197 516 4280 Ἥρη
547 4199 750 4281 μήτηρ,
772 4199 887 4257 ἀλλ’
916 4199 1070 4278 οὔρεα
1101 4201 1264 4280 πικρά
1288 4201 1335 4259 σ’
1367 4201 1582 4272 ἔτικτεν,

237 4313 267 4340 1·
447 4312 478 4342 *
658 4312 686 4340 ἡ
871 4314 895 4341 ἡ
1079 4313 1108 4340 ᾗ
1288 4313 1316 4340 ἰ

85 4479 136 4537 E
165 4487 239 4538 2⁶
402 4557 494 4616 καὶ
521 4556 705 4620 Λύσσα
727 4558 948 4640 στυγερὴ
977 4558 1068 4618 καὶ
1093 4559 1236 4626 Χάος
1263 4558 1556 4637 οὐλόμενον.

90 4739 140 4800 Α
174 4746 240 4795 27

242 4819 417 4901 τεύχει
441 4822 778 4902 ρευματικοὺς
801 4826 886 4895 ἠδ’
914 4822 1160 4891 ἀσθενέας
1185 4825 1323 4882 κατὰ
1347 4825 1546 4905 σάρκα,

145 4928 218 4967 ιω
245 4909 420 4988 τεύχει
443 4910 486 4966 δ’
514 4909 795 4988 ἀργαλέους
815 4910 1212 4992 ὓδρογάστορας,
1242 4909 1294 4969 οἳ
1319 4911 1408 4969 καὶ
1438 4910 1618 4969 ἔπειτα

251 4998 406 5054 ὀστέα
433 4999 782 5075 χαυνωθέντες
805 4997 893 5078 ἀφ’
917 4997 1100 5066 ὕδατος
1122 4996 1420 5076 οὐλομένοιο

253 5085 432 5161 ἔγκυον
461 5085 724 5144 ὠδίνουσιν
751 5086 832 5145 ἑὸν
858 5085 1014 5167 μόρον
1040 5085 1180 5154 ἐντὸς
1204 5086 1428 5166 ἔχοντες.

327 5171 386 5231 Ἀ
404 5195 510 5253 ρεα
543 5175 586 5230 δ’
611 5172 674 5244 ἢν
705 5175 984 5255 λείψασα
1012 5174 1337 5250 Σεληναίη
1359 5176 1620 5257 φορέοιτο,

325 4735 395 4794 Εἰ
422 4733 478 4793 δὲ
507 4734 750 4812 Κρόνον
777 4735 1022 4816 λείψειε
1052 4737 1377 4808 Σεληναίη
1404 4733 1540 4794 κατὰ
1567 4743 1769 4813 μοῖραν,

1875 527 2165 578 ex-adverso
2186 524 2336 583 sous.
2378 526 2431 575 et
2446 522 2781 575 heremum
2801 526 2968 582 nacta,

1880 616 2040 664 virum
2056 612 2330 678 procreabit
2344 612 2531 662 tantum
2550 610 2770 673 nomine,
2794 610 2956 659 omnia
2978 622 3094 659 vero
3112 608 3340 659 feminam
3351 644 3367 670 ‚

1877 704 2041 754 omnia
2058 702 2251 753 feminae
2274 700 2530 750 habentem
2552 702 2605 749 et
2626 698 2861 751 dedecora
2881 701 2932 747 et
2952 710 3181 749 amorem.

1939 792 2021 841 Sin
2046 788 2657 839 medium-caelum·teneat
2678 789 2941 837 Saturnus
2963 788 3013 836 et
3036 785 3401 837 validus-Mars
3418 822 3432 847 ‚

1877 880 1928 929 et
1944 880 2123 941 spicam
2141 877 2330 927 virilem
2347 875 2547 927 terribili
2564 875 2777 925 demetat
2793 876 2940 925 terro.

1940 968 2023 1016 siu
2052 968 2220 1016 Venus
2242 964 2546 1015 eas-aduno
2562 962 2739 1014 habeat
2754 966 3044 1014 saturnum
3063 967 3113 1013 et
3130 964 3335 1013 hunam
3348 999 3365 1024 ,

1878 1058 2022 1107 Mars
2045 1056 2207 1104 autem
2222 1055 2259 1104 si
2278 1052 2602 1118 quadratam
2619 1040 2850 1116 adspiciat
2868 1052 3086 1115 pulcram
3106 1055 3339 1102 Venerem
3352 1088 3368 1113 ,

1878 1145 2171 1193 Mercurius
2188 1155 2305 1191 vero
2318 1143 2537 1192 centrum
2550 1140 2727 1190 habeat
2738 1140 2969 1189 medium
2982 1175 2997 1199 ‚
3016 1141 3162 1203 atque
3174 1138 3319 1191 etiam
3334 1140 3435 1205 ipse

1881 1234 1906 1257 ¹²
1930 1230 2261 1280 testimonium
2279 1230 2391 1279 huic
2410 1228 2608 1292 frigidus
2624 1230 2861 1279 Saturnus
2877 1227 3191 1289 circumliniat
3203 1263 3217 1287 ‚

1877 1319 2125 1369 eunuchos
2143 1318 2329 1368 steriles
2343 1354 2359 1380 ,
2377 1330 2471 1368 nec
2487 1318 2619 1368 viros
2636 1330 2725 1367 nec
2742 1316 2943 1367 feminas
2955 1352 2971 1377 ‚

1877 1406 2249 1469 sine-lanugine,
2274 1418 2461 1469 semper
2481 1406 2752 1467 inexpertes
2774 1404 2973 1463 amoris,

1879 1494 2121 1545 interdum
2145 1494 2289 1543 etiam
2308 1492 2751 1557 hermaphroditum
2771 1491 3103 1555 cognominem
3121 1490 3319 1542 deornm

1942 1668 1967 1694 *
1990 1671 2137 1719 Mars
2151 1668 2311 1719 autem
2326 1669 2365 1717 si
2380 1667 2663 1731 quadratam
2678 1667 2907 1731 adspiciat
2925 1669 3141 1731 pulcram
3167 1672 3401 1721 Venerem
3415 1704 3431 1727 ‚

2004 1756 2333 1806 testimonium
2351 1756 2466 1805 huie
2482 1755 2627 1807 etiam
2644 1759 2907 1807 Saturnus
2930 1757 3255 1820 circumiaciat
3266 1797 3279 1819 ,

1943 1842 1971 1869 *³
1992 1842 2237 1893 eunuchos
2246 1843 2449 1903 steriles,
2463 1842 2705 1893 interdum
2719 1844 2883 1894 autem
2898 1844 3341 1909 hermaphroditum
3370 1850 3439 1897 t'e-

2005 1930 2219 1992 duplices
2230 1967 2245 1991 ,
2266 1930 2459 1981 inutiles
2476 1944 2575 1981 una
2592 1930 2846 1981 habentem
2865 1934 3081 1985 naturas.
3220 1934 3436 1999 [cerunt‚

1943 2102 2098 2153 Filius
2119 2104 2168 2151 et
2188 2114 2335 2165 nepos
2354 2101 2545 2151 Saturni
2561 2104 2771 2166 Jupiter
2793 2106 2938 2166 atque
2959 2108 3251 2157 Mercurius

1880 2194 2083 2253 uterque
2100 2190 2366 2253 gradientes
2379 2189 2544 2269 simul
2560 2192 2611 2241 et
2628 2192 2793 2242 centra
2808 2195 3098 2256 occupante
3109 2231 3123 2255 ,

1882 2280 2065 2329 faciunt
2082 2282 2297 2330 oratores
2313 2282 2401 2331 aut
2416 2292 2637 2330 sermone
2654 2282 2741 2331 aut
2757 2282 2945 2331 calamo
2955 2318 2972 2344 ,

1879 2369 2133 2431 scriptores
2149 2368 2393 2430 sollertes,
2411 2370 2499 2419 aut
2519 2368 2663 2419 etiam
2681 2367 2888 2419 muitum
2906 2370 3164 2435 lucripetas
3184 2372 3335 2436 viros,

1882 2457 2209 2506 mercaturam
2233 2457 2449 2507 amantes
2460 2492 2475 2519 ,
2494 2468 2683 2520 semper
2702 2457 3034 2519 negotiatores.

1943 2642 2098 2690 Luna
2123 2638 2319 2689 lucifera
2343 2640 2488 2703 atque
2511 2641 2675 2692 Marti
2700 2639 3009 2701 congrediens

1879 2730 2073 2778 sextum
2097 2727 2293 2777 habenti
2315 2728 2507 2789 locum,
2530 2740 2708 2778 noxam
2729 2727 3005 2778 hominibus
3022 2730 3185 2779 statim
3208 2732 3349 2783 infert
3376 2748 3389 2781 :

1881 2816 2009 2865 circa
2032 2816 2177 2879 pedes
2201 2818 2426 2866 secantur
2448 2816 2688 2865 homicida
2712 2816 2865 2877 ferro,

1881 2904 2040 2956 claudi
2055 2941 2071 2967 ‚
2090 2904 2345 2968 unipedes,
2365 2904 2577 2966 ligneum
2604 2904 2759 2955 induti
2781 2905 3055 2956 membrum
3068 2943 3083 2968 ,

1880 2991 2094 3044 dolorem
2112 3005 2582 3057 semper-memorem
2600 3006 2743 3042 suum
2760 2994 2930 3057 pedem
2950 2995 3280 3058 adspicientes.

1945 3169 2091 3217 Mars
2114 3169 2258 3218 Mars
2271 3203 2287 3229 ‚
2309 3165 2524 3216 malefice
2542 3179 2653 3216 cum
2679 3166 2951 3218 hominibus
2967 3169 3075 3218 tum
3098 3169 3187 3220 diis

1881 3257 1933 3306 et
1954 3254 2155 3304 urbibus
2172 3255 2220 3304 et
2238 3254 2443 3305 navibus
2456 3257 2508 3304 et
2521 3253 2623 3304 aeri
2641 3259 2691 3304 et
2708 3255 2828 3305 mari

1881 3345 1931 3393 et
1952 3342 2187 3392 fructibus
2204 3346 2347 3391 terrae
2366 3343 2415 3392 et
2436 3340 2847 3392 bene-fluentibus
2866 3341 3052 3406 tiuvii83

1881 3435 1968 3482 tna
1991 3444 2137 3480 causa
2160 3431 2305 3482 urbes
2318 3430 2513 3494 quidem
2543 3432 2651 3493 igne
2672 3433 3069 3495 corrumpuntur,

1883 3523 1933 3570 et
1950 3533 2097 3570 naves
2116 3520 2236 3570 mari
2253 3519 2582 3582 innavigantes
2600 3521 2804 3583 pereunt
2815 3557 2832 3582 ,

1883 3611 1933 3658 et
1954 3608 2089 3658 fluvii
2106 3606 2245 3658 siccis
2264 3607 2516 3670 sine-aqua
2532 3608 2586 3657 in
2601 3607 2735 3658 ostiis
2748 3643 2763 3667 ‚

1881 3697 1932 3747 et
1948 3697 2143 3746 arbores
2161 3689 2623 3759 fructus-perdentes
2644 3697 2696 3746 et
2713 3697 2935 3746 homines
2950 3699 3271 3760 misere-nati;

1883 3785 2002 3836 aiios
2018 3785 2145 3836 enim
2165 3786 2337 3834 misere
2358 3782 2769 3846 igne-combustos
2784 3783 3031 3846 perdidisti
3054 3787 3209 3848 viros,

1883 3874 2001 3924 alios
2019 3873 2163 3922 etiam
2182 3872 2447 3921 crudivoris
2470 3869 2681 3934 proedam
2700 3871 2865 3922 bestiis
2882 3871 3084 3934 dedisti,

1884 3960 2033 4010 alium
2061 3960 2264 4023 turpiter
2283 3959 2537 4009 sublimem
2563 3957 2939 4020 cruci-affixisti,

1886 4048 2027 4110 cuius
2046 4049 2353 4111 expansa-est
2366 4045 2617 4096 homicidis
2630 4045 2761 4095 circa
2773 4046 2913 4108 lignis
2926 4046 3227 4097 clavo-amaa
3241 4063 3438 4100 manus:

1887 4134 2132 4197 immanis,
2157 4147 2247 4184 nec
2267 4146 2381 4183 sane
2402 4132 2490 4183 tihi
2514 4134 2651 4195 pater
2672 4135 2777 4183 erat
2812 4133 3214 4196 aegidem-tenens
3234 4139 3439 4201 Jupiter,

1887 4237 2039 4287 neque
2061 4227 2190 4274 Juno
2208 4223 2377 4281 mater,
2396 4221 2482 4271 sed
2501 4222 2688 4271 montes
2708 4221 2863 4284 asperi
2882 4223 2933 4272 te
2948 4226 3236 4286 genuerunt,

3160 4327 3183 4356 ἡ

1949 4514 2002 4523 --
2191 4507 2251 4518 0-
2439 4509 2497 4522 -
2680 4506 2742 4520 -
2927 4507 2989 4520 ..ι-

2008 4573 2056 4620 et
2076 4571 2215 4621 Furia
2239 4571 2436 4620 scelesta
2454 4573 2503 4620 et
2520 4569 2681 4620 Chaos
2699 4569 3033 4632 perniciosum.

1946 4747 2030 4798 Sin
2048 4750 2332 4798 Saturnum
2356 4732 2571 4810 liquerit
2603 4748 2751 4796 Luna
2775 4745 2905 4796 circa
2926 4747 3138 4810 partem,

1887 4835 1999 4886 facit
2015 4834 2594 4884 fluxionibus—laborantes
2610 4838 2659 4884 et
2680 4833 2896 4884 infirmos
2913 4847 3059 4884 carne
3070 4873 3086 4894 ‚

1884 4924 2001 4974 facit
2017 4925 2067 4973 et
2084 4923 2283 4973 miseros
2297 4925 2717 4982 aquosos-ventre,
2731 4921 2817 4984 qui
2828 4921 2977 4972 etiam
2992 4925 3161 4984 postes

1883 5025 1991 5062 ossa
2011 5010 2185 5063 tumidi
2203 5021 2330 5073 aqua
2354 5007 2615 5072 perniciosa

1883 5099 2129 5162 gravidam
2148 5097 2423 5160 parturiunt
2440 5109 2579 5148 suam
2604 5097 2809 5146 mortem
2834 5096 2969 5147 intus
2994 5097 3241 5148 hahentes.

1949 5189 2175 5237 Martem
2200 5187 2365 5236 autem
2380 5184 2423 5236 si
2442 5186 2685 5249 linquens
2712 5188 2861 5236 Luna
2883 5186 3081 5248 feratur,
