3767 5825
1171 370 1967 432 MANETHONIANORIJM
2010 370 2147 429 LlB.
2189 370 2271 430 ΙΙ.
2312 361 2413 441 [1.]
3243 382 3317 431 43

83 497 222 570 ἑξῆς
248 498 298 557 δ’
325 497 612 579 ἀκροτάτου
633 500 858 575 στολμοῦ
877 496 1094 579 ψαύοντ’
1123 502 1388 579 ἐρατεινῆς

93 586 414 668 Παρθένου,
443 586 648 646 ἶοὸόλου
676 598 732 643 τε
759 584 868 643 διὲκ
891 587 1060 667 χηλῆς
1082 586 1350 665 περόωντα

33 696 54 735 r
87 677 416 758 Σκορπίου,
447 676 623 755 ἰγνύας
647 698 706 734 τε
729 674 1036 755 διακρίνοντ’
1061 674 1347 758 ’.Οφιούχου
1363 721 1379 747 ,

87 766 202 823 καὶ
227 765 422 846 χαίτης
446 764 608 844 ἄκρης
633 762 972 843 ἐπαφώμενον
1003 764 1164 829 ὧκέος
1179 760 1378 823 Ἵππου
1392 808 1410 841 ,

94 852 312 927 μέσσον
332 854 382 910 τ’
402 851 769 932 ἀμφοτέροισιν
788 854 842 909 ἐν
868 848 1070 930 Ἰχθύσι
1101 851 1382 911 δινεύοντα.

191 964 270 1021 χε
287 963 396 1019 ιμε
413 963 442 1020 ρ
457 940 555 999 (ou
579 937 634 997 δὲ
657 962 773 1020 τρο
790 963 828 997 π
842 944 877 1010 ἥ
892 963 917 1006 ς
943 941 1134 998 κύκλον
1163 945 1280 998 θοοῦ
1305 941 1618 1019 Αἷγοκερῆος

97 1029 342 1087 σκέπτεο
365 1028 474 1107 πὰρ
499 1026 714 1105 μέσσοιο
735 1028 1091 1107 διεκπερόωντ’
1120 1027 1208 1085 ἐπὶ
1223 1033 1383 1105 γοῦνα

33 1143 68 1181 ι
101 1116 371 1197 ἀμφότερ’
405 1114 715 1195 ’Υδροχόου,
741 1114 833 1173 καὶ
857 1114 1056 1186 Κήτεος
1079 1115 1324 1175 εἰναλίοιο

101 1205 293 1287 οῧρήν,
316 1204 412 1277 ἠδὲ
437 1208 664 1277 Λαγωοῦ
689 1202 795 1261 ἀπὸ
819 1202 1044 1283 στέρνων
1065 1202 1152 1261 ἐπὶ
1181 1202 1354 1279 μέσσα

100 1292 450 1370 νισσόμενον,
477 1289 718 1371 πρώτους
733 1313 792 1349 τε
818 1292 984 1357 πόδας
1013 1290 1201 1363 Κυνός,
1224 1291 1318 1361 ἠδὲ
1351 1290 1442 1349 καὶ
1471 1290 1680 1371 Ἀργοῦς

103 1378 444 1459 ποντοπόρον
465 1378 722 1456 τέμνοντα
743 1376 808 1437 δι’
823 1376 1022 1459 αἰθέρος
1050 1376 1186 1457 ἄκρα
1210 1377 1480 1458 κόρυμὸα,

107 1465 428 1547 Κενταύρου
460 1469 508 1525 τ’
533 1463 708 1543 ὤμους
715 1511 734 1539 ,
760 1464 927 1526 νότιον
946 1466 1158 1547 κέντρον
1182 1470 1228 1523 τ’
1249 1466 1416 1525 ὀλοοῖο

31 1580 76 1619 ιο
107 1554 420 1635 Σκορπίου,
447 1554 542 1625 ἠδὲ
565 1552 676 1632 βιὸν
700 1552 923 1635 στέρνων
947 1554 1081 1631 μέτα
1101 1554 1440 1634 Τοξευτῆρος.

197 1640 294 1701 τὸν
319 1640 368 1699 δ’
388 1638 492 1723 ἄρα
520 1640 584 1711 δὴ
612 1640 850 1713 νότιον,
872 1646 986 1718 μεθ’
1013 1640 1068 1700 ὃν
1092 1640 1266 1699 οὐκέτι
1297 1640 1480 1721 φέγγος
1498 1643 1683 1720 δρᾶται

109 1732 334 1811 ἄστρων
353 1728 639 1811 ἀνθρώποις
654 1777 670 1803 ,
690 1726 742 1789 οἳ
762 1727 826 1803 δὴ
851 1729 1015 1811 χθόνα
1037 1730 1190 1802 τήνδε
1210 1730 1454 1807 νέμονται
1467 1778 1486 1805 ,

110 1822 352 1899 δπλῇσιν
375 1817 668 1899 Κένταυρος
686 1816 789 1878 ὑπὸ
806 1816 1085 1900 σφετέρῃσι
1104 1817 1366 1899 χαράσσει
1377 1863 1394 1892 ,

111 1906 386 1979 πηδάλιόν
402 1929 462 1966 τε
486 1904 598 1973 νεός
613 1950 630 1979 ,
652 1903 750 1977 τὴν
773 1905 1098 1985 ἀκροτάτῃσι
1130 1911 1361 1983 τεμοῦσα

31 2018 82 2057 os
117 1993 338 2065 Πηλίου
372 1995 425 2052 ἐν
443 1991 692 2072 κορυφαῖς
710 1990 933 2061 Παλλὰς
965 1990 1070 2050 θέτ’
1095 1994 1175 2049 ἀν’
1205 1992 1456 2073 ἅστρᾶσιν
1498 1990 1680 2072 Ἀργώ.

203 2085 258 2141 οἱ
283 2081 340 2139 δὲ
361 2080 484 2140 δύω
497 2126 516 2159 ,
544 2078 725 2161 τοίπερ
740 2100 800 2138 τι
818 2078 968 2160 πόλῳ
983 2079 1448 2159 διαπειραίνονται,

117 2165 420 2247 ἀστεμφεῖς
483 2168 670 2223 ἑστᾶσι
723 2165 816 2227 καὶ
835 2166 1066 2235 ἀκλινέες
1097 2166 1220 2247 περὶ
1243 2167 1462 2246 κόσμον,

113 2254 341 2314 πάντων
369 2253 620 2325 διικήλων
643 2253 750 2315 αἰεὶ
772 2254 1108 2337 ᾶπαφώμενοι
1134 2258 1314 2315 ὁλκοῦ·

115 2342 189 2412 ὃς
225 2342 346 2420 μὶν
363 2340 464 2422 γάρ
490 2337 535 2400 θ’
557 2344 690 2423 Μ
719 2346 834 2402 θοοῦ
863 2344 1080 2423 οὐρανοῦ
1112 2342 1412 2421 ἐστήρικται

35 2450 90 2491 ιο
117 2430 282 2512 ἠῴην
303 2420 451 2507 οἶμον
474 2428 566 2489 καὶ
580 2429 775 2489 δείελον
801 2430 1029 2491 Ἠελίοιο

119 2522 322 2601 κρίνων
351 2517 440 2578 καὶ
459 2518 718 2592 θνητοῖσιν
740 2517 881 2597 ἄγων
905 2518 1060 2598 βαιὴν
1082 2518 1230 2577 λύσιν
1254 2517 1420 2599 ἔργων
1437 2544 1450 2557 ·

120 2608 192 2676 ὃς
222 2606 294 2669 δὲ
320 2604 716 2688 περιστρέφεται
739 2607 980 2686 πύματον
1007 2606 1194 2668 πόντον
1218 2630 1274 2665 τε
1293 2608 1384 2667 καὶ
1411 2598 1532 2665 αἶαν

122 2694 335 2779 φαίνων
353 2695 592 2760 ἀντολίας
608 2740 627 2772 ,
664 2691 844 2761 δύσιός
872 2697 917 2753 θ’
944 2694 1045 2753 ὑπὸ
1072 2694 1273 2774 βένθεσι
1296 2693 1510 2768 κεύθων,

121 2782 180 2851 ὅς
216 2783 287 2865 ῥά
328 2782 372 2841 θ’
390 2780 671 2862 Ὅρίζων
695 2781 885 2849 κύκλος
920 2785 1009 2840 ὑπ’
1040 2783 1323 2863 ἀνθρώπων
1343 2782 1689 2865 πεφάτισται,

27 2894 94 2936 ιιι
121 2872 322 2934 οὔνεκα
342 2870 601 2949 μηκίστην
621 2867 792 2930 ὄσσων
811 2870 1073 2948 ἐπιτέμνει
1091 2870 1332 2942 ὀπωπήν.

211 2960 367 3027 ὁλκὸς
386 2961 432 3018 δ’
456 2949 580 3018 αὖτε
600 2959 738 3018 Γαλ
753 2955 828 3028 αξ
846 2957 864 3016 ι’.
879 2981 961 3017 εω
996 2962 1123 3040 βαιῇ
1147 2959 1242 3035 μὲν
1267 2962 1454 3039 δρᾶται

123 3047 449 3124 λαμπετόων
479 3047 660 3128 μοίρῃ,
685 3045 742 3105 τὸ
770 3046 826 3104 δέ
849 3049 897 3106 οἱ
920 3045 1078 3107 πλέον
1112 3047 1252 3106 ἐστὶν
1273 3046 1530 3127 ἀμαυρόν·

122 3158 386 3306 {em
397 3136 638 3301 istem<
648 3133 857 3300 ¹353}
871 3139 1409 3302 ῗὲρῗιςίίῗζίῗζιίείης
1422 3269 1438 3298 ,

27 3331 98 3372 no
125 3313 248 3392 πὰρ
275 3311 510 3392 κεφαλὴν
535 3315 779 3391 Κηφῆος·
807 3314 836 3369 ὁ
859 3309 904 3368 δ’
933 3308 1175 3390 Ὄρνιθος
1203 3310 1371 3389 πτερὰ
1393 3311 1598 3387 τέμνει,

127 3403 342 3472 Αἶητοῦ
366 3423 425 3457 τε
448 3397 625 3476 μέσον,
649 3397 738 3456 καὶ
761 3401 814 3458 Τ
813 3397 940 3466 όξων
972 3399 1098 3478 ἄγχι
1119 3399 1351 3477 κορώνης

131 3487 428 3568 ἀκρότατον
455 3492 653 3567 νεῦρον,
683 3484 836 3564 θηρὸς
864 3485 1057 3566 φονίοιό
1074 3509 1131 3544 τε
1150 3485 1379 3569 κέντρον,

127 3575 232 3648 ἠδὲ
258 3574 521 3654 Θυτήριον
545 3573 704 3652 ἄκρον
735 3572 801 3631 ἰδ’
823 3573 988 3640 ὁπλὰς
1019 3574 1331 3654 Κενταύροιο

127 3663 431 3742 τέσσαρας·
453 3665 514 3722 ἐκ
531 3663 580 3719 δ’
603 3659 707 3742 ἄρα
732 3664 898 3720 κεῖθεν
921 3660 1203 3742 ἀνέρχεται·
1216 3665 1276 3721 ἐκ
1303 3661 1501 3743 Βορέαο

28 3771 104 3809 125
133 3753 366 3834 ἄψορρος
391 3749 476 3808 διὰ
505 3748 648 3821 Νηὸς
664 3747 1010 3828 ἀμιιὸόμινος
1038 3749 1176 3808 κατὰ
1202 3749 1463 3830 πρύμνην,

133 3843 232 3900 καὶ
255 3837 460 3916 κνήμας
479 3836 750 3918 Διδύμων,
782 3841 1010 3920 κορυφῆς
1042 3840 1087 3894 θ’
1125 3836 1255 3918 ὅπερ
1285 3837 1559 3918 Ὠρίωνος,

131 3928 233 3988 καὶ
249 3926 427 4005 γείναθ’
453 3925 721 4006 Ἦνιόχου,
741 3925 918 4005 γουνός
940 3925 986 3983 τ’
1003 3923 1090 3983 ἔπι
1112 3927 1442 4006 γοργοφόνοιο

137 4014 400 4094 δεξιτεροῦ
432 4016 703 4095 Περσῆος,
730 4011 760 4072 δ
788 4012 852 4084 δὴ
885 4011 1055 4070 τέταθ’
1075 4011 1210 4070 ὥστε
1239 4011 1459 4078 θέοντος.

221 4103 268 4162 Ζ
278 4124 326 4159 ω
340 4102 391 4160 δι
401 4123 434 4158 α
445 4100 551 4168 κὸς
578 4101 645 4178 δ’,
668 4097 831 4182 ὅσπερ
849 4123 906 4158 τε
921 4102 1039 4158 κατ’
1053 4099 1267 4180 οὐρανὸν
1289 4097 1474 4158 ἔπλετο
1491 4097 1699 4157 πάντων

35 4207 110 4248 iao
136 4189 476 4269 εὖτροχᾶλων
494 4187 698 4248 κύκλων
725 4187 851 4266 μάλ’
873 4187 1192 4266 ἅγαυότατος
1210 4187 1298 4245 καὶ
1322 4187 1504 4267 δρητός
1523 4233 1540 4264 ,

139 4276 336 4356 δώδεχ’
365 4279 451 4335 ὑπ’
476 4275 734 4336 ιῖδώλοισι
759 4275 1074 4353 κεκασμένος
1094 4265 1195 4332 εἶσι
1209 4278 1276 4333 δι’
1301 4273 1500 4354 αἴθρης·

139 4365 284 4445 ἀμφὶ
307 4365 354 4423 δ’
375 4363 460 4444 ἄρ’
490 4363 644 4423 αὐτὸν
672 4372 842 4422 κεῖται
860 4365 948 4421 ὑπ’
980 4363 1205 4444 ἀστράσι
1227 4362 1600 4444 παμφαίνοντα

141 4452 313 4532 Κριὸς
336 4453 428 4510 καὶ
467 4456 706 4532 Ταῦρος,
730 4451 952 4528 Δίδυμοι
994 4451 1036 4510 δ’
1063 4450 1150 4510 ἐπὶ
1177 4453 1339 4532 τῷδε,
1372 4454 1486 4526 μετ’
1519 4451 1703 4518 αὐτοὺς

141 4539 412 4619 Καρκίνος
429 4540 523 4612 ἠδὲ
555 4541 728 4614 Λέων,
760 4538 987 4620 στάχυάς
1013 4539 1060 4597 τ’
1094 4541 1146 4596 ἐν
1164 4539 1314 4620 χερσὶ
1333 4537 1556 4618 φέρουσα

35 4647 108 4686 1³⁶
137 4627 414 4709 Παρθένος
440 4625 725 4709 ἀνθρώπων
747 4627 926 4704 γενεὴν
955 4625 1211 4686 ποθέουσα
1234 4626 1491 4696 παλαιῶν,

140 4717 334 4788 Χηλαί
355 4717 425 4794 θ’,
444 4714 505 4783 ἃς
525 4715 615 4775 καὶ
638 4712 702 4786 δὴ
721 4713 1082 4796 μιτεφήμισαν
1109 4713 1280 4793 ἀνέρες
1303 4715 1404 4794 ἱροὶ

137 4806 237 4868 καὶ
261 4805 429 4885 Ζυγὸν
457 4803 766 4880 ἐκλήισσαν,
798 4803 912 4862 ἐπεὶ
933 4803 1195 4862 *εει-ἄνωθ’
1221 4804 1492 4882 ἑκάτερθεν

137 4886 253 4956 οἶαί
280 4915 380 4974 περ
402 4891 718 4971 πλάστιγγες
735 4891 823 4951 ἐπὶ
846 4894 998 4970 ζυγοῦ
1021 4891 1318 4966 ἑλκομένοιο
1332 4935 1347 4961 ,

140 4980 406 5063 Σκορπίος
423 4979 534 5040 ἔστι
553 4981 597 5038 δ’
622 4977 802 5038 ἔπειτα
820 5023 836 5052 ,
863 4978 953 5059 βίη
980 4977 1026 5036 τ’
1051 4976 1139 5037 ἔπι
1162 4977 1505 5054 Τοξευτῆρος,

33 5091 106 5131 ιω
136 5070 233 5130 καὶ
260 5069 318 5128 δὲ
341 5066 432 5128 καὶ
451 5067 746 5146 Αἶγόκερως
761 5113 777 5140 ,
805 5065 994 5146 μεθ’ὃν
1018 5064 1299 5146 Ὑδροχόος
1324 5089 1380 5122 τε
1400 5065 1490 5124 καὶ
1515 5063 1699 5152 Ἰχθῦς.

221 5155 460 5223 Οἶκοις
481 5153 577 5234 μὶν
605 5155 670 5228 δὴ
699 5153 886 5223 πάντες
907 5157 1038 5222 ἰοῖς
1065 5155 1344 5235 παρεόντες
1368 5153 1572 5234 ἄριστοι

1761 510 1933 561 deinde
1950 514 2219 563 extr-anam
2237 511 2545 563 vestis-oram
2563 512 2839 575 tangentem
2858 509 3079 561 amabilss

1760 598 1969 661 Virginis
1979 636 1993 661 ,
2012 601 2065 649 et
2079 599 2300 649 venenati
2316 612 2401 663 per
2416 599 2606 649 chelam
2628 602 3005 649 transmeantem

1763 687 1944 748 scorpii
1962 724 1975 748 ,
1997 689 2049 737 et
2064 687 2268 750 poplites
2278 689 2581 749 separantem
2600 686 2961 749 Anguitenentis
2972 723 2987 747 ,

1762 777 1812 824 et
1825 774 1993 836 jubam
2019 756 2256 824 summam
2280 778 2558 836 tangentem
2578 774 2748 823 celeris
2770 774 2929 837 Equi,

1765 860 2073 923 mediumque
2089 861 2325 910 ambobus
2345 860 2397 909 in
2414 860 2628 911 P'ncibus
2646 861 3014 912 se-volventem.

1829 950 2083 998 Hiemalis
2099 954 2263 999 autem
2286 950 2625 999 conversionis
2652 949 2823 999 orbem
2840 949 2981 1001 celeri
3024 949 3315 1013 Capricorno

1763 1037 2013 1101 speculare
2027 1050 2058 1086 a
2074 1035 2235 1086 medio
2250 1035 2672 1099 transgredientem
2689 1034 2753 1086 ad
2772 1049 2929 1098 geum

1769 1126 1915 1175 ambo
1938 1124 2137 1188 Aquarii
2148 1161 2165 1185 ‚
2179 1126 2231 1175 et
2246 1124 2459 1175 Pistricis
2476 1125 2679 1173 marium

1767 1212 1972 1261 caudam
1990 1249 2005 1273 ,
2024 1215 2171 1275 atque
2192 1212 2387 1274 Leporis
2402 1226 2432 1261 a
2449 1211 2718 1275 pectoread
2736 1212 2897 1262 media

1767 1299 2021 1349 vadentem
2035 1334 2049 1359 ,
2066 1300 2345 1362 prioresque
2367 1298 2511 1361 pedes
2531 1299 2702 1361 canis,
2721 1302 2869 1362 atqute
2892 1302 3048 1363 Argus

1769 1388 2024 1450 marivagoe
2044 1393 2284 1437 secantem
2303 1398 2389 1448 per
2408 1388 2638 1437 aetherem
2661 1399 2853 1438 summa
2869 1387 3100 1450 aplustria
3112 1424 3127 1449 ,

1771 1476 2093 1538 Centaurique
2110 1476 2356 1536 humeros,
2374 1476 2425 1524 et
2445 1476 2706 1525 australem
2728 1476 2952 1525 aculeum
2979 1475 3231 1537 perniciosi

1771 1564 1957 1626 scorpii
1974 1600 1987 1623 ,
2012 1566 2159 1625 atque
2186 1576 2388 1612 nervum
2406 1575 2521 1611 cum
2538 1566 2734 1625 pectore
2752 1562 3009 1625 Sagittarii.
3050 1548 3057 1561 ’
3078 1563 3097 1627 [
3115 1565 3330 1612 cernitur

1835 1651 1977 1701 Illum
2008 1664 2125 1700 vero
2148 1650 2456 1713 australem,
2489 1650 2619 1699 ultra
2641 1663 2787 1712 quem
2819 1664 2917 1700 non
2940 1652 3149 1713 amplius
3173 1652 3336 1700 lumen

1770 1738 2019 1789 stellarum
2044 1738 2319 1787 bominibus
2332 1774 2347 1799 ‚
2369 1737 2456 1800 qui
2477 1736 2675 1800 quidem
2688 1738 2817 1795 banc¹
2835 1740 3012 1787 terram
3032 1738 3273 1799 incolunt,

1771 1828 1963 1890 ungulis
1975 1830 2247 1877 centaurus
2266 1826 2368 1875 suis
2382 1826 2566 1888 signat,

1773 1918 1822 1965 et
1837 1915 2217 1977 gubernaculum
2240 1914 2400 1968 navis,
2419 1926 2568 1977 quam
2590 1914 2796 1963 summis
2811 1926 2978 1965 secans

1772 2005 1889 2055 Pelii
1906 2005 1955 2053 in
1980 2004 2236 2053 verticibus
2256 2002 2471 2053 Minerva
2485 2002 2650 2065 posuit
2668 2002 2722 2051 in
2738 2002 2889 2051 stellis
2912 2006 3055 2065 Argo.

1837 2092 1915 2143 nli
1932 2092 2052 2148 duo,
2076 2092 2161 2155 qui
2173 2090 2369 2155 quidem
2388 2090 2587 2141 in-coelo
2604 2090 3116 2165 terminum-elliciunt
3127 2126 3143 2151 ‚

1773 2184 1905 2232 stant
1926 2179 2115 2229 immoti
2130 2181 2181 2229 et
2192 2178 2491 2229 inclinabiles
2512 2177 2643 2229 circa
2662 2176 2921 2237 mundum,

1773 2268 1993 2320 omnium
2009 2267 2256 2329 doiorum
2273 2277 2462 2329 semper
2486 2265 2777 2326 attingentes
2796 2246 3035 2326 tractum

1762 2358 1902 2409 alter
1913 2356 2043 2406 enim
2056 2368 2201 2418 super
2216 2354 2369 2405 cinam
2385 2354 2565 2405 colum
2582 2352 2709 2402 fixus
2733 2355 2807 2403 est

1776 2443 2213 2495 matutinamviam
2236 2441 2761 2507 etvoepoennamsolis
3163 2440 3341 2507 [rum;

1776 2532 2051 2584 dictum
2066 2534 2119 2583 et
2130 2531 2416 2583 mortalibus
2426 2530 2633 2581 afferens
2650 2530 2875 2592 exiguam
2888 2529 3222 2581 liberationem
3234 2544 3343 2593 ope·

1765 2622 2079 2672 alterantur
2096 2618 2499 2670 circumvolvitur
2514 2620 2792 2669 extremum
2814 2630 2951 2667 mare
2976 2620 3124 2681 atque
3146 2624 3343 2679 terram,

1777 2707 2035 2760 ostmderis
2051 2710 2207 2769 ortus,
2225 2708 2278 2758 et
2291 2704 2597 2757 occamsub
2619 2706 2872 2769 profundis
2888 2706 3126 2769 condens,

1778 2796 1865 2861 qui
1879 2795 2077 2859 quidem
2096 2797 2324 2847 nouzon
2345 2794 2479 2845 orbis
2500 2794 2565 2845 ab
2584 2792 2863 2843 bominibus
2886 2794 3172 2857 appellatur,

1779 2874 2008 2950 quoniam
2028 2883 2357 2949 longissimum
2376 2882 2630 2934 oculorum
2652 2881 2853 2932 abscidit
2872 2883 3201 2946 conspectum.

1842 2977 2044 3026 Tractus
2058 2987 2174 3023 vero
2194 2975 2366 3024 lactet
2378 2972 2552 3036 exigna
2567 2971 2764 3036 quidem
2778 2970 2993 3021 cernitur

1779 3063 2036 3126 splendens
2054 3065 2219 3126 parte,
2236 3060 2501 3124 plurimum
2524 3073 2638 3111 vero
2654 3061 2700 3111 ei
2721 3061 2795 3110 est
2810 3059 3099 3120 obscurum;

1782 3152 2045 3201 circinatur
2065 3152 2229 3201 autem
2245 3161 2455 3214 supoene
2474 3147 2673 3211 quidem
2689 3149 2753 3198 ad
2770 3147 2914 3198 ssatus
2940 3150 3102 3200 Boreae

1782 3239 1834 3288 in
1849 3239 1971 3289 solio
1992 3237 2201 3288 sedentis
2216 3249 2373 3302 usque
2386 3236 2450 3287 ad
2471 3249 2629 3300 geum
2651 3235 2931 3298 cassiopim,
3007 3243 3016 3252 ·

1779 3328 1923 3390 juxta
1934 3330 2082 3389 caput
2097 3325 2304 3390 cqibei3
2322 3325 2451 3375 idem
2469 3325 2619 3388 Cycni
2642 3337 2823 3388 pennas
2838 3325 2999 3386 secat,

1784 3409 1834 3456 et
1853 3407 2039 3470 Aquilae
2056 3405 2299 3468 medium,
2322 3407 2373 3455 et
2394 3411 2546 3456 Arcus
2564 3417 2716 3468 prope
2732 3416 2887 3453 cornu

1785 3496 2058 3545 extremum
2080 3507 2285 3544 nervum
2296 3529 2313 3556 ,
2334 3493 2546 3556 ieraeque
2562 3492 2847 3556 perniciosas
2864 3491 3089 3542 aculeum
3100 3529 3116 3555 ,

1785 3588 1933 3645 atque
1951 3582 2275 3633 Thuribulum
2292 3592 2537 3631 summum
2560 3582 2611 3631 et
2627 3579 2834 3642 ungulas
2845 3579 3075 3630 centauri

1784 3673 2046 3734 quattuor;
2071 3669 2184 3720 iude
2202 3681 2319 3720 vero
2338 3667 2645 3731 regreditura
2666 3669 2822 3718 Borea

1787 3759 1943 3808 redux
1960 3771 2044 3821 per
2062 3761 2243 3808 Navem
2262 3756 2611 3821 transgmdiens
2635 3768 2805 3806 versus
2829 3755 3028 3818 puppim
3046 3787 3061 3814 ‚

1788 3850 1838 3897 et
1856 3847 2000 3897 tibias
2018 3846 2362 3907 Geminorum,
2378 3856 2622 3908 superque
2643 3842 2876 3894 verticem
2902 3841 3096 3893 Orionis
3108 3876 3124 3900 ,

1788 3939 1838 3985 et
1853 3948 2011 3998 genua
2032 3934 2223 3995 Aur-igar
2235 3968 2252 3995 ,
2276 3936 2328 3983 et
2348 3931 2411 3982 ad
2430 3945 2559 3996 genu
2582 3930 2915 3994 Gorgonicidae

1788 4023 2045 4073 dexterum
2068 4021 2227 4072 Persei
2239 4055 2256 4082 ,
2277 4020 2409 4084 quod
2432 4019 2697 4070 intenditur
2724 4019 2873 4068 lnstar
2894 4017 3145 4068 currentis.

1851 4110 2113 4160 zodiacus
2136 4121 2251 4158 vero
2264 4145 2280 4170 ,
2303 4108 2599 4171 quiquidem
2615 4109 2665 4157 in
2680 4108 2803 4160 caelo
2825 4109 2982 4158 exstat
2994 4105 3212 4156 omnium

1791 4197 2110 4248 rotundorum
2124 4197 2316 4246 orbium
2330 4197 2469 4258 longe
2477 4195 2883 4258 splendidissimus
2892 4197 2943 4245 et
2951 4194 3252 4257 conspicuus,

1789 4286 2047 4338 duodecim
2068 4284 2339 4336 simulacris
2360 4287 2560 4335 ornatus
2581 4283 2761 4334 incedit
2774 4296 2859 4346 per
2877 4283 3109 4346 aetbram5

1791 4379 1919 4428 circa
1942 4389 2057 4426 vero
2075 4375 2215 4426 iilum
2228 4375 2391 4438 lacent
2407 4373 2559 4424 stellis
2576 4373 2815 4436 fulgentes

1793 4469 1928 4519 Aries
1944 4469 1997 4515 et
2010 4469 2197 4515 Taurus
2208 4501 2225 4526 ,
2249 4462 2440 4514 Gemini
2459 4464 2570 4525 post
2588 4461 2719 4511 bunc
2730 4497 2744 4521 ,
2769 4463 2879 4524 post
2894 4473 2977 4510 eos

1791 4559 1979 4608 cancer
1992 4558 2043 4603 et
2060 4556 2158 4603 Leo
2170 4589 2186 4615 ,
2202 4552 2459 4616 spicasque
2475 4551 2527 4600 in
2540 4548 2766 4600 manibus
2782 4561 2952 4611 gerens

1791 4645 1939 4706 Virgo
1962 4642 2211 4691 hominum
2235 4653 2386 4702 genus
2407 4638 2683 4688 desiderans
2697 4637 2985 4700 priscorum,

1792 4733 1842 4781 et
1854 4731 2039 4791 Chelai,
2056 4741 2180 4793 quas
2201 4727 2348 4778 etiam
2365 4725 2997 4789 alio-nomine·appellarunt
3016 4723 3105 4772 viri
3120 4723 3268 4773 sancti

1791 4821 1842 4869 et
1860 4819 2056 4870 Libram
2070 4817 2334 4878 vocarunt,
2363 4827 2517 4879 quum
2540 4814 2879 4877 expandantur
2898 4813 3143 4876 utrimque

1791 4908 1930 4971 quasi
1942 4905 2137 4970 quidem
2158 4905 2319 4954 lances
2336 4904 2387 4953 in
2404 4903 2526 4953 libra
2543 4901 2903 4967 qum-trabitur,

1793 4994 2021 5057 Scorpius
2036 4999 2199 5044 autem
2211 4995 2284 5042 est
2301 4991 2491 5052 deinde,
2516 4993 2565 5040 et
2578 4993 2691 5053 post
2704 4989 2835 5038 bunc
2848 4987 2922 5036 vis
2934 4986 3173 5048 Sagittarii
3186 5022 3202 5047 ,

1793 5086 1941 5145 atque
1952 5082 2098 5132 etiam
2116 5081 2455 5145 capricornus,
2472 5081 2579 5142 post
2591 5091 2739 5142 quem
2754 5077 2991 5139 Aquarius
3002 5077 3149 5139 atque
3164 5075 3334 5125 Pisce-s.

1856 5167 2171 5220 In-dontbus
2188 5168 2383 5232 quidem
2398 5180 2568 5218 omnes
2582 5167 2694 5216 suis
2708 5165 2967 5228 presentes
2977 5163 3175 5227 optimae
3187 5163 3355 5224 (sunt)
