3767 5825
231 498 310 548 36
327 488 458 547 eod.
479 483 797 566 οἷχνεῦοντα,
817 495 876 547 et
895 491 979 547 Sic
993 488 1212 564 ubique
1231 496 1438 564 praeter
1457 507 1518 549 v.
1549 501 1579 550 7
1592 534 1609 562 ,
1626 492 1728 552 ubi

137 599 278 654 ηχν.

229 679 310 726 44
343 667 474 726 eod.
505 663 693 745 πρῆξίν
717 687 806 744 γε,
825 669 1005 743 supra
1025 669 1217 742 posito
1243 688 1295 722 κ.

231 765 419 816 49·53
465 758 550 815 sie
588 755 1002 832 paraphrastes
1045 774 1061 814 ε
1103 759 1137 824 ἡ
1173 753 1366 826 σελήνη
1389 753 1489 813 ὑπὸ
1527 756 1725 834 ἀγαθο-

137 848 320 903 ποιῶν
352 842 753 924 μαρτυρουμένη
779 832 1102 923 τετράγωνος
1131 842 1148 924 (
1175 847 1283 916 sie,
1313 851 1508 904 cetera
1527 842 1724 924 siglis)

133 933 176 1005 ἢ
214 933 530 1012 τρίπλευρος
563 928 599 1004 ἢ
630 930 906 1013 διάμετρος
940 930 1108 1003 κακὴν
1153 933 1170 1008 (
1200 950 1349 1016 οοπ.
1393 931 1561 1004 καλὴν
1589 933 1604 1012 )
1631 931 1727 1004 τὴν

133 1021 450 1102 ὁδοιπορίαν
480 1019 756 1098 σημαίνει·
779 1019 882 1079 ὑπὸ
903 1021 960 1079 δὲ
997 1024 1295 1080 κακοποιῶν
1334 1011 1726 1100 μαρτυρηθεῑσα

131 1113 472 1190 τετράγωνος
489 1109 526 1182 ἢ
540 1108 900 1190 τρίπλευροςῆ
929 1109 1200 1188 διάμετρος
1223 1109 1414 1180 κακήν.
1437 1112 1606 1189 Legit
1622 1112 1725 1172 ille

132 1220 203 1262 ν.
233 1212 310 1262 52
332 1200 495 1277 quod
515 1203 579 1260 in
599 1199 797 1259 codice
825 1203 1160 1259 restitutum
1194 1218 1210 1257 ε
1248 1196 1351 1274 μῆὲ
1378 1198 1586 1278 τρίπλ.,
1613 1200 1728 1260 de-

129 1293 326 1356 lendo
339 1314 378 1366 μ
393 1288 518 1369 (sed
533 1291 962 1366 inmergineibi
971 1297 1098 1349 ant.
1124 1305 1208 1348 m.
1227 1291 1484 1366 positum
1496 1287 1569 1364 μὴ
1585 1311 1665 1368 τρ.
1683 1293 1722 1365 ),

127 1388 200 1442 et
243 1381 492 1439 fortasse
519 1375 770 1456 ἔχουσι...
817 1375 1050 1455 φέρουσι.
1089 1377 1317 1437 Ibidem
1345 1378 1478 1437 eod.
1529 1375 1691 1454 ἔχωσι
1707 1420 1724 1449 ,

129 1470 347 1547 paullo
361 1469 667 1526 recentiori
681 1482 765 1524 m.
783 1487 819 1534 η
835 1468 1028 1542 posito
1037 1482 1215 1542 super
1225 1488 1287 1522 ω.
1301 1477 1334 1526 5
1346 1475 1377 1524 3
1389 1467 1546 1525 idem
1565 1463 1726 1544 μήνῃ,

129 1557 310 1636 quod
356 1557 688 1626 restituisti,
735 1560 796 1613 et
828 1563 903 1614 58
949 1552 1039 1610 καὶ
1079 1552 1126 1610 δ’
1173 1551 1246 1610 ἄν
1294 1576 1389 1612 τοι
1435 1552 1728 1631 ἀτάρὸητος

127 1643 298 1704 πέλοι
315 1633 496 1718 οἶμος,
517 1649 698 1714 reete,
726 1657 837 1702 nee
862 1645 1178 1717 quiequam
1203 1645 1508 1702 omissum.
1534 1643 1727 1703 Etiam

129 1735 518 1812 paraphrasis
538 1732 764 1792 indicat
777 1747 901 1790 non
920 1729 1083 1806 loqui
1109 1737 1340 1806 poetam
1364 1732 1440 1790 de
1465 1732 1678 1790 reditu.

227 1833 306 1883 69
332 1838 511 1898 super
526 1817 752 1891 οὕνεκεν,
775 1822 839 1879 in
859 1836 981 1896 quo
998 1826 1156 1878 recte
1177 1819 1520 1880 offendebas
1539 1863 1556 1890 ,
1579 1823 1726 1879 mire

129 1915 430 1989 seriptum
453 1913 486 1981 ἡ
517 1909 740 1986 (literae
760 1929 789 1965 ο
809 1911 1154 1984 impositum
1181 1907 1226 1984 ).
1250 1909 1526 1985 Sequenti
1549 1927 1725 1969 versu

130 2003 276 2061 eod.
307 2002 514 2073 εἷσηται
541 2001 626 2059 sie
655 2002 781 2059 sine
804 2004 1052 2058 aeoentu
1065 2043 1084 2069 ‚
1117 1998 1280 2075 quod
1299 1998 1726 2058 dubitationem

132 2091 370 2150 librarii
391 2089 466 2148 de
482 2089 818 2164 integritate
845 2088 1144 2162 scripturae
1167 2086 1411 2147 indicat.

225 2185 388 2238 75—6
435 2176 810 2254 paraphrasis
844 2193 859 2235 ε
905 2170 1056 2232 ἔσται
1092 2175 1127 2243 ἡ
1153 2171 1284 2250 γυνὴ
1327 2171 1720 2248 ἀκατάστατος,

140 2264 534 2342 παλίμὸουλος.

224 2339 687 2433 87—83paraphr.
721 2371 737 2411 z
775 2349 927 2414 ἔσται
952 2349 1056 2430 γὰρ
1082 2353 1117 2420 ἡ
1151 2348 1280 2426 γυνὴ
1313 2349 1540 2428 μυχαλὶς
1575 2351 1722 2430 (sie),

131 2445 482 2517 πολύκοινος,
538 2439 834 2524 ῥυπαρά.
883 2472 963 2484 -
1009 2448 1083 2499 92
1126 2439 1258 2498 cod.
1300 2437 1614 2518 Ἀρσίττττης,
1656 2449 1726 2501 ut

132 2551 456 2604 excusum,
490 2551 613 2594 non
632 2529 678 2588 ε’.
699 2561 782 2576 --
803 2537 880 2589 93
906 2529 1068 2588 idem
1095 2525 1238 2607 ἀνέρι
1265 2525 1558 2604 κοράνουσα
1574 2574 1591 2606 ,
1621 2533 1722 2601 sie,

133 2627 331 2684 literae
349 2645 378 2681 ο
395 2623 760 2698 superposito
777 2642 839 2690 η.

225 2723 306 2772 98
367 2710 594 2786 κομίζεις
637 2710 886 2769 fortasse
937 2707 1427 2786 typographicam
1462 2710 1665 2766 vitium
1703 2725 1718 2764 z

133 2803 276 2862 eod.
311 2799 604 2874 κομίζοις,
626 2805 686 2858 et
705 2797 982 2875 paraphr.
1013 2815 1028 2857 τ
1060 2799 1088 2854 ὁ
1110 2793 1288 2874 γήμας
1319 2797 1373 2854 ἐν
1403 2798 1468 2874 τῇ
1510 2792 1722 2874 δευτέρα

133 2890 326 2969 ἡμέρα
353 2885 674 2967 χαρήσεται.

229 2990 344 3041 107
405 2978 594 3039 codex
619 2994 741 3036 uon
770 2974 851 3033 ἀεί
893 2997 982 3047 κε,
1023 2974 1128 3033 sed
1166 2973 1248 3031 ἀεὶ
1276 2971 1385 3031 καὶ
1431 2996 1578 3045 παν.,
1606 2991 1726 3051 quo

133 3068 508 3149 probabilius
545 3065 616 3125 flt
637 3072 810 3125 tuum
855 3060 1001 3123 αἰναί.
1027 3093 1121 3138 ‚—
1159 3070 1272 3122 109
1304 3062 1465 3122 idem
1485 3058 1721 3135 πέλοντο,

139 3168 165 3218 1
185 3168 214 3217 1
227 3168 264 3217 0
286 3152 580 3225 λιῶήσατ’.

229 3254 342 3307 121
376 3241 641 3309 παλλακίς
667 3251 840 3305 tuum
861 3241 1042 3301 habet
1063 3241 1498 3318 paraphrasten,
1529 3244 1634 3319 qui
1651 3242 1727 3301 de

134 3354 254 3399 suo
267 3335 540 3413 quaedam
555 3332 723 3393 addit
889 3328 1162 3409 ἐλευθέραν
1182 3330 1240 3387 οὔ
1266 3329 1345 3387 δεῖ
1360 3333 1561 3407 γῆμαι,
1589 3328 1726 3389 ἀλλὰ

137 3426 342 3496 δούλην
369 3418 674 3481 παλλακίδα
703 3420 903 3495 μᾶλλον
933 3418 1040 3476 δεῖ·
1065 3415 1154 3475 καὶ
1199 3414 1302 3497 γὰρ
1333 3419 1361 3474 ὃ
1398 3416 1566 3493 Ζυγὸς
1607 3440 1726 3493 μοι·

135 3513 298 3593 χείαν
323 3508 578 3591 ἐπιφέρει·
609 3507 699 3567 καὶ
725 3508 812 3565 διὰ
842 3511 996 3566 τοῦτο
1027 3505 1430 3571 εὗαπάλλακτος
1459 3502 1555 3581 μὲν
1581 3504 1726 3582 γίνε-

142 3620 236 3661 Ιιἐιιι
263 3604 300 3673 ἡ
325 3597 614 3670 παλλακὶς,
644 3595 1084 3661 δυσαπάλλακτος
1119 3590 1174 3653 δὲ
1202 3597 1239 3666 ἡ
1263 3593 1507 3675 ἐλευθέρα
1526 3640 1545 3673 ,
1575 3598 1645 3662 ὥς
1666 3594 1727 3655 τὸ

139 3688 302 3756 εἰκός.

234 3786 420 3839 127-8
460 3775 779 3853 paraphr.:
820 3773 874 3830 ἓν
909 3769 966 3831 δὲ
1003 3775 1069 3851 τῇ
1106 3770 1321 3851 δευτέρα
1352 3770 1441 3829 καὶ
1478 3774 1543 3851 τῇ
1576 3771 1725 3853 τρίτῃ

139 3866 326 3947 ἡμέρα
345 3866 404 3924 οὗ
425 3866 502 3924 δεῖ
529 3867 699 3941 γῆμαι
735 3858 927 3927 ὅλως·
949 3859 1354 3939 μοιχευθήσεται
1382 3859 1484 3939 γὰρ
1507 3859 1598 3920 καὶ
1629 3862 1728 3921 ὑπὸ

137 3956 351 4017 δούλων
375 3958 410 4025 ἡ
439 3951 592 4031 γυνή.

233 4054 347 4107 132
393 4042 674 4122 pamphr.
697 4058 714 4099 :
739 4036 824 4097 τὸν
861 4034 918 4095 δὲ
946 4038 1424 4118 δευτερογαμοῧντα
1463 4037 1574 4110 δεῖ,
1614 4038 1728 4096 καὶ

141 4132 478 4214 μάλιστα,
506 4128 612 4190 ἐὰν
632 4134 666 4201 ἡ
687 4125 816 4206 γυνὴ
837 4124 1007 4205 χήρα.

235 4234 262 4283 1
275 4230 502 4283 50454
524 4214 797 4297 paraphr.
823 4232 841 4276 2
860 4211 1000 4285 πλὴν
1024 4222 1130 4283 τοῖς
1149 4213 1550 4296 κεφαλαλγικοῖς
1566 4214 1726 4274 ἀπαί-

141 4334 256 4378 σιος
285 4314 316 4369 ὅ
345 4307 524 4389 Κριός.
554 4308 800 4385 Egregia
815 4304 1147 4366 emendatio
1166 4312 1272 4365 tua
1300 4322 1360 4365 v.
1394 4312 1532 4364 150.

235 4411 348 4461 155
371 4400 502 4459 eod.
523 4419 559 4467 η
583 4391 882 4475 (sineacc.)
908 4390 984 4469 δὲ,
1007 4395 1113 4455 sed
1134 4394 1413 4471 paraphr.
1438 4395 1492 4451 εἰ
1517 4391 1573 4450 δὲ
1595 4390 1724 4471 γυνὴ

141 4487 337 4569 μέλλοι
352 4484 716 4565 ἐκτιτρώσκειν
737 4490 850 4541 ete.
863 4525 880 4552 ,
895 4487 998 4559 qui
1017 4482 1303 4561 βαρῦθῃσιν
1315 4500 1424 4558 pro
1434 4482 1726 4557 adjectivo

141 4579 430 4639 habebat.
465 4606 548 4619 —
589 4582 692 4633 161
739 4572 1018 4647 paraphr.
1050 4591 1064 4630 ε
1099 4570 1385 4637 ἀκινδύνως
1435 4571 1723 4629 ἀπαλλα-

140 4690 178 4745 γ
195 4666 348 4724 εἶσα
386 4662 702 4734 σωθήσεται.

235 4764 350 4813 162
403 4752 592 4812 eodex
628 4746 1116 4826 μετανισσομένησ.
1165 4748 1183 4831 (
1225 4751 1325 4809 hie
1361 4750 1449 4809 lit.
1505 4766 1670 4811 erasa
1709 4750 1726 4828 )

141 4866 252 4901 που
271 4885 290 4914 ,
323 4844 418 4901 cui
437 4842 723 4900 vocabulo
748 4839 948 4916 paullo
973 4842 1260 4898 recentius
1296 4842 1730 4915 superpositum

143 4956 250 4993 σοι.
273 4962 359 4975 -
386 4938 496 4990 167
522 4930 656 4989 cod.
688 4946 722 4988 a
742 4944 835 5004 pr.
864 4942 948 4984 m.
976 4922 1107 5004 ἔχει.
1134 4926 1422 5002 Pamphr.
1457 4944 1471 4984 ε
1497 4929 1528 4984 ὁ
1548 4948 1731 4985 κατα-

139 5019 346 5087 κλιθεὶς
371 5016 623 5099 πάρεστιν
647 5018 662 5093 (
691 5022 811 5078 imo
831 5013 1054 5095 πάρεσιν
1078 5014 1096 5095 )
1123 5014 1408 5091 ὑπομείνας
1433 5014 1523 5073 καὶ
1543 5037 1729 5095 παρα-

146 5110 322 5192 nepa<
374 5106 670 5179 σωθήσεται
722 5103 950 5184 ταχέως.
1003 5138 1084 5149 -
1141 5115 1254 5166 168
1308 5094 1420 5182 ἔχὀι
1464 5106 1598 5165 cod.
1649 5138 1730 5149 —

159 5212 274 5262 170
297 5198 484 5259 codex
517 5195 808 5275 συνάγχης,
831 5202 893 5256 et
919 5194 1292 5273 paraphrasis
1320 5192 1439 5275 περὶ
1462 5192 1730 5273 τράχηλον

3226 373 3390 416 LXXV

1820 514 1894 549 συ
1910 492 2174 570 ναγχικὸν
2219 490 2403 558 πάθος.
2434 523 2515 537 -·
2547 500 2659 552 173
2700 491 2833 554 md.
2870 486 3048 562 πέλει,
3088 488 3249 566 quod
3274 505 3393 548 non

1819 587 1910 640 est
1929 598 2033 641 eur
2062 588 2337 642 mutetur.

1906 680 2015 731 186
2046 671 2231 730 oodex
2272 667 2361 727 υἱὰ
2396 667 2555 749 (sie),
2600 686 2721 729 non
2745 665 2883 727 υἱέα.
2924 667 3128 743 Neque
3163 683 3228 726 v.
3282 675 3391 725 195

1819 757 2183 838 ἕπεισὲρχοιτ’,
2204 757 2309 818 sed
2329 760 2407 816 ἐπ
2422 780 2541 816 ισπ
2557 755 2583 815 έ
2599 780 2710 840 ρχο
2723 780 2761 819 ι.
2792 765 2999 816 -207
3011 757 3143 816 cod.
3168 755 3397 836 άκεσφο-
3454 771 3463 780 ·

1819 847 1935 925 ρίην
1964 847 2012 924 γ’
2038 847 2195 926 ἐπάγ.
2232 880 2313 891 -
2356 857 2471 908 209
2502 845 2730 927 άμυδρή.
2758 847 3175 922 Pamphrastes
3217 863 3232 904 t
3260 846 3395 902 ἔλα-

1820 935 1926 1015 φρὰ
1955 935 2049 995 καὶ
2076 935 2363 1004 ἀκίνδυνος.
2383 969 2464 980 -
2496 944 2603 997 211
2634 937 2768 996 cod.
2796 931 3023 1012 μογέειν,
3048 943 3161 994 213
3198 931 3329 1014 φέρε
3349 957 3392 1006 ι,

1816 1027 1921 1085 ubi
1950 1033 2105 1085 reete
2130 1027 2453 1085 correxisse
2476 1025 2695 1084 videris
2724 1021 2943 1102 λαιψήρ’
2968 1019 3187 1100 ὑγίειαν.

1901 1123 2015 1174 237
2053 1115 2242 1174 codex
2266 1131 2387 1174 non
2416 1112 2509 1184 ἐνί,
2558 1114 2666 1173 sed
2690 1111 2923 1189 τημόσδε
2975 1109 3117 1184 ἐπί,
3145 1118 3214 1173 ut
3257 1113 3396 1174 hine

1817 1219 2051 1278 quoque
2066 1203 2333 1263 firmetur
2352 1203 2679 1262 Hermanni
2701 1201 3033 1260 emendatio
3060 1198 3197 1278 περί.
3242 1202 3395 1263 Item

1815 1308 1990 1351 versu
2026 1299 2141 1351 25⁰
2172 1291 2461 1351 Gen-hardi
2488 1288 2653 1362 τοίην,
2680 1290 3005 1349 Hei-manni
3031 1286 3298 1368 σμυγερήν
3331 1293 3395 1350 in

1815 1381 1949 1440 ood.
1993 1382 2290 1458 leguntur,
2340 1383 2626 1457 posterius
2665 1376 2921 1458 στυγερήν
2962 1394 3099 1438 cum
3138 1400 3179 1454 μ
3222 1395 3397 1454 super

1818 1471 1987 1530 litera
2014 1491 2071 1540 τ,
2096 1486 2218 1528 non
2246 1485 2426 1546 super
2448 1475 2698 1544 utraque
2726 1489 2819 1538 στ,
2847 1465 3012 1542 quod
3036 1466 3242 1527 fefemt
3267 1467 3395 1527 Fa-

1815 1559 1983 1618 bricii
2007 1555 2339 1638 ἄπογραφέα.

1900 1655 2016 1706 270
2039 1647 2315 1725 paraphr.
2351 1664 2367 1705 z
2396 1643 2530 1721 μετὰ
2560 1639 2865 1713 οῑουδήποτε
2892 1643 2998 1700 τῶν
3016 1640 3169 1701 πέντε
3182 1644 3395 1702 πλανω-

1818 1735 1991 1812 μένων
2017 1733 2313 1814 βλάπτει...
2339 1767 2422 1781 -
2442 1742 2555 1795 274
2578 1731 2643 1792 σύ
2661 1755 2751 1809 μοι
2767 1740 2941 1792 tuum
2957 1733 3234 1793 ineodice
3257 1734 3397 1811 legi-

1815 1831 1935 1896 tur,
1960 1843 2142 1885 manu
2161 1825 2364 1902 paullo
2391 1827 2709 1886 reoentiore
2740 1824 3107 1897 superposito
3130 1817 3187 1891 ἢ.
3218 1823 3395 1882 Prio-

1817 1931 1939 1974 rem
1984 1919 2334 1992 scripturam
2371 1912 2783 1990 paraphrastes
2817 1925 3055 1986 quoque
3208 1913 3391 1970 oseit:

1815 2000 1896 2060 διὸ
1926 2000 2137 2078 ἄμεινον
2182 2001 2236 2058 ἐν
2272 2007 2379 2066 τοῖς
2416 1997 2663 2065 τοιούτοις
2706 1995 2828 2055 ἄνευ
2859 1995 3077 2077 ἀστέρος
3122 2019 3146 2056 ε
3168 2019 3255 2056 ναι
3301 1995 3397 2068 τὴν

1817 2089 2043 2162 σελήνην
2062 2093 2183 2148 καθ’
2215 2087 2408 2159 αὑτήν.

1901 2188 2158 2240 280-292
2186 2181 2389 2255 paucis
2410 2177 2605 2238 verbis
2627 2176 2824 2236 reddit
2847 2175 3125 2253 paraphr.
3163 2191 3178 2233 t
3205 2175 3395 2254 §.6290-

1816 2266 2009 2334 σκόπος
2026 2265 2062 2339 ἢ
2094 2271 2128 2338 ἡ
2158 2265 2352 2340 σελήνη
2376 2267 2433 2324 ἐν
2469 2268 2547 2347 τῷ
2574 2262 2774 2344 Ταύρῳ
2804 2259 2841 2335 ἢ
2884 2265 2937 2322 ἔν
2963 2265 3041 2344 τῷ
3071 2261 3397 2344 Αἷγοκέρωτι

1817 2354 1927 2428 ἢέν
1950 2359 2015 2433 τῇ
2050 2356 2309 2435 Παρθένῳ
2334 2353 2631 2432 βλάπτωσι
2647 2351 2766 2418 τοὺς
2788 2347 3309 2433 χειρουργουμένους.

1902 2455 2015 2506 306
2036 2446 2167 2506 eod.
2197 2442 2290 2503 καί
2310 2467 2371 2522 γε
2404 2440 2593 2519 τομήν.
2628 2473 2711 2487 -
2741 2450 2853 2501 312
2882 2440 3167 2517 paraphr.
3194 2458 3211 2499 ε
3240 2443 3277 2512 ἡ
3305 2461 3394 2498 σε-

1814 2530 1951 2604 λήνη
1988 2530 2123 2608 μετὰ
2159 2530 2281 2597 Διὸς
2320 2529 2356 2602 ἢ
2382 2527 2685 2612 Ἀφροδίτης
2722 2528 3111 2608 λειψιφιιποῧσα
3144 2525 3233 2584 καὶ
3259 2527 3397 2603 μᾶλ-

1815 2624 1907 2680 λον
1934 2619 2070 2697 μετὰ
2090 2618 2186 2691 τὴν
2216 2617 2462 2698 δευτέραν
2496 2614 2797 2696 διχότομον.
2829 2615 3035 2693 Neque
3066 2617 3394 2676 accuratius

1815 2728 1926 2788 pro
1954 2712 2169 2769 versib.
2229 2716 2454 2768 318-19
2484 2725 2501 2766 t
2542 2703 2611 2763 τὰ
2636 2704 2691 2762 δὲ
2726 2700 2979 2783 εἰρημένα
3008 2701 3183 2760 πάντα
3211 2705 3395 2768 κοινῶς

1817 2799 1897 2857 δεῖ
1918 2795 2299 2856 συνυπακούειν
2333 2794 2424 2854 ἐπὶ
2454 2793 2631 2864 πάσης
2658 2791 3012 2872 χειρουργίας.

1901 2896 2013 2949 337
2036 2887 2167 2947 eod.
2199 2883 2355 2957 ἴδοις,
2388 2893 2499 2946 340
2520 2879 2785 2955 λανθάνοι,
2808 2889 2913 2942 341
2940 2876 3207 2959 καρκίνον,
3232 2879 3393 2957 quod

1816 2980 2086 3053 posuisti.
2115 3006 2197 3019 -
2223 2968 2445 3035 344-45
2486 2971 2769 3049 paraphr.
2800 2988 2816 3028 z
2856 2968 2950 3027 καὶ
2990 2970 3044 3027 ἐν
3077 2971 3143 3045 τῇ
3178 2967 3393 3048 δευτέρᾳ

1817 3062 1994 3144 ἡμέρα
2046 3061 2367 3128 ὑπόσπονδος
2411 3058 2779 3140 εὑρεθήσεται,
2820 3054 2957 3115 ὥστε
3017 3054 3180 3134 μηδὲν
3229 3056 3393 3114 κακὸν
3436 3060 3443 3063 ’

1817 3156 2022 3211 παθεῖν.

1906 3250 2016 3301 355
2060 3238 2230 3297 λείπει
2270 3238 2433 3309 eod„
2483 3252 2660 3312 supra
2702 3236 2918 3312 scripto
2956 3254 3005 3291 οι
3031 3233 3164 3293 ead.
3190 3249 3276 3294 m.
3313 3263 3394 3277 —

1822 3340 1937 3391 8⁵8
1978 3328 2259 3407 paraphr.
2298 3344 2316 3384 2
2360 3326 2414 3383 ἐν
2458 3324 2751 3407 ἀμφιλαφεῖ
2790 3320 2883 3379 καὶ
2925 3320 3077 3379 δασεῖ
3110 3319 3279 3400 τόπῳ.
3313 3352 3395 3366 -

1823 3427 1930 3479 361
1970 3419 2103 3478 cod.
2156 3411 2473 3495 θαρσαλέος,
2524 3420 2637 3474 363
2682 3406 2963 3490 πρηῦνέει,
3018 3404 3141 3470 369’
3185 3408 3391 3486 ἀνάγῃ,

1824 3519 1937 3569 370
1966 3506 2031 3577 ἢν
2064 3506 2129 3579 δ’,
2158 3514 2273 3567 379
2303 3502 2503 3579 τέτμοι.
2543 3502 2831 3578 Pamphr.
2867 3517 2883 3559 ε
2912 3497 3061 3578 παρὰ
3088 3500 3394 3579 δημαγωγῷ

1817 3594 1854 3667 ἢ
1894 3594 2211 3675 στρατιώτῃ.
2262 3595 2432 3655 Idem
2480 3601 2656 3652 3845
2692 3609 2709 3649 τ
2750 3585 3073 3648 κινδυνεύσει
3120 3584 3259 3645 ὥστε
3302 3586 3393 3645 καὶ

1821 3682 1973 3762 ἐγγὺς
1997 3683 2237 3762 γενέσθαι
2254 3680 2500 3742 θανάτου.
2533 3680 2610 3741 Et
2634 3662 2746 3741 359
2779 3696 2795 3739 τ
2828 3674 2990 3759 χωρίς
3012 3697 3145 3743 τινος
3176 3674 3394 3753 ἀστέρος

1819 3771 2164 3849 πλανωμένου
2176 3763 2308 3830 οὖσα
2328 3772 2446 3827 καθ’
2472 3767 2687 3839 ἑαυτήν.
2707 3775 2819 3828 397
2844 3782 3049 3841 seqq-2
3073 3768 3110 3837 ἡ
3125 3763 3391 3836 σελήνη...

1819 3860 2022 3937 κομίζει
2049 3858 2144 3935 μὲν
2166 3856 2349 3938 πόρρω
2368 3856 2457 3915 τὸν
2487 3855 2749 3935 φυγόντα,
2772 3855 2915 3912 ποιεῖ
2933 3849 2990 3911 δὲ
3009 3851 3163 3910 αὐτὸν
3189 3848 3394 3929 δεσμώ-

1819 3974 1915 4023 την
1939 3952 2282 4029 κρατηθῆναι.
2328 4022 2335 4029 ·
2770 3948 2783 3959 ”

1899 4048 2014 4100 412
2038 4038 2222 4097 codex
2241 4033 2300 4093 οὔ
2330 4056 2391 4092 κε
2418 4031 2619 4112 κίχηις,
2647 4048 2785 4093 cum
2815 4052 2851 4091 ι.
2875 4028 3163 4106 Pamphr.
3198 4048 3214 4088 ε
3241 4029 3301 4086 οὖ
3317 4028 3391 4107 μὴ

1819 4130 1875 4186 εὖ
1913 4130 2025 4207 εθῇ.

1883 4150 2134 4275 ρ425-28
2160 4212 2569 4289 paraphrastes
2586 4226 2723 4270 eum
2742 4209 3147 4268 additamento
3170 4226 3185 4265 :
3306 4207 3395 4264 εὖ-

1817 4302 1943 4370 θέως
1973 4300 2305 4383 εὑρεθήσεται
2334 4302 2363 4358 ὁ
2394 4298 2597 4381 φυγών·
2630 4296 2782 4379 φήμη
2804 4294 2908 4376 γὰρ
2939 4294 3062 4375 περὶ
3108 4296 3267 4354 αὐτοῦ
3298 4297 3393 4353 εὗ-

1818 4392 1942 4457 θέως
1970 4389 2179 4469 ἔρχεται
2206 4388 2476 4467 μηνύουσα
2500 4386 2672 4447 αὐτόν.

1900 4490 2133 4541 429-32
2163 4480 2472 4558 paraphr.:
2502 4482 2535 4549 ἡ
2567 4475 2760 4548 σελήνη
2782 4472 3133 4535 συνοδεύουσα
3158 4476 3235 4554 τῷ
3256 4472 3393 4553 ἡλίῳ

1818 4568 1854 4640 ἢ
1879 4570 2365 4639 πανσεληνιάζουσα
2402 4566 2660 4635 ἐκτοπίζει
2687 4564 2774 4624 τὸν
2798 4562 3053 4645 φυγόντα.

1902 4669 2017 4719 439
2041 4663 2134 4718 tit.
2162 4656 2281 4735 περὶ
2311 4658 2555 4735 τεχνῶν
2586 4655 2793 4713 διδασκ.
2825 4654 3036 4713 incod.
3060 4682 3141 4696 —
3171 4659 3392 4711 450-55

1819 4749 2096 4826 pamphr.
2129 4765 2145 4805 t
2168 4748 2481 4825 παρατηροῧ
2513 4742 2568 4801 δὲ
2590 4741 2678 4799 ἵνα
2702 4741 2778 4817 μὴ
2803 4743 2855 4799 ἐν
2881 4742 2984 4807 τοῖς
3002 4737 3394 4820 προειρημένοις

1820 4826 1950 4895 οῧσα
1973 4833 2172 4916 ζῳδίοις
2196 4838 2231 4905 ἡ
2263 4832 2457 4905 σελήνη
2488 4830 2773 4909 συνοδεύσῃ
2801 4832 2877 4906 τῷ
2901 4828 3039 4907 ἡλίῳ
3064 4826 3101 4899 ἢ
3123 4828 3395 4905 διαμετρεῖ

1869 4944 1953 4986 Slc
2008 4970 2019 4981 .

1823 4924 1840 5007 (
1904 4924 2020 5075 46)9
2051 5013 2321 5090 paraphr.
2357 5030 2371 5069 ε
2407 5014 2504 5087 γῆν
2536 5008 2702 5087 ἀργὴν
2736 5010 3121 5087 βωλοστροφεῖν
3152 5002 3243 5063 καὶ
3270 5003 3393 5077 ἐξη-

1824 5109 2035 5183 μεροῦν.
2067 5134 2147 5147 -
2176 5112 2289 5161 473
2315 5118 2441 5176 seq.
2468 5100 2623 5158 idem
2660 5116 2674 5156 z
2704 5094 3017 5176 ἐργολαὸίας
3046 5092 3100 5153 δὲ
3123 5091 3159 5165 ἢ
3191 5093 3394 5170 μισθώ-

1823 5215 1953 5258 σεως
1972 5194 2259 5271 γεωργικῆς
2288 5185 2633 5247 ἓπιλαΰέσθαι
2661 5186 2719 5243 οὗ
2750 5184 3023 5265 συμφέρει.
3040 5218 3108 5229 -·
3128 5193 3245 5245 479
3270 5184 3350 5243 id.
3373 5203 3388 5243 2
