3767 5825
1095 338 1893 441 Msnmnomsnoaun
1936 375 2083 437 Lis.
2130 375 2237 437 ιιι.
2296 371 2424 453 [ιι]
3326 382 3401 433 ιε

53 534 138 571 ros
171 512 246 572 Ἀ
266 516 630 592 φρογενοῦς
655 508 936 589 κέντρῳ,
967 508 1185 590 φθορέας
1203 509 1430 589 λέκτρων
1457 508 1708 588 ἀνέφηνεν

103 620 110 623 ·
179 600 502 680 ἀλλοτρίων,
534 596 756 678 ἀλόχους
779 598 832 655 δέ
849 602 896 655 τ’
922 597 1297 663 ὀπιπεύσαντες
1324 598 1537 675 ἄγονται

179 688 241 756 ἐξ
275 690 425 760 εὐνῆς
444 686 633 767 ἑτέρων
650 710 663 723 ·
695 689 750 745 αἱ
778 688 828 744 δ’
857 685 1040 753 αὐτοὺς
1066 685 1178 744 οὔτι
1205 686 1427 761 τίουσιν,

181 775 332 833 ἀλλὰ
355 776 534 835 πόθοιο
559 774 942 854 κορεσσάμεναι
968 774 1176 852 μάχλου
1197 796 1256 831 τε
1283 772 1510 851 κυθήρης

183 854 340 930 αὖθις
369 866 450 921 ἐπ’
483 863 620 921 ἄλλα
644 861 878 939 μέλαθρα
899 862 988 919 καὶ
1017 861 1204 927 ἄλλους
1225 853 1380 932 ἦλθον
1411 861 1676 937 ὁμεύνους,

59 972 154 1012 2⁰0
185 953 428 1010 πολλάκι
452 952 500 1009 δ’
521 951 763 1031 αὗτοχερὶ
793 948 1050 1029 σφετέρων
1081 948 1274 1007 ποσίων
1295 948 1568 1024 ἐδάμησαν
1585 972 1598 983 ·

183 1038 343 1110 ζώοις
368 1041 416 1098 δ’
453 1042 506 1097 ἐν
537 1038 923 1118 τροπικοῖσι
949 1038 1186 1117 χερείονα
1213 1038 1372 1095 τῶνδε
1393 1040 1646 1096 τελοῦσιν.

182 1134 363 1187 ταῦτα
385 1126 438 1187 δὲ
464 1126 555 1186 καὶ
586 1126 814 1205 Παφίη
840 1124 1015 1205 τεύχει
1041 1125 1200 1183 πάλιν
1223 1128 1688 1202 ὡρονομοῧσα,

183 1208 300 1275 εὖτ’
325 1214 387 1275 ἂν
407 1214 478 1275 'A
497 1238 603 1293 ρης
629 1212 734 1272 δύν
749 1236 783 1291 ῃ
801 1256 818 1286 ,
846 1211 1059 1271 πλέοσιν
1083 1214 1128 1270 δ’
1157 1212 1232 1269 ἔτι
1257 1212 1347 1271 καὶ
1375 1216 1654 1290 συνοχῇσιν

185 1304 454 1385 εἱρκτῇσίν
475 1306 520 1360 τ’
543 1300 766 1371 ἐπέδησε
792 1300 1085 1377 γυναικείης
1109 1298 1243 1358 ἕνεκ’
1278 1300 1404 1372 ἄτης
1419 1325 1434 1337 ·

67 1410 156 1447 ²⁰3
197 1392 340 1451 ὅσσα
369 1391 414 1449 δ’
436 1390 792 1461 ἐπεκτήσαντο
813 1388 943 1460 νέοι,
971 1389 1084 1447 τάδ’
1113 1389 1335 1447 ὄλεσσαν
1356 1388 1559 1446 ἅπαντα

183 1484 244 1546 ἐς
263 1486 455 1559 γῆρας,
489 1478 643 1557 πενίῃ
667 1477 721 1535 δὲ
746 1482 884 1557 κακῇ
914 1476 1153 1548 ἄλληκτα
1185 1484 1456 1553 μογεῦσιν.

271 1561 380 1627 εἶτ’
402 1566 464 1625 ἂν
487 1569 534 1624 δ’
553 1564 992 1646 “Ερμείηςμὲν
1014 1564 1248 1643 ἔπείγητ’
1279 1568 1338 1631 ἐς
1357 1564 1540 1621 δύσιν
1571 1564 1754 1632 ἐλθεῖν,

186 1660 246 1715 ἐν
291 1657 337 1714 δ’
362 1656 404 1713 ὦ
425 1678 502 1735 ρῃ
531 1657 585 1715 Θ
601 1659 670 1714 οῦ
691 1676 795 1734 ρος
822 1652 975 1733 φλογὶ
999 1654 1274 1734 μαρμαίρῃ
1295 1652 1584 1712 κατέναντα
1601 1694 1616 1722 ,

183 1744 324 1813 ὀξεῖς
346 1742 396 1801 ἔν
421 1765 476 1799 τε
505 1742 608 1821 νόῳ
636 1740 726 1799 καὶ
757 1742 946 1817 μήδεσι
974 1745 1127 1811 θῆκεν
1153 1739 1378 1819 ἀγητούς
1396 1785 1412 1813 ,

71 1846 162 1885 210
199 1830 416 1895 ἐσθλοὺς
442 1828 485 1887 δ’
521 1831 573 1885 ἐν
603 1828 870 1909 σοφίῃσιν,
897 1828 972 1885 ἰδὲ
991 1824 1283 1908 δρηστῆρας
1305 1831 1360 1885 ἐν
1384 1826 1565 1908 ἔργοις.

187 1918 446 1999 Ἑρμοῦ
468 1918 514 1975 δ’
545 1916 988 1983 ἀντέλλοντος
1021 1916 1150 1987 ἐπὴν
1168 1913 1366 1996 ''Ap-q<
1389 1918 1519 1974 πάλι
1541 1914 1694 1993 δύνῃ
1713 1960 1727 1989 ,

189 2006 364 2065 δεινὸν
387 2008 574 2083 σχῆμα
602 2002 876 2081 τέτυκται,
908 1992 1021 2061 ἐπεῖ
1047 2003 1206 2083 βιότῳ
1232 2001 1325 2080 μὲν
1351 2004 1496 2071 ἀνίας
1514 2048 1532 2079 ,

187 2098 248 2153 ἐν
275 2094 322 2153 δ’
346 2096 510 2173 ἀγορῇ
540 2091 772 2173 κρίσιας,
806 2092 943 2163 θωήν
973 2096 1019 2151 θ’
1051 2090 1166 2168 ἅμα
1191 2091 1383 2151 νείκεσι
1411 2093 1620 2157 πολλοῖς

189 2184 409 2263 ἴσχουσι
436 2184 683 2262 γραπτῶν
713 2178 883 2238 ἕνεκεν
901 2204 913 2217 ·
943 2180 1138 2252 Μήνη
1156 2203 1182 2237 ν
1203 2182 1248 2238 δ’
1268 2184 1542 2259 ἐσορῶντες

75 2296 164 2333 215
192 2272 290 2330 καὶ
311 2270 366 2329 δὲ
389 2270 479 2328 καὶ
501 2268 769 2328 Ἠέλιον
806 2268 1046 2347 μερόπων
1071 2266 1314 2347 τεύχουσι
1342 2273 1560 2347 φονῆας,

193 2359 302 2417 αἰεὶ
327 2360 373 2417 δ’
400 2358 662 2417 ἔκπτωσιν
687 2357 863 2437 βιότου
886 2356 1128 2436 τεύχουσι
1148 2356 1272 2435 πρὸς
1295 2354 1481 2421 οἴκους.

275 2540 443 2594 ταῦτα
472 2533 528 2593 δὲ
551 2535 642 2593 καὶ
661 2534 859 2601 δοιοῖς
881 2532 1129 2613 ἑτέροις
1156 2532 1426 2611 τεύχουσιν
1459 2530 1626 2595 ἐόντες

193 2620 412 2701 ἀστέρες
433 2625 486 2681 ἐν
507 2620 914 2701 κέντροισιν,
941 2618 1020 2678 ὅσ*
1046 2619 1232 2678 αὐτίκα
1263 2618 1325 2690 δὴ
1357 2618 1628 2686 κατέλεξα.

283 2710 417 2770 ὅσσα
444 2708 499 2769 δὲ
527 2708 616 2769 καὶ
638 2711 884 2788 βασιλῆες
911 2708 1212 2787 ἀγακλειτοὶ
1237 2708 1496 2765 τελέουσιν

69 2824 158 2863 2²⁰
190 2798 469 2865 ’Ἠέλιος
497 2797 695 2870 Μήνη
731 2820 817 2868 τε,
846 2795 960 2855 τάδ’
995 2796 1178 2853 αὐτίκα
1215 2801 1302 2853 νῦν
1333 2794 1623 2863 καταλέξω.

277 2886 343 2959 ἢν
369 2887 518 2966 ἀνίῃ
540 2886 770 2968 περάτης
797 2883 1038 2956 Τιτάν,
1072 2883 1228 2963 δύνῃ
1259 2881 1314 2942 δὲ
1346 2884 1631 2957 Σελήνη,

193 2977 282 3048 ἢὸ
315 2974 407 3053 μὲν
437 2973 527 3055 ὕψι
553 2973 748 3052 μέσον
789 2973 954 3052 τέμνῃ
976 2971 1209 3044 πόλον,
1253 2977 1287 3043 ἡ
1313 2972 1358 3030 δ’
1404 2973 1716 3050 ὑπόγειον

194 3064 268 3122 κέ
283 3065 398 3144 ντρ
409 3086 472 3122 ον
495 3062 592 3144 ἔχῃ
609 3107 627 3138 ,
661 3061 808 3140 μάλα
832 3065 1006 3142 φῶτας
1028 3059 1340 3141 ἀριγνώτους
1363 3061 1452 3118 καὶ
1483 3061 1702 3136 ἀγητοὶς

200 3152 454 3235 ῥέζουσιν,
481 3149 607 3208 ποτὲ
636 3150 680 3207 δ’
709 3140 778 3207 αὖ
803 3149 1062 3228 μεγάλους
1089 3151 1344 3227 βασιλῆας
1375 3147 1604 3220 ἔτευξαν,

82 3265 168 3302 22⁶
195 3240 262 3312 ἠὲ
293 3239 498 3318 πάτρης
525 3234 847 3316 προῦχοντας
866 3281 883 3310 ,
915 3235 950 3306 ἢ
977 3238 1030 3292 ἐν
1053 3235 1293 3312 δήμοισιν
1325 3236 1576 3314 ἀρίστους.

279 3327 352 3395 ὣς
380 3328 434 3386 δὲ
453 3326 544 3385 καὶ
561 3325 626 3397 ἢν
648 3325 771 3383 τάδε
802 3323 1043 3405 κέντρα
1067 3323 1608 3400 μεταλλάξαντες
1632 3323 1763 3400 ἔχω-

278 3414 422 3488 'lisa
447 3415 538 3474 καὶ
569 3410 1115 3494 σύγκρασινάείσω
1140 3435 1224 3492 μα
1241 3411 1508 3492 ρτυρίας
1535 3437 1609 3484 τε,
1641 3413 1762 3490 [σιν.

195 3504 286 3576 ἠδ’
313 3503 395 3563 ὅσ’
422 3502 820 3567 ἐπαντέλλοντες
849 3501 882 3572 ἢ
915 3501 1173 3572 ἀλλήλους
1193 3500 1440 3581 ὁρόωντες

204 3592 418 3672 ἀστέρες
442 3589 703 3672 ἔρδουσιν·
727 3587 795 3647 τὰ
811 3589 913 3668 γὰρ
939 3588 1182 3669 ἀτρεκίην
1208 3587 1351 3665 μάλα
1381 3586 1566 3670 φαίνει.

80 3702 170 3741 2³0
197 3682 377 3740 πάντα
398 3677 492 3756 μὲν
521 3669 607 3738 οὖν
637 3679 732 3736 οὔκ
757 3676 819 3734 ἄν
849 3700 926 3743 τις
949 3681 1018 3758 ἑῷ
1043 3675 1322 3757 φράσσαιτ“
1348 3678 1424 3734 ἐνὶ
1447 3679 1595 3758 θυμῷ
1611 3721 1628 3750 ,

197 3771 310 3829 ὧδ’
335 3767 537 3826 ἐνέποι·
562 3765 628 3824 τὰ
646 3765 750 3846 γὰρ
775 3765 960 3823 (ἕσπετ’
985 3766 1227 3845 ἀπείριτά
1245 3770 1293 3824 τ’
1318 3765 1426 3824 ἐστὶ
1447 3769 1562 3824 κατ’
1584 3765 1766 3846 αἴθρην

197 3855 437 3936 σχήματ’
461 3852 783 3932 ἀμειὸόντων
812 3853 1016 3934 ἄστρων
1040 3852 1423 3933 πολύπλαγκτα
1447 3853 1666 3912 κέλευθα
1683 3877 1697 3891 ·

198 3945 337 4003 ὅσσα
363 3944 410 4002 δ’
439 3942 712 4010 ἕπιλέξωσι
735 3941 872 4020 θεοί,
895 3941 1010 3999 τάδ’
1031 3941 1133 4019 ἐγὼ
1155 3943 1297 4021 σάφα
1316 3940 1466 4010 λέξω.
1607 3942 1664 4020 [ν
1677 3964 1764 4013 ος,

285 4032 443 4105 Ζηνὶ
470 4031 672 4091 συνὼν
697 4031 942 4110 Κρόνος
969 4029 1168 4100 αἰπὺς-ἢ
1187 4029 1428 4110 εἰσορόων
1453 4029 1766 4109 τετράγω-

197 4123 234 4194 ἢ
262 4121 354 4199 ὅγε
381 4119 472 4180 καὶ
497 4121 849 4198 διάμετρος
867 4119 971 4176 ἀπὸ
990 4120 1215 4196 πλευρῆς
1242 4141 1300 4175 τε
1318 4117 1554 4198 τριγών
1571 4141 1670 4189 ου,

209 4213 462 4288 δωρεῖται
486 4209 660 4289 φιλίην
686 4206 957 4286 βασιλήιον
982 4205 1015 4276 ἢ
1042 4207 1132 4265 καὶ
1160 4205 1332 4272 ἄνοιξιν

197 4297 439 4358 εἷκελίων
463 4299 682 4374 ἀνδρῶν,
708 4293 891 4360 αὐτοὺς
914 4295 961 4351 δ’
993 4293 1094 4372 ἄρα
1118 4297 1280 4369 φῆμιν
1311 4291 1528 4372 ἀρίστην

199 4387 450 4465 ἴσχοντας
476 4382 678 4462 τεύχει,
703 4389 887 4459 κοσμεῖ
909 4381 953 4438 δ’
983 4381 1070 4438 ὑπ’
1091 4379 1322 4458 ἀπείρονι
1353 4381 1590 4460 πλούτῳ,

203 4474 295 4534 καὶ
326 4471 625 4552 μελάθροις,
653 4469 820 4543 ληίοις
843 4493 920 4541 τε,
953 4467 1327 4550 βαθυκλήροισί
1344 4470 1392 4525 τ’
1425 4468 1687 4548 ἀρούραις,

89 4581 176 4623 uo
203 4561 372 4628 λείαις
399 4562 668 4628 παντοίαις
689 4563 758 4631 τ’,
783 4557 991 4635 ἀγέλαις
1021 4556 1218 4634 δμωσίν
1247 4557 1294 4614 τ’
1325 4556 1652 4638 ἀναρίθμοις·

207 4654 346 4710 δῶκε
378 4650 466 4708 καὶ
487 4647 723 4707 εἶναλίων
748 4651 930 4718 κτῆσιν
958 4649 1096 4716 νηῶν
1123 4644 1478 4724 πολυφόρτων,

206 4739 298 4797 καὶ
318 4737 528 4818 πρήξεις
557 4737 755 4814 ἀγαθάς
772 4781 788 4810 ,
813 4733 902 4793 καὶ
930 4734 975 4792 δ’
1004 4725 1068 4793 αὖ
1100 4735 1236 4812 μέγα
1261 4735 1410 4800 κ’ῠδος
1439 4734 1520 4790 ἐπ’
1550 4732 1712 4814 ἔργοις
1731 4778 1744 4801 ,

206 4829 300 4886 καὶ
320 4827 544 4907 λιπαρὸν
571 4831 733 4906 γῆρας
764 4823 946 4903 μέχρις
975 4827 1215 4881 ὑστατίου
1236 4821 1496 4880 θανάτοιο.
1653 4825 1770 4900 [σας

291 4916 408 4974 ἀλλ’
439 4914 508 4974 Ἀ
527 4938 636 4995 ρης
658 4912 1061 4994 τετράγωνος
1090 4909 1124 4982 ἢ
1158 4911 1584 4988 ἀντιπέρηθεν
1613 4911 1766 4988 ἀθρή-

97 5019 182 5064 2⁴⁶
206 5003 538 5086 ψυχρότατον
575 5007 617 5062 Ι(
638 5027 665 5080 ρ
683 5003 750 5060 όν
765 5025 828 5060 ον
853 4999 977 5059 ὄντα
1000 4999 1159 5066 κακὸς
1179 5006 1340 5056 κακοῦ
1373 5001 1542 5056 ἀντίον
1574 4997 1734 5064 ἑστὼς

209 5093 244 5163 ἢ
272 5092 362 5149 καὶ
385 5097 550 5167 ὁμοῦ
577 5090 838 5168 βαίνων,
870 5088 1036 5154 δεινάς
1055 5091 1100 5145 τ’
1131 5087 1256 5152 ἄτας
1277 5086 1576 5157 ἐπιὸάλλει,

212 5181 304 5238 καὶ
328 5178 508 5250 πενίην
533 5177 850 5236 δυσάλυκτον
875 5175 991 5255 ἄγει
1019 5179 1231 5234 δειλοῖσι
1255 5175 1530 5255 βροτοῖσιν,

1854 523 2039 570 Venere
2056 523 2335 576 itt-centro,
2358 520 2663 583 corruptores
2691 520 2925 569 lectorum
2944 519 3146 582 protnllt

1841 608 2105 656 alienorum
2119 646 2134 669 ,
2156 620 2331 657 uxores
2350 621 2465 658 vero
2486 610 2717 671 speculati
2742 608 2928 657 ducunt

1841 708 1871 745 e
1898 696 2005 744 toro
2018 696 2253 757 aliorum;
2280 697 2356 745 hoe
2380 710 2495 746 vero
2516 710 2599 745 eos
2616 710 2713 747 non
2742 697 2933 757 colunt,

1841 790 1925 838 sed
1942 789 2179 839 desiderio
2203 790 2387 839 satiata}
2405 792 2455 839 et
2472 789 2655 838 lasciva
2672 800 2847 839 venere
3138 830 3185 847 ,,

1842 878 2083 927 rursusad
2102 878 2219 926 alias
2240 877 2410 927 domos
2434 879 2485 927 et
2496 876 2619 926 alios
2638 878 2877 925 venerunt
2893 875 3127 937 conjuges
3139 910 3155 935 ,

1841 976 1971 1027 saepe
1988 967 2151 1013 autem
2167 964 2443 1027 ipsa-mann
2462 975 2663 1013 suorum
2676 963 2961 1011 meritorum
2982 962 3247 1011 interfectas
3264 966 3373 1011 sunl
3390 981 3405 1021 ς

1842 1053 1987 1115 signis
2012 1055 2177 1101 sutem
2200 1051 2251 1102 ln
2276 1053 2485 1114 tropicis
2516 1052 2676 1113 pejora
2708 1050 2783 1100 his
2800 1050 3072 1113 perficiunt.

1849 1142 1968 1190 Eaec
1983 1146 2146 1189 autern
2160 1141 2307 1189 etiam
2340 1142 2504 1191 Venus
2524 1139 2640 1187 facit
2658 1137 2871 1187 vicissim
2886 1138 3280 1202 borani-tenens,

1847 1228 2043 1290 quando
2057 1231 2207 1279 Mars
2227 1227 2435 1287 occidit,
2460 1226 2679 1290 pluribus
2700 1238 2817 1277 vero
2832 1227 2979 1277 etiam
2999 1230 3227 1289 angustiis

1845 1316 2213 1379 carceribusque
2228 1316 2431 1377 illigavit
2452 1313 2697 1364 muliebris
2714 1312 2902 1377 injuriae
2918 1327 3090 1377 causag
3218 1316 3409 1380 [omnia

1852 1418 2173 1467 quascumque
2206 1407 2370 1454 antem
2393 1404 2749 1465 acquisiverunt
2776 1403 3005 1466 iuvenes,
3025 1417 3082 1453 ea
3101 1405 3410 1467 perdiderunt

1845 1493 1895 1541 in
1913 1494 2183 1551 senectute,
2208 1492 2369 1553 inopis
2386 1494 2549 1540 autem
2575 1491 2701 1539 mala
2722 1489 2911 1539 assidue
2933 1490 3173 1542 laborant.
3209 1484 3410 1555 [venii-e,

1909 1568 2112 1638 Quando
2129 1582 2293 1629 autem
2322 1582 2611 1630 Mercurius
2628 1578 2829 1642 quidem
2850 1582 3075 1641 properet
3096 1583 3153 1629 tn
3176 1592 3413 1631 oceasum

1849 1673 1907 1717 in
1928 1670 2057 1719 Ιιονα
2072 1670 2235 1718 autem
2263 1670 2409 1718 Mars
2437 1667 2619 1717 lumine
2640 1666 2889 1731 splendeat
2913 1656 3225 1730 exadverso,

1845 1760 2015 1807 acutos
2030 1758 2195 1805 mente
2214 1759 2266 1805 et
2283 1754 2493 1805 consiliis
2515 1754 2629 1805 fecit
2648 1754 2983 1816 admirandos,

1845 1844 2001 1893 bonos
2022 1846 2184 1893 autem
2208 1843 2442 1905 sapientia
2456 1880 2471 1903 ‚
2497 1844 2645 1905 atque
2672 1846 3085 1893 consummatores
3100 1844 3155 1894 ln
3170 1846 3410 1908 operibus,

1847 1936 2107 1982 Mercurio
2124 1935 2289 1981 sutem
2306 1933 2573 1981 exoriente
2594 1942 2747 1991 quum
2770 1932 2918 1981 Mars
2938 1930 3149 1981 vicissim
3166 1934 3369 1993 occidit,

1847 2021 1978 2069 mals
1998 2020 2151 2068 forms
2170 2022 2270 2078 est,
2290 2020 2525 2081 quoniam
2547 2018 2659 2067 vitae
2679 2017 2875 2081 quidem
2896 2030 3167 2081 aerumnas,
3230 2021 3417 2084 [mullis

1845 2108 1899 2157 in
1926 2110 2030 2157 l'oro
2063 2108 2227 2157 antem
2256 2105 2435 2169 ,iudicia
2449 2143 2463 2166 ,
2502 2092 2953 2169 infestationemque
2982 2107 3129 2158 simul
3161 2119 3277 2157 enm
3305 2109 3416 2158 rixis

1847 2195 2029 2244 hebent
2044 2194 2335 2257 scriptorum
2357 2206 2533 2257 cansa3
2556 2198 2758 2245 Lunam
2776 2198 2939 2244 autem
2962 2194 3275 2259 adsplclmtes

1847 2290 1999 2346 atque
2020 2282 2167 2333 etiam
2197 2283 2364 2332 Solem
2379 2282 2627 2331 hominum
2642 2282 2825 2331 faciunt
2841 2294 3171 2347 percussores,

1846 2385 2035 2436 semper
2054 2374 2217 2421 autem
2242 2372 2481 2433 iacturam
2511 2370 2845 2421 rei-familiaris
2868 2372 3051 2422 faciunt
3072 2373 3123 2421 in
3140 2373 3379 2424 domums.

1910 2551 2027 2599 Hoec
2045 2550 2210 2597 autern
2233 2548 2379 2597 etiam
2407 2546 2605 2597 duobus
2624 2547 2747 2596 aliis
2770 2547 2952 2596 faciunt
2973 2552 3233 2609 praesentes

1848 2636 2005 2685 stellas
2030 2634 2082 2685 in
2102 2638 2314 2694 centris,
2343 2646 2666 2697 quaeeumqne
2684 2646 2813 2683 nnnc
2832 2634 2979 2685 modo
2995 2638 3292 2687 enumeravi.

1912 2729 2243 2786 Quascumque
2261 2726 2423 2772 autem
2441 2722 2589 2771 etlam
2611 2734 2745 2784 reges
2762 2723 2928 2785 inclyti
2950 2725 3199 2786 perficiant

1849 2814 1933 2863 Sol
1955 2818 2005 2863 et
2030 2817 2105 2863 Lu
2111 2826 2201 2873 na,
2225 2813 2327 2861 lioec
2340 2810 2502 2861 statim
2522 2822 2653 2865 nunc
2667 2810 2977 2860 enumerabo.

1913 2906 1960 2952 Si
1985 2900 2235 2952 ascendat
2258 2914 2320 2950 ex
2340 2899 2549 2950 termino
2572 2898 2677 2956 Sol,
2694 2898 2897 2950 occidat
2911 2902 3077 2968 autern
3100 2903 3271 2965 Luna,

1851 2994 1939 3040 aut
1958 2992 2078 3040 alter
2093 2991 2189 3039 alte
2210 2989 2443 3038 medium
2458 2988 2593 3038 secet
2612 2987 2820 3049 alum,
2840 2988 2993 3037 alters
3017 2989 3416 3042 subterraneum

1850 3083 2085 3129 centrum
2099 3079 2275 3127 habeat
2287 3113 2301 3136 ,
2327 3076 2589 3126 admodum
2616 3076 2746 3126 viros
2766 3075 2953 3126 nobiles
2974 3079 3025 3126 et
3041 3079 3326 3130 reverendos

1852 3168 2033 3217 faciunt
2046 3204 2060 3228 ‚
2083 3165 2325 3216 interdum
2352 3176 2469 3214 vero
2487 3165 2635 3214 onam
2650 3177 2849 3227 magnos
2874 3177 3008 3226 reges
3028 3166 3349 3229 protulerunt,

1853 3259 1940 3307 ant
1964 3256 2133 3318 pstrioe
2154 3254 2416 3317 principes,
2430 3253 2589 3302 autin
2612 3253 2801 3316 populis
2813 3254 3036 3315 optimos.
3232 3255 3417 3320 [beant.

1916 3347 1988 3392 lta
2010 3345 2173 3391 sutem
2190 3341 2335 3390 etism
2354 3341 2394 3390 si
2413 3341 2519 3390 hoec
2534 3344 2718 3390 centra
2737 3343 3312 3394 inter—se-alternantes
3332 3345 3417 3394 Ιιε-

1916 3434 2026 3481 Jam
2044 3429 2189 3480 etism
2212 3433 2506 3479 mixturam
2523 3441 2697 3478 ennam
2720 3431 2772 3479 et
2798 3431 3116 3495 testimonia,

1853 3522 1903 3569 et
1922 3532 2242 3583 quoecurnque
2258 3518 2467 3567 orientes
2484 3519 2574 3568 sut
2588 3517 2879 3568 se-invioem
2898 3518 3114 3569 vident&

1855 3608 2006 3656 stellae
2034 3608 2238 3669 saciant;
2263 3607 2368 3656 Ιιεεο
2384 3605 2515 3656 enirn
2537 3607 2787 3656 veritatem
2811 3606 3075 3658 admodum
3101 3607 3339 3670 praebent.

1853 3698 2029 3746 Omnia
2047 3695 2241 3758 quidem
2262 3695 2407 3758 igitur
2426 3707 2571 3744 nemo
2592 3707 2679 3744 sna
2698 3691 3093 3745 animadverterit
3107 3698 3295 3758 mente,

1854 3798 2013 3846 neque
2040 3786 2311 3844 recenseat;
2337 3795 2409 3833 em
2425 3784 2557 3833 enim
2588 3783 2837 3832 immensae
2863 3785 2914 3832 et
2948 3783 3215 3834 innumera
3239 3787 3353 3833 sunt
3372 3785 3422 3834 in

1855 3863 2025 3913 formo
2056 3863 2322 3912 meantium
2340 3862 2589 3911 stellarum
2604 3862 2893 3923 multivagas
2920 3862 3049 3924 vias;
3236 3861 3419 3928 [utura

1854 3964 2180 4014 quincumque
2198 3953 2359 3999 antem
2382 3951 2697 4010 suggesserint
2714 3949 2809 4010 dii,
2840 3950 2945 3998 haec
2962 3963 3050 4012 ego
3069 3947 3198 4000 clare
3212 3951 3419 4002 tradam.

1918 4043 1983 4090 Jo
1988 4042 2037 4088 vi
2056 4037 2388 4100 conaredtem
2398 4039 2663 4086 Saturnus
2674 4035 2803 4087 altus
2810 4038 2897 4086 aut
2913 4037 3179 4100 adspiciens
3190 4038 3421 4102 quadra·

1854 4129 1938 4176 aut
1956 4127 2037 4176 ille
2058 4125 2205 4175 etiam
2221 4123 2475 4174 adversus
2499 4125 2553 4175 α
2565 4137 2596 4174 a
2615 4125 2763 4174 latere
2788 4127 3017 4189 triqono,
3294 4125 3416 4191 tm,

1855 4217 2003 4264 donat
2016 4213 2279 4263 amicitiam
2299 4213 2478 4276 regiam
2500 4215 2590 4262 aut
2615 4213 2761 4262 etiam
2785 4211 3083 4275 principibus

1854 4303 2082 4354 similium
2111 4303 2324 4351 virorum
2341 4339 2358 4362 ,
2391 4302 2520 4366 ipsos
2532 4315 2649 4352 vero
2672 4303 2850 4352 famam
2873 4303 3111 4364 optimam

1857 4393 2085 4442 habentes
2106 4391 2217 4440 facit
2229 4427 2244 4449 ,
2264 4393 2411 4453 atque
2430 4393 2571 4440 ornat
2596 4391 2796 4440 infinitis
2817 4388 3020 4451 divitiis,

1856 4484 1907 4530 et
1927 4479 2139 4529 oediliciis
2150 4515 2165 4540 ,
2190 4479 2522 4541 segetibusque
2538 4482 2588 4527 et
2602 4477 2840 4541 opulentis
2856 4478 3011 4540 srvis,

1856 4571 1907 4619 et
1924 4567 2097 4631 praedis
2118 4567 2404 4629 omnigenis,
2428 4567 2644 4629 gregibus
2662 4567 2906 4628 servisque
2925 4567 3218 4627 innumeris;

1857 4657 1992 4707 dedit
2012 4656 2159 4706 etiam
2179 4657 2472 4704 marinarum
2489 4657 2830 4716 possoesionem
2852 4655 3049 4704 navium
3073 4656 3419 4716 onerariarum,

1858 4750 1909 4796 et
1934 4747 2145 4795 actiones
2162 4745 2313 4794 bonas
2327 4782 2341 4805 ,
2362 4747 2511 4806 atque
2529 4747 2674 4792 etiam
2694 4757 2915 4806 magnam
2938 4743 3141 4806 gloriam
3157 4743 3223 4794 ob
3238 4757 3402 4808 opera,

1859 4839 1910 4884 et
1928 4835 2107 4883 lautam
2133 4835 2427 4882 senectutem
2450 4832 2687 4894 nsque-ad
2706 4832 2927 4881 ultimam
2950 4835 3177 4882 mortem.

1923 4921 2019 4972 Sed
2037 4924 2184 4972 Mars
2204 4921 2502 4985 quadratus
2520 4925 2606 4969 aut
2629 4924 2891 4982 e-reqione
2904 4920 3175 4983 adspiciens

1861 5009 2221 5074 frigidissimum
2242 5012 2533 5058 Saturnum
2562 5021 2740 5071 pravus
2761 5021 2913 5071 pravo
2934 5007 3167 5058 adversus
3190 5009 3322 5058 stans

1861 5103 1949 5149 aut
1970 5100 2114 5148 eliam
2134 5098 2291 5148 simul
2322 5097 2591 5160 erudiens,
2621 5099 2671 5145 et
2690 5097 2995 5146 vehementes
3006 5097 3304 5146 calamitates
3318 5095 3429 5158 inji-

1862 5193 1913 5238 et
1926 5187 2135 5250 inopiam
2161 5185 2553 5254 male-vitabilem
2565 5185 2662 5246 agit
2684 5185 2869 5234 miseris
2891 5185 3203 5246 mortalibus,
3310 5184 3427 5248 [cit.
