3767 5825
471 391 577 442 1⁰⁴
1266 374 1677 435 ΣΕΡΒΙΑῙΟΥ
1718 370 2298 433 ΔΑΜΟΚΡΑΤΟΥΣ
2334 366 2440 429 ΤΑ
2481 364 2862 425 ΛΕΙΨΑΝΑ.

729 566 899 612 ΑΔΑΟ
934 562 1388 611 ΔΔΜΟΚΡΑΤΟΥΣ
1422 558 1757 608 ΜΔΔΔΓΜΑ.

576 694 712 771 Πρὸς
742 716 822 755 εις
855 688 1107 754 διαθέσεις
1132 687 1225 754 τὰς
1266 688 1401 765 ἄγαν
1428 687 1831 767 κεχρονισμένας

574 780 795 858 Ἕτερον
822 778 1081 856 μάλαγμα
1106 777 1235 856 πρὸς
1262 776 1297 835 ἃ
1314 780 1559 857 προεῖπον
1580 774 1805 834 εὔτονον.

493 890 549 929 oo
580 870 703 934 Τοῖς
732 868 1035 939 σπληνικοῖς
1065 866 1273 923 πάντων
1305 866 1359 923 δὲ
1386 868 1583 941 μᾶλλον
1612 862 1851 942 ἁρμόσει,

574 955 692 1016 Κᾶν
706 946 831 1013 ὦσιν
862 956 1027 1035 ὠχροὶ
1050 953 1142 1012 καὶ
1161 953 1487 1031 πυρέσσωσιν
1513 954 1765 1033 σφοδρῶς,

572 1038 755 1122 ι’Υδωρ
776 1045 825 1101 τ’
846 1041 1037 1121 ἔχωσιν
1058 1043 1111 1099 ἐν
1130 1040 1453 1121 ὑποχονδρίῳ
1476 1039 1665 1119 βραχύ·

578 1128 726 1191 Πολὺ
751 1128 853 1209 γὰρ
876 1127 1177 1209 θεραπεύειν
1210 1128 1459 1187 ἀδύνατον
1478 1126 1844 1203 μαλάγμασιν.

576 1216 764 1279 Σῦκων
793 1218 1027 1295 λιπαρῶν
1058 1215 1224 1295 ξηρῶν
1250 1214 1365 1291 μὲν,
1395 1214 1471 1273 ἔτι
1496 1216 1549 1271 δὲ
1578 1212 1892 1294 προσφάτων

496 1328 549 1366 σε
574 1306 655 1366 Τὸ
676 1305 863 1385 σπέρμ’
888 1303 1095 1383 ἀπάρας
1122 1304 1181 1361 τὸ
1208 1302 1341 1361 πολὺ
1366 1302 1457 1360 καὶ
1480 1300 1565 1359 τὸν
1592 1302 1847 1382 ὀμφαλὸν,

581 1396 786 1465 Στῆσον
816 1390 1057 1471 δραχμὰς
1081 1390 1191 1469 τρὶς
1213 1390 1365 1449 πέντε
1397 1390 1487 1449 καὶ
1510 1389 1592 1447 ἑτέ
1600 1413 1688 1469 ρας
1708 1390 1833 1447 δέκα
1847 1411 1860 1424 ·

584 1484 761 1560 Κηροῦ
782 1502 840 1539 τε
861 1482 1048 1539 λευκοῦ
1080 1482 1335 1539 Ποντικοῦ
1362 1478 1573 1542 ταύταις
1598 1477 1743 1543 ἴσας·

580 1567 967 1650 Μυροὸαλάνου
990 1589 1047 1625 τε
1069 1570 1161 1637 τῆς
1186 1568 1412 1645 λιπαρᾶς
1436 1566 1652 1645 λίτραν
1642 1566 1765 1622 μίαν
1780 1584 1791 1599 ·

582 1656 777 1736 Νίτρου
812 1654 1099 1713 θαλασσίου
1126 1654 1181 1711 δὲ
1185 1654 1387 1761 mlia-pot<
1412 1654 1611 1728 ἥμισυ·

478 1766 557 1807 loo
588 1744 923 1823 Στυπτηρίας
944 1766 1000 1801 τε
1029 1746 1246 1821 σχιστῆς
1276 1742 1573 1840 δραχμὰς
1546 1741 1776 1810 οώοεκα,

586 1828 725 1888 Μιᾶς
751 1846 808 1881 τε
831 1825 1072 1902 δραχμῆς
1090 1820 1255 1897 ἥμισυ
1285 1821 1507 1900 τριώὸολ
1510 1844 1583 1879 ον·

586 1913 815 1980 Βδέλλης
842 1910 1026 1989 ὄνυχός
1049 1932 1105 1967 τε
1128 1908 1261 1976 τὰς’
1240 1932 1355 1975 ισας
1382 1908 1700 1987 στυπτηρία·

582 1995 730 2059 Ισον
752 2022 807 2055 τε
830 1998 1002 2076 νίτρου
1024 2022 1055 2056 τ
1056 1996 1273 2063 ’ἄνθους
1294 1994 1501 2056 Ἀσσίου
1521 1998 1691 2055 λίθου·

585 2087 634 2147 Ἀ
645 2092 950 2163 μμωνιακοῧ
968 2109 1025 2143 τε
1044 2086 1202 2143 ταύτὸ
1229 2086 1572 2161 θυμιάματος·

486 2196 567 2237 ποι
596 2178 702 2237 Καὶ
732 2175 929 2246 τήλεως
955 2172 1009 2232 δὲ
1040 2171 1338 2255 σπέρματος
1363 2173 1453 2231 καὶ
1470 2172 1742 2251 καρδάμου

592 2263 703 2324 Καὶ
722 2265 1084 2341 καρδαμώμου
1108 2262 1199 2320 καὶ
1220 2262 1387 2331 καλῆς
1414 2262 1680 2340 ὄρειγάνου

590 2350 795 2411 Ξίστου
814 2350 1055 2430 τέταρτον
1078 2349 1131 2419 ἐξ
1156 2350 1377 2409 ἑκάστου
1398 2348 1655 2428 μίγματος
1668 2370 1682 2385 ·

592 2439 851 2518 Ἐρεγμοῧ
878 2462 935 2497 τε
963 2438 1023 2496 τὸ
1052 2439 1259 2517 μέτριον
1288 2438 1313 2516 [
1335 2437 1425 2495 καὶ
1450 2438 1472 2515 ]
1496 2436 1655 2516 ἰρίνου
1682 2435 1865 2513 μύρου.

592 2528 672 2587 Τὸ
701 2528 959 2605 μάλαγμα
978 2524 1033 2584 δὲ
1064 2525 1280 2593 σκεύαζε
1302 2531 1484 2583 τοῦτον
1503 2527 1588 2582 τὸν
1626 2522 1814 2603 τρόπον
1830 2547 1841 2559 ·

492 2636 568 2674 no
598 2614 843 2675 Βδέλλιον
868 2613 991 2694 οἴνῳ
1015 2613 1291 2693 διάδρογον
1316 2617 1477 2671 ποιῶν
1506 2614 1711 2687 γλυκεῖ,

596 2702 845 2761 Μάλασσ’
874 2703 927 2758 ἐν
952 2699 1125 2782 ὅλμῳ,
1148 2700 1409 2809 γενομένῳ
1423 2700 1546 2757 λείω
1572 2702 1617 2758 δ’
1645 2700 1775 2777 ἄγαν

599 2788 913 2867 Πρόσὸαλλε
934 2794 1067 2847 σῦκα
1098 2812 1185 2847 και
1215 2790 1375 2847 κόπτε
1400 2788 1555 2846 πάλιν
1582 2780 1696 2867 [αυ]
1731 2787 1867 2863 ἅμα

597 2868 753 2939 Οἶνον
780 2874 1087 2957 παραχεών,
1104 2880 1217 2936 λεῖα
1246 2876 1465 2948 ποίησον
1487 2878 1684 2943 καλῶς·

602 2965 995 3046 Προσεμπάσας
1018 2963 1073 3022 δὲ
1096 2965 1267 3023 τᾶλλα
1295 2965 1467 3022 πάντα
1493 2966 1731 3041 μίγματα
1750 3009 1767 3040 ,

494 3074 569 3114 no
597 3053 688 3113 Ἐν
712 3053 861 3110 ὕδατι
886 3057 1061 3134 θερμῷ
1089 3050 1247 3131 κηρὸν
1272 3051 1527 3131 ἐμὸρὲξας
1550 3054 1750 3126 καλῶς,

598 3142 857 3201 Μάλασσε
880 3140 1059 3220 χερσὶ,
1084 3140 1175 3198 καὶ
1198 3141 1465 3206 πλατύνας
1490 3139 1759 3218 πρόσὸαλε

598 3233 722 3296 Τοῖς
748 3228 1215 3306 δλμοκοπουμένοις
1232 3273 1248 3300 ,
1276 3228 1451 3309 ὑπέρῳ
1473 3253 1527 3286 τε
1546 3229 1811 3308 χρώμενος

600 3317 812 3397 Ξυλίνῳ
828 3361 844 3388 ,
870 3316 1124 3375 λιπαίνων
1149 3321 1317 3375 ταῦτα
1349 3321 1573 3395 συνεχῶς
1594 3320 1669 3396 τῷ
1698 3315 1868 3394 μύρῳ.

604 3403 795 3482 Καιρὸς
820 3403 879 3462 δὲ
897 3403 1107 3462 πάντων
1137 3403 1376 3503 χρήσεως
1405 3405 1787 3480 μαλαγμάτων,

499 3513 573 3550 120
599 3490 745 3550 ‘'0⁶oe
776 3490 969 3571 κοιλία,
999 3492 1255 3571 στομάχῳ
1282 3493 1373 3569 [τε
1396 3494 1417 3570 ]
1443 3492 1533 3551 καὶ
1559 3498 1662 3558 τοῖς
1688 3491 1906 3572 ἐντέροις

604 3579 667 3638 F
668 3579 988 3638 πιὸαλλεται
1004 3580 1281 3644 κάλλιστος
1304 3584 1331 3638 ὁ
1358 3581 1513 3660 μέχρι
1538 3587 1627 3650 τῆς
1656 3604 1875 3658 τροφης,

598 3657 702 3735 ‘Hc
728 3665 939 3739 ἔλαὸον,
969 3669 1021 3725 ἐν
1050 3671 1115 3747 τῇ
1138 3667 1327 3749 γαστρὶ
1350 3667 1423 3744 μὴ
1456 3691 1749 3748 παρακειμε
1726 3667 1861 3738 ’.νης

496 3772 513 3832 (
536 3775 643 3821 Sec.
676 3771 766 3819 loc.
787 3773 919 3832 Vin,
939 3773 994 3821 P.
1025 3773 1088 3830 Π,
1113 3783 1160 3831 Ρ.
1188 3777 1278 3820 289
1305 3773 1355 3819 el.
1380 3777 1489 3821 290.
1512 3773 1527 3830 )

729 4123 903 4184 ΠΕΡΙ
932 4123 1246 4184 ΔΕΥΚΗΣ
1292 4127 1832 4188 ΕΜΠΛΔΣΤΡΟΥ.

604 4286 699 4341 Δεῖ
722 4281 776 4340 δὲ
802 4281 937 4358 μετὰ
960 4280 1155 4340 τούτων
1185 4281 1299 4349 τοὺς
1324 4281 1617 4364 φιλιάτρους
1640 4285 1779 4366 ἔχειν

607 4369 810 4441 Λευκὴν
835 4369 1001 4439 καλὴν
1027 4369 1360 4451 ἔμπλαστρον
1391 4375 1459 4436 εἷς
1484 4373 1861 4452 ἀποσύρματα,

609 4459 719 4517 Καὶ
740 4456 807 4516 τὰ
834 4459 1129 4538 πυρίκαυτα
1158 4461 1247 4517 καὶ
1273 4457 1337 4516 τὰ
1360 4459 1519 4538 χωρὶς
1548 4462 1717 4529 αἰτίας

607 4545 953 4616 Ἐξεπιπολῆς
972 4547 1217 4624 γινόμενα
1234 4557 1458 4629 φανερᾶς
1482 4547 1659 4609 ἕλκεα.

541 4658 567 4694 s
610 4633 932 4700 Σκευάζεται
962 4634 1006 4690 δ’
1028 4633 1213 4700 οὕτως·
1233 4635 1479 4716 ψιμυθίου
1498 4638 1709 4717 λίτραν·

606 4721 932 4800 Λιθαργύρου
946 4743 1004 4778 τε
1022 4726 1114 4794 τῆς
1136 4733 1389 4803 τρυφερᾶς
1413 4724 1502 4782 καὶ
1526 4728 1759 4801 μάλιστα
1781 4751 1866 4784 νυν

607 4809 803 4888 Λίτραν
823 4809 951 4887 μίαν
978 4833 1035 4868 τε
1057 4811 1146 4868 καὶ
1170 4833 1235 4887 με
1222 4811 1320 4890 ’ρος
1347 4811 1525 4892 λίτρας
1552 4814 1741 4894 τρίτον·

611 4898 791 4975 Rapo&
816 4919 871 4956 τε
896 4902 1124 4977 καθαρου
1153 4901 1409 4958 Ποντικοῦ
1439 4900 1586 4960 πέντ’
1605 4902 1839 4980 οὖγγίας·

606 4985 945 5063 Τερμινθίνης
964 5009 1019 5045 τε
1051 4987 1261 5066 οὖγγίαν
1285 5013 1376 5057 της
1400 4990 1773 5069 καθαρωτάτης
1790 5013 1804 5027 ·

536 5089 587 5133 1⁰
613 5071 846 5132 Λιὸάνου
878 5073 933 5131 δὲ
963 5073 1189 5152 μάννης,
1216 5073 1253 5144 ἢ
1273 5074 1487 5134 λιὸάνου
1510 5078 1660 5135 πεντ’
1689 5077 1924 5154 οὐγγίας·

609 5164 813 5220 Λευκοῧ
842 5161 888 5217 δ’
910 5159 1085 5220 ἐλαίου
1106 5166 1195 5220 τοῦ
1227 5165 1389 5222 καλοῦ
1409 5164 1500 5223 καὶ
1522 5165 1824 5244 προσφάτου

2405 566 2592 609 aum)
2625 564 3018 621 mmogmrris
3049 564 3357 605 natium,

2118 696 2254 746 Aliud
2273 696 2511 759 malagma
2527 698 2588 747 ad
2607 698 2706 760 jam
2726 698 2900 747 relatas
2917 694 3222 744 commodum

2119 784 2406 835 affectiones
2420 824 2433 845 ,
2453 790 2492 834 si
2511 786 2688 836 fuerint
2713 786 2939 844 (liutmun

2117 874 2315 923 Confert
2333 875 2548 935 lienosis,
2575 874 2651 923 vel
2679 876 2898 923 omnium
2917 872 3124 935 optime,

2118 960 2166 1011 Si
2191 962 2398 1023 palleant
2429 976 2488 1011 ac
2513 962 2692 1011 febrem
2717 961 2964 1024 patiantur
2985 972 3178 1021 gravem
3195 994 3208 1015 ,

2121 1053 2401 1112 aquamque
2417 1050 2621 1099 habeant
2643 1048 2918 1113 pmcordiis
2935 1048 2974 1097 εἰ
2999 1048 3250 1110 pauculam
3265 1063 3280 1105 ;

2121 1140 2323 1187 militam
2355 1141 2602 1201 nequeunt
2617 1151 2787 1187 curare
2805 1138 2934 1187 enim
2959 1135 3256 1197 malagmata.

2121 1229 2261 1279 Ficus
2285 1242 2402 1290 cape
2421 1229 2615 1291 pingues
2635 1228 2877 1288 sicciores,
2897 1226 2982 1275 sod
3003 1238 3152 1275 novas
3168 1262 3183 1285 ,

2125 1317 2184 1365 Et
2205 1319 2384 1365 semine
2403 1315 2556 1377 ejecto
2579 1314 2787 1377 plurimo
2801 1352 2814 1376 ,
2835 1316 2886 1363 et
2909 1314 3190 1363 inmbiliculo

2124 1404 2348 1465 Appende
2375 1404 2630 1452 drachmas
2648 1402 2904 1465 quinquies
2921 1406 3020 1451 tres
3035 1416 3094 1449 ac
3117 1401 3278 1449 decem
3291 1435 3305 1459 ,

2125 1495 2354 1555 Albaeque
2377 1506 2500 1541 cerae
2525 1492 2736 1541 Ponticae
2761 1504 2926 1553 parem
2947 1490 3144 1539 modum
3159 1527 3173 1549 ‚

2127 1582 2420 1644 Myrobalaui
2445 1580 2632 1643 pinguis
2655 1580 2825 1628 libram
2851 1583 2958 1640 post
2979 1580 3238 1639 integram,

2127 1671 2248 1721 Nitri
2269 1671 2438 1719 marini
2463 1670 2546 1718 sed
2573 1669 2744 1718 libram
2765 1668 2912 1717 modo
2929 1667 3176 1715 dimidiam
3193 1702 3209 1726 ,
3231 1694 3240 1705 -

2129 1759 2364 1809 Aluminis
2382 1759 2511 1807 scissi
2541 1758 2660 1807 duas
2674 1770 2818 1820 supra
2841 1756 3008 1805 decem

2131 1848 2392 1897 Draclimas
2413 1859 2654 1908 superque
2678 1845 2928 1893 dimidiam
2949 1844 3216 1902 triobolum

2135 1939 2192 1985 Et
2209 1950 2322 1984 mox
2341 1935 2564 1997 onychis,
2581 1934 2710 1997 quod
2727 1936 2794 1983 sic
2812 1938 3036 1992 vocatur,
3057 1932 3216 1981 bdellii

2132 2024 2290 2075 Addes
2309 2036 2472 2086 parem
2495 2024 2550 2071 tu
2572 2023 2797 2071 aluminis
2815 2022 2995 2071 dictum
3021 2022 3242 2079 modum,

2135 2114 2268 2162 Nitro
2293 2126 2454 2175 parem
2475 2110 2640 2160 liorem
2659 2110 2828 2173 lapidis
2845 2110 2928 2159 sed
2947 2110 3064 2159 Assii
3079 2146 3092 2169 ,

2134 2202 2430 2250 Ammoniaci
2453 2203 2738 2261 tantumque
2758 2199 3088 2259 thymiamatis
3101 2234 3114 2255 ,

2135 2292 2196 2339 Et
2217 2289 2409 2337 seminis
2433 2288 2543 2337 loeni
2564 2288 2719 2338 Gra’ci
2743 2290 2793 2337 et
2811 2288 3060 2346 nasturtii,

2135 2380 2198 2427 Et
2213 2377 2506 2425 cardamomi
2521 2412 2536 2435 ,
2551 2390 2697 2439 quam
2713 2376 2977 2438 optimique
2989 2376 3170 2435 origani
3185 2410 3198 2431 ,

2139 2469 2206 2515 De
2226 2466 2421 2527 singulis
2439 2464 2634 2514 sextarii
2655 2468 2880 2526 quartam
2902 2463 3075 2521 modo;

2137 2554 2479 2615 humentique,
2504 2554 2610 2601 irini
2635 2554 2862 2615 unguinis
2887 2552 3016 2614 quod
3037 2545 3229 2599 s'ussicit.

2139 2646 2340 2693 Paratur
2356 2646 2406 2692 at
2425 2641 2622 2691 tandem
2645 2642 2882 2703 malagma
2905 2642 2952 2689 in
2981 2641 3110 2689 hunc
3128 2638 3344 2687 modun:

2137 2734 2264 2781 vino
2285 2732 2487 2793 rigatum
2503 2730 2631 2778 dulci
2651 2730 2882 2779 bdellium
2903 2728 3098 2777 tundilo

2141 2820 2239 2869 Pila
2252 2857 2267 2879 ,
2285 2819 2617 2879 levissimoque
2639 2820 2766 2865 sacto
2793 2816 2988 2876 adjicito

2141 2912 2282 2960 Ficus
2299 2908 2467 2969 simul,
2493 2921 2754 2968 rursusque
2775 2904 2862 2956 rite
2887 2904 3078 2954 tundilo
3097 2942 3111 2964 ,

2141 3001 2248 3055 Quo
2266 2998 2380 3046 trita
2403 2995 2500 3044 vini
2521 2996 2710 3044 stillulis
2733 2993 2852 3044 flant
2879 2994 3046 3056 probe3

2143 3087 2352 3134 Mixtura
2381 3098 2494 3132 mox
2513 3083 2718 3132 addatur
2741 3083 2853 3132 inde
2875 3082 3156 3143 inspersilis;

2143 3175 2204 3222 At
2227 3175 2331 3233 post
2351 3163 2552 3230 rigatam
2577 3169 2759 3218 fervida
2783 3181 2942 3217 ceram
2961 3183 3022 3217 ex
3051 3183 3176 3230 aqua

2143 3259 2335 3309 Mollem
2357 3259 2604 3317 manibus„
2633 3259 2908 3318 factamque
2930 3257 3075 3306 latam
3101 3257 3312 3318 adjicito,

2147 3353 2206 3397 Et
2223 3352 2331 3396 tusa
2351 3361 2462 3396 mox
2489 3347 2600 3408 ligni
2629 3347 2762 3394 radio
2783 3347 3072 3407 compingito
3085 3382 3100 3405 ,

2145 3440 2306 3486 Guttis
2333 3441 2380 3486 et
2405 3436 2626 3497 unguinis
2641 3435 2864 3496 frequens
2881 3434 3186 3483 madefacito.

2155 3530 2273 3574 Usus
2291 3526 2631 3584 malagmatum
2651 3523 2866 3571 omnium
2891 3535 3001 3584 quae
3029 3522 3262 3570 ventriclo

2148 3614 2382 3663 luduntur
2401 3616 2450 3661 et
2467 3611 2734 3670 stomacho,
2759 3611 2904 3659 simul
2939 3611 3191 3658 interaneis

2149 3707 2232 3752 Est
2255 3709 2446 3766 tempus
2460 3740 2473 3761 ,
2499 3705 2546 3752 in
2565 3717 2664 3764 quo
2687 3704 2770 3764 qui
2791 3701 2929 3750 cibus
2955 3703 3207 3760 congestus
3223 3701 3290 3748 est

2149 3796 2250 3842 Non
2271 3793 2474 3854 amplius
2505 3791 2679 3841 residet
2705 3791 2752 3838 in
2769 3788 3024 3838 ventriculi
3043 3801 3182 3836 cavo.

2767 3961 3092 3984 Μῦν-

2495 4118 2591 4177 DE
2635 4119 2831 4178 ALBo
2875 4077 3338 4177 Euems‘rno.

2153 4301 2214 4350 At
2237 4312 2349 4348 cum
2369 4299 2444 4348 liis
2465 4299 2640 4349 habere
2662 4300 2974 4361 emplastrum
2991 4298 3187 4347 medicis
3209 4294 3412 4346 convenit

2152 4388 2326 4437 Album
2341 4425 2354 4447 ,
2374 4387 2542 4436 efficax
2563 4387 2792 4436 adversus
2805 4387 3023 4436 avulsam
3044 4389 3204 4434 cutem
3219 4423 3232 4445 ,

2153 4476 2382 4526 Ambusta
2397 4475 2456 4524 ad
2489 4476 2648 4524 ulcera
2665 4513 2678 4535 ,
2703 4479 2752 4523 et
2775 4489 2858 4536 per
2879 4487 3072 4522 summa
3092 4473 3299 4536 corporis

2151 4563 2460 4612 Occasionem
2485 4564 2606 4612 citra
2633 4564 2934 4612 manifestam
2955 4563 3097 4612 edita.

2151 4655 2224 4701 lta
2249 4652 2424 4710 conlit3
2445 4665 2649 4700 cerussae
2671 4651 2792 4700 libra
2811 4665 2908 4701 una
2933 4653 3153 4711 sumitur,

2153 4739 2532 4802 Lythargyrique
2545 4739 2764 4789 delicatae
2789 4743 2952 4802 postea

2153 4828 2294 4877 Libra
2323 4841 2418 4876 una
2437 4830 2486 4876 et
2509 4841 2618 4888 pars
2635 4827 2808 4876 deinde
2838 4828 2974 4877 librae
3003 4828 3170 4886 tertia3

2153 4919 2382 4977 ceraeque
2404 4929 2536 4977 purae
2559 4916 2768 4964 Ponticae
2782 4917 2996 4978 quinque
3015 4915 3192 4974 unciam

2152 5003 2504 5052 Terebinthinae
2527 5005 2686 5065 pondo
2705 5003 2846 5052 uncia
2869 5007 2916 5052 et
2943 5003 3210 5066 purissiman
3226 5037 3240 5060 ,

2152 5091 2416 5152 Thurisque
2439 5104 2627 5138 manum
2655 5091 2726 5139 vel
2751 5091 2906 5140 thuris
2923 5092 3084 5154 quium
3105 5091 3284 5148 uncioe,

2154 5177 2354 5228 Candidi
2375 5179 2466 5226 olei
2490 5180 2600 5228 boui
2627 5179 2829 5228 recentis
2845 5180 3016 5228 selibra
