<?xml version="1.0" encoding="UTF-8"?>
<!DOCTYPE html PUBLIC "-//W3C//DTD XHTML 1.0 Transitional//EN"
    "http://www.w3.org/TR/xhtml1/DTD/xhtml1-transitional.dtd">
<html xmlns="http://www.w3.org/1999/xhtml" xml:lang="en" lang="en">
 <head>
  <title>
</title>
<meta http-equiv="Content-Type" content="text/html;charset=utf-8" />
  <meta name='ocr-system' content='tesseract 3.04.00' />
  <meta name='ocr-capabilities' content='ocr_page ocr_carea ocr_par ocr_line ocrx_word'/>
</head>
<body>
  <div class='ocr_page' id='page_1' title='image "./poetbucolicietd00ameigoog_0531.png"; bbox 0 0 3767 5825; ppageno 0'>
   <div class='ocr_carea' id='block_1_1' title="bbox 1246 413 2263 475">
    <p class='ocr_par' dir='ltr' id='par_1_1' title="bbox 1246 413 2263 475">
     <span class='ocr_line' id='line_1_1' title="bbox 1246 413 2263 475; baseline -0.001 -3"><span class='ocrx_word' id='word_1_1' title='bbox 1246 413 1328 472; x_wconf 90' lang='lat' dir='ltr'><strong>IN</strong></span> <span class='ocrx_word' id='word_1_2' title='bbox 1371 413 1824 472; x_wconf 80' lang='lat' dir='ltr'><strong>MANETHON.</strong></span> <span class='ocrx_word' id='word_1_3' title='bbox 1871 413 2173 475; x_wconf 81' lang='lat' dir='ltr'><strong>LIBRUM</strong></span> <span class='ocrx_word' id='word_1_4' title='bbox 2212 413 2263 472; x_wconf 87' lang='grc' dir='ltr'><strong>Ι.</strong></span> 
     </span>
    </p>
   </div>
   <div class='ocr_carea' id='block_1_2' title="bbox 157 544 1733 2103">
    <p class='ocr_par' dir='ltr' id='par_1_2' title="bbox 157 544 1733 2103">
     <span class='ocr_line' id='line_1_2' title="bbox 167 544 1725 624; baseline 0.001 -20"><span class='ocrx_word' id='word_1_5' title='bbox 167 557 236 604; x_wconf 81' lang='lat' dir='ltr'><strong>m·</strong></span> <span class='ocrx_word' id='word_1_6' title='bbox 252 549 576 624; x_wconf 81' lang='lat' dir='ltr'><strong>Martisque</strong></span> <span class='ocrx_word' id='word_1_7' title='bbox 595 545 903 603; x_wconf 81' lang='lat' dir='ltr'><strong>noxiorum</strong></span> <span class='ocrx_word' id='word_1_8' title='bbox 928 544 1166 602; x_wconf 85' lang='lat' dir='ltr'><strong>vinculo</strong></span> <span class='ocrx_word' id='word_1_9' title='bbox 1203 545 1510 624; x_wconf 80' lang='lat' dir='ltr'><strong>cohaerent.</strong></span> <span class='ocrx_word' id='word_1_10' title='bbox 1539 545 1608 601; x_wconf 82' lang='lat' dir='ltr'><strong>Et</strong></span> <span class='ocrx_word' id='word_1_11' title='bbox 1626 548 1725 615; x_wconf 88' lang='grc'><strong>40,</strong></span> 
     </span>
     <span class='ocr_line' id='line_1_3' title="bbox 173 631 1726 710; baseline 0.001 -20"><span class='ocrx_word' id='word_1_12' title='bbox 173 635 290 709; x_wconf 75' lang='grc'><strong>339</strong></span> <span class='ocrx_word' id='word_1_13' title='bbox 311 655 396 710; x_wconf 92' lang='lat' dir='ltr'><strong>sq.</strong></span> <span class='ocrx_word' id='word_1_14' title='bbox 431 633 586 710; x_wconf 90' lang='lat' dir='ltr'><strong>quod</strong></span> <span class='ocrx_word' id='word_1_15' title='bbox 610 632 866 690; x_wconf 86' lang='lat' dir='ltr'><strong>obelisco</strong></span> <span class='ocrx_word' id='word_1_16' title='bbox 895 633 1128 703; x_wconf 86' lang='lat' dir='ltr'><strong>notavi,</strong></span> <span class='ocrx_word' id='word_1_17' title='bbox 1155 652 1326 689; x_wconf 89' lang='lat' dir='ltr'><strong>nemo</strong></span> <span class='ocrx_word' id='word_1_18' title='bbox 1353 631 1726 709; x_wconf 80' lang='lat' dir='ltr'><strong>vituperabit.</strong></span> 
     </span>
     <span class='ocr_line' id='line_1_4' title="bbox 170 719 1728 798; baseline -0.001 -19"><span class='ocrx_word' id='word_1_19' title='bbox 170 723 463 780; x_wconf 72' lang='lat' dir='ltr'><strong>Audacius</strong></span> <span class='ocrx_word' id='word_1_20' title='bbox 497 719 810 792; x_wconf 88' lang='lat' dir='ltr'><strong>videbitur,</strong></span> <span class='ocrx_word' id='word_1_21' title='bbox 849 721 1005 798; x_wconf 91' lang='lat' dir='ltr'><strong>quod</strong></span> <span class='ocrx_word' id='word_1_22' title='bbox 1055 739 1128 778; x_wconf 79' lang='lat' dir='ltr'><strong>ex</strong></span> <span class='ocrx_word' id='word_1_23' title='bbox 1167 723 1266 780; x_wconf 88' lang='grc'><strong>41.</strong></span> <span class='ocrx_word' id='word_1_24' title='bbox 1319 719 1572 788; x_wconf 75' lang='lat'>341-352</span> <span class='ocrx_word' id='word_1_25' title='bbox 1619 721 1728 778; x_wconf 84' lang='lat' dir='ltr'><strong>fra·</strong></span> 
     </span>
     <span class='ocr_line' id='line_1_5' title="bbox 169 807 1730 884; baseline 0 -18"><span class='ocrx_word' id='word_1_26' title='bbox 169 824 466 884; x_wconf 81' lang='lat' dir='ltr'><strong>gmentum</strong></span> <span class='ocrx_word' id='word_1_27' title='bbox 489 814 798 884; x_wconf 79' lang='lat' dir='ltr'><strong>elegiacum</strong></span> <span class='ocrx_word' id='word_1_28' title='bbox 828 809 958 867; x_wconf 85' lang='lat' dir='ltr'><strong>feci.</strong></span> <span class='ocrx_word' id='word_1_29' title='bbox 996 808 1108 866; x_wconf 88' lang='lat' dir='ltr'><strong>Sed</strong></span> <span class='ocrx_word' id='word_1_30' title='bbox 1132 807 1277 866; x_wconf 89' lang='lat' dir='ltr'><strong>nihil</strong></span> <span class='ocrx_word' id='word_1_31' title='bbox 1300 809 1459 867; x_wconf 91' lang='lat' dir='ltr'><strong>aliud</strong></span> <span class='ocrx_word' id='word_1_32' title='bbox 1487 809 1730 866; x_wconf 87' lang='lat' dir='ltr'><strong>suadere</strong></span> 
     </span>
     <span class='ocr_line' id='line_1_6' title="bbox 169 895 1730 974; baseline -0.002 -18"><span class='ocrx_word' id='word_1_33' title='bbox 169 899 299 956; x_wconf 86' lang='lat' dir='ltr'><strong>sive</strong></span> <span class='ocrx_word' id='word_1_34' title='bbox 309 898 555 955; x_wconf 84' lang='lat' dir='ltr'><strong>tolerare</strong></span> <span class='ocrx_word' id='word_1_35' title='bbox 564 895 914 958; x_wconf 84' lang='lat' dir='ltr'><strong>videbantur</strong></span> <span class='ocrx_word' id='word_1_36' title='bbox 922 905 1164 972; x_wconf 80' lang='lat' dir='ltr'><strong>quinque</strong></span> <span class='ocrx_word' id='word_1_37' title='bbox 1175 897 1592 974; x_wconf 88' lang='lat' dir='ltr'><strong>pentametri—</strong></span> <span class='ocrx_word' id='word_1_38' title='bbox 1603 915 1730 953; x_wconf 88' lang='lat' dir='ltr'><strong>meo</strong></span> 
     </span>
     <span class='ocr_line' id='line_1_7' title="bbox 159 983 1728 1060; baseline -0.001 -19"><span class='ocrx_word' id='word_1_39' title='bbox 159 983 302 1060; x_wconf 87' lang='lat' dir='ltr'><strong>jure</strong></span> <span class='ocrx_word' id='word_1_40' title='bbox 317 985 473 1042; x_wconf 89' lang='lat' dir='ltr'><strong>enim</strong></span> <span class='ocrx_word' id='word_1_41' title='bbox 494 984 606 1041; x_wconf 91' lang='lat' dir='ltr'><strong>huc</strong></span> <span class='ocrx_word' id='word_1_42' title='bbox 629 985 948 1042; x_wconf 89' lang='lat' dir='ltr'><strong>adnumero</strong></span> <span class='ocrx_word' id='word_1_43' title='bbox 979 984 1240 1053; x_wconf 74' lang='lat' dir='ltr'><strong>342-—in</strong></span> <span class='ocrx_word' id='word_1_44' title='bbox 1270 983 1571 1042; x_wconf 86' lang='lat' dir='ltr'><strong>duodecim</strong></span> <span class='ocrx_word' id='word_1_45' title='bbox 1599 1003 1728 1040; x_wconf 90' lang='lat' dir='ltr'><strong>ver-</strong></span> 
     </span>
     <span class='ocr_line' id='line_1_8' title="bbox 167 1070 1728 1148; baseline -0.001 -19"><span class='ocrx_word' id='word_1_46' title='bbox 167 1070 340 1129; x_wconf 86' lang='lat' dir='ltr'><strong>sibus</strong></span> <span class='ocrx_word' id='word_1_47' title='bbox 362 1084 763 1142; x_wconf 88' lang='lat' dir='ltr'><strong>occurrentes,</strong></span> <span class='ocrx_word' id='word_1_48' title='bbox 795 1071 1019 1130; x_wconf 82' lang='lat' dir='ltr'><strong>lacunis</strong></span> <span class='ocrx_word' id='word_1_49' title='bbox 1042 1072 1282 1148; x_wconf 89' lang='lat' dir='ltr'><strong>insuper</strong></span> <span class='ocrx_word' id='word_1_50' title='bbox 1315 1071 1728 1129; x_wconf 85' lang='lat' dir='ltr'><strong>sententiarum</strong></span> 
     </span>
     <span class='ocr_line' id='line_1_9' title="bbox 163 1157 1726 1236; baseline -0.001 -20"><span class='ocrx_word' id='word_1_51' title='bbox 163 1160 597 1236; x_wconf 83' lang='lat' dir='ltr'><strong>interruptione</strong></span> <span class='ocrx_word' id='word_1_52' title='bbox 617 1159 908 1216; x_wconf 77' lang='lat' dir='ltr'><strong>indicatiS.</strong></span> <span class='ocrx_word' id='word_1_53' title='bbox 949 1157 1204 1226; x_wconf 82' lang='lat' dir='ltr'><strong>Quarum</strong></span> <span class='ocrx_word' id='word_1_54' title='bbox 1227 1159 1394 1232; x_wconf 84' lang='lat' dir='ltr'><strong>signa</strong></span> <span class='ocrx_word' id='word_1_55' title='bbox 1407 1157 1560 1215; x_wconf 86' lang='lat' dir='ltr'><strong>haud</strong></span> <span class='ocrx_word' id='word_1_56' title='bbox 1589 1177 1726 1215; x_wconf 86' lang='lat' dir='ltr'><strong>cun·</strong></span> 
     </span>
     <span class='ocr_line' id='line_1_10' title="bbox 165 1241 1732 1324; baseline -0.003 -20"><span class='ocrx_word' id='word_1_57' title='bbox 165 1259 392 1304; x_wconf 87' lang='lat' dir='ltr'><strong>ctanter</strong></span> <span class='ocrx_word' id='word_1_58' title='bbox 409 1245 602 1324; x_wconf 86' lang='lat' dir='ltr'><strong>posui,</strong></span> <span class='ocrx_word' id='word_1_59' title='bbox 630 1258 819 1302; x_wconf 88' lang='lat' dir='ltr'><strong>cetera</strong></span> <span class='ocrx_word' id='word_1_60' title='bbox 840 1244 956 1303; x_wconf 86' lang='lat' dir='ltr'><strong>fere</strong></span> <span class='ocrx_word' id='word_1_61' title='bbox 973 1245 1122 1302; x_wconf 85' lang='lat' dir='ltr'><strong>nihil</strong></span> <span class='ocrx_word' id='word_1_62' title='bbox 1142 1245 1363 1303; x_wconf 89' lang='lat' dir='ltr'><strong>mutavi</strong></span> <span class='ocrx_word' id='word_1_63' title='bbox 1391 1267 1405 1301; x_wconf 76' lang='grc' dir='ltr'><strong>ι</strong></span> <span class='ocrx_word' id='word_1_64' title='bbox 1433 1245 1564 1310; x_wconf 76' lang='lat'><strong>342.</strong></span> <span class='ocrx_word' id='word_1_65' title='bbox 1582 1241 1617 1313; x_wconf 79' lang='grc' dir='ltr'>ἢ</span> <span class='ocrx_word' id='word_1_66' title='bbox 1641 1243 1732 1301; x_wconf 78' lang='grc' dir='ltr'><strong>καὶ</strong></span> 
     </span>
     <span class='ocr_line' id='line_1_11' title="bbox 161 1331 1730 1412; baseline -0.001 -22"><span class='ocrx_word' id='word_1_67' title='bbox 161 1332 362 1410; x_wconf 77' lang='grc' dir='ltr'><strong>γονέων</strong></span> <span class='ocrx_word' id='word_1_68' title='bbox 389 1332 656 1412; x_wconf 79' lang='grc' dir='ltr'><strong>στερέησιν</strong></span> <span class='ocrx_word' id='word_1_69' title='bbox 687 1332 811 1403; x_wconf 86' lang='lat' dir='ltr'><strong>GH,</strong></span> <span class='ocrx_word' id='word_1_70' title='bbox 867 1331 1153 1410; x_wconf 71' lang='grc' dir='ltr'><strong>στερέσειεν</strong></span> <span class='ocrx_word' id='word_1_71' title='bbox 1184 1332 1308 1392; x_wconf 79' lang='lat' dir='ltr'><strong>AR.</strong></span> <span class='ocrx_word' id='word_1_72' title='bbox 1334 1334 1562 1401; x_wconf 86' lang='lat' dir='ltr'><strong>Quanto</strong></span> <span class='ocrx_word' id='word_1_73' title='bbox 1595 1351 1730 1410; x_wconf 84' lang='lat' dir='ltr'><strong>pro-</strong></span> 
     </span>
     <span class='ocr_line' id='line_1_12' title="bbox 159 1417 1733 1498; baseline -0.001 -21"><span class='ocrx_word' id='word_1_74' title='bbox 159 1419 427 1478; x_wconf 84' lang='lat' dir='ltr'><strong>babilius</strong></span> <span class='ocrx_word' id='word_1_75' title='bbox 454 1433 576 1477; x_wconf 88' lang='lat' dir='ltr'><strong>erat</strong></span> <span class='ocrx_word' id='word_1_76' title='bbox 601 1419 788 1477; x_wconf 90' lang='lat' dir='ltr'><strong>deleto</strong></span> <span class='ocrx_word' id='word_1_77' title='bbox 834 1419 870 1488; x_wconf 77' lang='grc' dir='ltr'><strong>ἦ</strong></span> <span class='ocrx_word' id='word_1_78' title='bbox 919 1433 1257 1478; x_wconf 88' lang='lat' dir='ltr'><strong>consuetum</strong></span> <span class='ocrx_word' id='word_1_79' title='bbox 1303 1417 1534 1498; x_wconf 79' lang='grc' dir='ltr'><strong>στερέσει</strong></span> <span class='ocrx_word' id='word_1_80' title='bbox 1571 1437 1733 1495; x_wconf 86' lang='lat' dir='ltr'><strong>repo—</strong></span> 
     </span>
     <span class='ocr_line' id='line_1_13' title="bbox 161 1505 1727 1583; baseline -0.003 -17"><span class='ocrx_word' id='word_1_81' title='bbox 161 1509 442 1566; x_wconf 82' lang='lat' dir='ltr'><strong>nere?—-</strong></span> <span class='ocrx_word' id='word_1_82' title='bbox 461 1507 509 1564; x_wconf 88' lang='lat' dir='ltr'>T</span> <span class='ocrx_word' id='word_1_83' title='bbox 511 1527 608 1564; x_wconf 88' lang='lat' dir='ltr'><strong>um</strong></span> <span class='ocrx_word' id='word_1_84' title='bbox 640 1519 772 1564; x_wconf 87' lang='lat' dir='ltr'><strong>ante</strong></span> <span class='ocrx_word' id='word_1_85' title='bbox 809 1508 922 1575; x_wconf 88' lang='grc'><strong>344</strong></span> <span class='ocrx_word' id='word_1_86' title='bbox 949 1519 1368 1583; x_wconf 86' lang='lat' dir='ltr'><strong>pentametrum</strong></span> <span class='ocrx_word' id='word_1_87' title='bbox 1409 1505 1692 1563; x_wconf 88' lang='lat' dir='ltr'><strong>excidisse</strong></span> <span class='ocrx_word' id='word_1_88' title='bbox 1711 1549 1727 1578; x_wconf 91' lang='lat'><strong>,</strong></span> 
     </span>
     <span class='ocr_line' id='line_1_14' title="bbox 161 1592 1732 1672; baseline -0.002 -19"><span class='ocrx_word' id='word_1_89' title='bbox 161 1616 286 1672; x_wconf 86' lang='lat' dir='ltr'><strong>quo</strong></span> <span class='ocrx_word' id='word_1_90' title='bbox 310 1601 526 1671; x_wconf 78' lang='lat' dir='ltr'><strong>longior</strong></span> <span class='ocrx_word' id='word_1_91' title='bbox 543 1595 906 1653; x_wconf 83' lang='lat' dir='ltr'><strong>constellatio</strong></span> <span class='ocrx_word' id='word_1_92' title='bbox 933 1592 1610 1669; x_wconf 81' lang='lat' dir='ltr'><strong>integrabatur—Lunoe</strong></span> <span class='ocrx_word' id='word_1_93' title='bbox 1634 1613 1732 1650; x_wconf 88' lang='lat' dir='ltr'><strong>au-</strong></span> 
     </span>
     <span class='ocr_line' id='line_1_15' title="bbox 159 1681 1731 1758; baseline -0.001 -17"><span class='ocrx_word' id='word_1_94' title='bbox 159 1696 282 1741; x_wconf 85' lang='lat' dir='ltr'><strong>tem</strong></span> <span class='ocrx_word' id='word_1_95' title='bbox 307 1685 658 1741; x_wconf 83' lang='lat' dir='ltr'><strong>mentionem</strong></span> <span class='ocrx_word' id='word_1_96' title='bbox 693 1681 897 1740; x_wconf 79' lang='lat' dir='ltr'><strong>factam</strong></span> <span class='ocrx_word' id='word_1_97' title='bbox 938 1701 1063 1740; x_wconf 88' lang='lat' dir='ltr'><strong>esse</strong></span> <span class='ocrx_word' id='word_1_98' title='bbox 1085 1681 1339 1758; x_wconf 89' lang='lat' dir='ltr'><strong>conjicio</strong></span> <span class='ocrx_word' id='word_1_99' title='bbox 1366 1714 1447 1725; x_wconf 97' lang='lat'><strong>—</strong></span> <span class='ocrx_word' id='word_1_100' title='bbox 1483 1681 1610 1757; x_wconf 89' lang='lat' dir='ltr'><strong>ejus</strong></span> <span class='ocrx_word' id='word_1_101' title='bbox 1647 1682 1731 1739; x_wconf 91' lang='lat' dir='ltr'><strong>rei</strong></span> 
     </span>
     <span class='ocr_line' id='line_1_16' title="bbox 159 1768 1732 1848; baseline -0.001 -20"><span class='ocrx_word' id='word_1_102' title='bbox 159 1771 402 1846; x_wconf 84' lang='lat' dir='ltr'><strong>signum</strong></span> <span class='ocrx_word' id='word_1_103' title='bbox 430 1783 518 1828; x_wconf 87' lang='lat' dir='ltr'><strong>est</strong></span> <span class='ocrx_word' id='word_1_104' title='bbox 555 1770 772 1828; x_wconf 84' lang='lat' dir='ltr'><strong>diserta</strong></span> <span class='ocrx_word' id='word_1_105' title='bbox 815 1770 1230 1828; x_wconf 85' lang='lat' dir='ltr'><strong>demonstratio</strong></span> <span class='ocrx_word' id='word_1_106' title='bbox 1269 1769 1380 1836; x_wconf 91' lang='grc'><strong>345</strong></span> <span class='ocrx_word' id='word_1_107' title='bbox 1403 1813 1418 1840; x_wconf 90' lang='grc'><strong>,</strong></span> <span class='ocrx_word' id='word_1_108' title='bbox 1460 1770 1583 1848; x_wconf 79' lang='grc' dir='ltr'><strong>τῇδε</strong></span> <span class='ocrx_word' id='word_1_109' title='bbox 1629 1768 1732 1826; x_wconf 80' lang='grc' dir='ltr'><strong>νόει</strong></span> 
     </span>
     <span class='ocr_line' id='line_1_17' title="bbox 159 1856 1732 1936; baseline -0.001 -20"><span class='ocrx_word' id='word_1_110' title='bbox 159 1857 367 1926; x_wconf 80' lang='grc' dir='ltr'><strong>ξυνέσει</strong></span> <span class='ocrx_word' id='word_1_111' title='bbox 417 1880 433 1915; x_wconf 76' lang='lat'>2</span> <span class='ocrx_word' id='word_1_112' title='bbox 477 1859 560 1916; x_wconf 88' lang='lat' dir='ltr'><strong>ita</strong></span> <span class='ocrx_word' id='word_1_113' title='bbox 587 1858 742 1915; x_wconf 88' lang='lat' dir='ltr'><strong>enim</strong></span> <span class='ocrx_word' id='word_1_114' title='bbox 784 1877 894 1936; x_wconf 89' lang='lat' dir='ltr'><strong>pro</strong></span> <span class='ocrx_word' id='word_1_115' title='bbox 933 1856 1116 1914; x_wconf 81' lang='grc' dir='ltr'><strong>τούσδε</strong></span> <span class='ocrx_word' id='word_1_116' title='bbox 1169 1856 1537 1914; x_wconf 88' lang='lat' dir='ltr'><strong>scribendum</strong></span> <span class='ocrx_word' id='word_1_117' title='bbox 1585 1856 1732 1914; x_wconf 90' lang='lat' dir='ltr'><strong>bene</strong></span> 
     </span>
     <span class='ocr_line' id='line_1_18' title="bbox 157 1944 1732 2022; baseline 0.001 -19"><span class='ocrx_word' id='word_1_118' title='bbox 157 1945 442 2004; x_wconf 81' lang='lat' dir='ltr'><strong>viderunt</strong></span> <span class='ocrx_word' id='word_1_119' title='bbox 463 1945 584 2004; x_wconf 71' lang='lat' dir='ltr'><strong>AR.</strong></span> <span class='ocrx_word' id='word_1_120' title='bbox 611 1979 691 1990; x_wconf 92' lang='lat'><em>-</em></span> <span class='ocrx_word' id='word_1_121' title='bbox 715 1944 783 2002; x_wconf 87' lang='lat' dir='ltr'><strong>ln</strong></span> <span class='ocrx_word' id='word_1_122' title='bbox 811 1944 1208 2022; x_wconf 88' lang='lat' dir='ltr'><strong>sequentibus,</strong></span> <span class='ocrx_word' id='word_1_123' title='bbox 1237 1957 1304 2004; x_wconf 90' lang='lat' dir='ltr'><strong>ut</strong></span> <span class='ocrx_word' id='word_1_124' title='bbox 1309 1964 1432 2022; x_wconf 82' lang='lat' dir='ltr'><strong>Jam</strong></span> <span class='ocrx_word' id='word_1_125' title='bbox 1447 1945 1522 2003; x_wconf 90' lang='lat' dir='ltr'><strong>de</strong></span> <span class='ocrx_word' id='word_1_126' title='bbox 1549 1945 1732 2021; x_wconf 84' lang='lat' dir='ltr'><strong>signis</strong></span> 
     </span>
     <span class='ocr_line' id='line_1_19' title="bbox 159 2034 820 2103; baseline 0 -13"><span class='ocrx_word' id='word_1_127' title='bbox 159 2034 426 2092; x_wconf 81' lang='lat' dir='ltr'><strong>defecms</strong></span> <span class='ocrx_word' id='word_1_128' title='bbox 445 2046 680 2103; x_wconf 82' lang='lat' dir='ltr'><strong>taceam,</strong></span> <span class='ocrx_word' id='word_1_129' title='bbox 705 2034 820 2100; x_wconf 79' lang='grc'><strong>348</strong></span> 
     </span>
    </p>
   </div>
   <div class='ocr_carea' id='block_1_3' title="bbox 158 2161 1676 2577">
    <p class='ocr_par' dir='ltr' id='par_1_3' title="bbox 158 2161 1676 2577">
     <span class='ocr_line' id='line_1_20' title="bbox 289 2161 1220 2225; baseline -0.001 -14"><span class='ocrx_word' id='word_1_130' title='bbox 289 2163 480 2225; x_wconf 75' lang='grc' dir='ltr'><strong>εὐτυχὲς</strong></span> <span class='ocrx_word' id='word_1_131' title='bbox 499 2163 704 2211; x_wconf 69' lang='grc' dir='ltr'><strong>ἐσσεῖται</strong></span> <span class='ocrx_word' id='word_1_132' title='bbox 718 2167 856 2211; x_wconf 79' lang='grc' dir='ltr'><strong>τοῦτο</strong></span> <span class='ocrx_word' id='word_1_133' title='bbox 871 2161 972 2225; x_wconf 82' lang='grc' dir='ltr'><strong>θέμ’</strong></span> <span class='ocrx_word' id='word_1_134' title='bbox 994 2162 1048 2210; x_wconf 77' lang='grc' dir='ltr'><strong>ἐκ</strong></span> <span class='ocrx_word' id='word_1_135' title='bbox 1061 2168 1220 2224; x_wconf 82' lang='grc' dir='ltr'><strong>γενεῆς</strong></span> 
     </span>
     <span class='ocr_line' id='line_1_21' title="bbox 158 2266 1676 2344; baseline -0.002 -17"><span class='ocrx_word' id='word_1_136' title='bbox 158 2290 236 2327; x_wconf 85' lang='lat' dir='ltr'><strong>ex</strong></span> <span class='ocrx_word' id='word_1_137' title='bbox 264 2268 494 2327; x_wconf 88' lang='lat' dir='ltr'><strong>emend.</strong></span> <span class='ocrx_word' id='word_1_138' title='bbox 525 2269 599 2326; x_wconf 91' lang='lat' dir='ltr'><strong>D.</strong></span> <span class='ocrx_word' id='word_1_139' title='bbox 617 2269 733 2336; x_wconf 82' lang='grc'><strong>644</strong></span> <span class='ocrx_word' id='word_1_140' title='bbox 760 2268 993 2344; x_wconf 85' lang='lat' dir='ltr'><strong>scripsi,</strong></span> <span class='ocrx_word' id='word_1_141' title='bbox 1022 2280 1078 2324; x_wconf 89' lang='lat' dir='ltr'><strong>et</strong></span> <span class='ocrx_word' id='word_1_142' title='bbox 1105 2267 1212 2324; x_wconf 81' lang='lat'><strong>351</strong></span> <span class='ocrx_word' id='word_1_143' title='bbox 1246 2266 1300 2323; x_wconf 92' lang='lat' dir='ltr'>G</span> <span class='ocrx_word' id='word_1_144' title='bbox 1328 2267 1630 2326; x_wconf 88' lang='lat' dir='ltr'><strong>lectionem</strong></span> <span class='ocrx_word' id='word_1_145' title='bbox 1663 2289 1676 2324; x_wconf 92' lang='lat'>:</span> 
     </span>
     <span class='ocr_line' id='line_1_22' title="bbox 291 2390 1469 2453; baseline -0.003 -11"><span class='ocrx_word' id='word_1_146' title='bbox 291 2393 432 2450; x_wconf 72' lang='grc' dir='ltr'><strong>Μήνη</strong></span> <span class='ocrx_word' id='word_1_147' title='bbox 448 2393 490 2441; x_wconf 78' lang='grc' dir='ltr'><strong>δ’</strong></span> <span class='ocrx_word' id='word_1_148' title='bbox 516 2393 571 2440; x_wconf 76' lang='grc' dir='ltr'><strong>ἐκ</strong></span> <span class='ocrx_word' id='word_1_149' title='bbox 588 2391 800 2440; x_wconf 83' lang='grc' dir='ltr'><strong>συνόδοιο</strong></span> <span class='ocrx_word' id='word_1_150' title='bbox 820 2390 994 2453; x_wconf 82' lang='grc' dir='ltr'><strong>Κρόνον</strong></span> <span class='ocrx_word' id='word_1_151' title='bbox 1013 2391 1140 2452; x_wconf 78' lang='grc' dir='ltr'><strong>φίλον</strong></span> <span class='ocrx_word' id='word_1_152' title='bbox 1163 2390 1469 2451; x_wconf 71' lang='grc' dir='ltr'><strong>ἀγααλίσαιτο</strong></span> 
     </span>
     <span class='ocr_line' id='line_1_23' title="bbox 159 2496 1496 2577; baseline -0.004 -19"><span class='ocrx_word' id='word_1_153' title='bbox 159 2500 419 2571; x_wconf 65' lang='lat' dir='ltr'><strong>restitui,</strong></span> <span class='ocrx_word' id='word_1_154' title='bbox 443 2519 551 2577; x_wconf 89' lang='lat' dir='ltr'><strong>pro</strong></span> <span class='ocrx_word' id='word_1_155' title='bbox 575 2518 692 2576; x_wconf 93' lang='lat' dir='ltr'><strong>quo</strong></span> <span class='ocrx_word' id='word_1_156' title='bbox 720 2497 819 2555; x_wconf 78' lang='lat' dir='ltr'><strong>AR</strong></span> <span class='ocrx_word' id='word_1_157' title='bbox 849 2516 882 2555; x_wconf 85' lang='lat' dir='ltr'><strong>e</strong></span> <span class='ocrx_word' id='word_1_158' title='bbox 900 2516 1006 2555; x_wconf 89' lang='lat' dir='ltr'><strong>sua</strong></span> <span class='ocrx_word' id='word_1_159' title='bbox 1029 2497 1186 2573; x_wconf 87' lang='lat' dir='ltr'><strong>conj.</strong></span> <span class='ocrx_word' id='word_1_160' title='bbox 1221 2496 1496 2553; x_wconf 89' lang='lat' dir='ltr'><strong>dederant</strong></span> 
     </span>
    </p>
   </div>
   <div class='ocr_carea' id='block_1_4' title="bbox 293 2624 1467 2690">
    <p class='ocr_par' dir='ltr' id='par_1_4' title="bbox 293 2624 1467 2690">
     <span class='ocr_line' id='line_1_24' title="bbox 293 2624 1467 2690; baseline -0.006 -11"><span class='ocrx_word' id='word_1_161' title='bbox 293 2630 460 2688; x_wconf 76' lang='grc' dir='ltr'><strong>Μήνην</strong></span> <span class='ocrx_word' id='word_1_162' title='bbox 492 2631 534 2678; x_wconf 72' lang='grc' dir='ltr'><strong>εἰ</strong></span> <span class='ocrx_word' id='word_1_163' title='bbox 553 2628 788 2678; x_wconf 81' lang='grc' dir='ltr'><strong>συνόδοισι</strong></span> <span class='ocrx_word' id='word_1_164' title='bbox 811 2625 982 2690; x_wconf 81' lang='grc' dir='ltr'><strong>Κρόνος</strong></span> <span class='ocrx_word' id='word_1_165' title='bbox 999 2625 1125 2688; x_wconf 79' lang='grc' dir='ltr'><strong>φίλος</strong></span> <span class='ocrx_word' id='word_1_166' title='bbox 1144 2624 1467 2686; x_wconf 74' lang='grc' dir='ltr'><strong>ἀγιαλίσαιτο,</strong></span> 
     </span>
    </p>
   </div>
   <div class='ocr_carea' id='block_1_5' title="bbox 151 2727 1741 5267">
    <p class='ocr_par' dir='ltr' id='par_1_5' title="bbox 157 2727 1726 2814">
     <span class='ocr_line' id='line_1_25' title="bbox 157 2727 1726 2814; baseline -0.004 -21"><span class='ocrx_word' id='word_1_167' title='bbox 157 2749 466 2814; x_wconf 86' lang='lat' dir='ltr'><strong>postremo</strong></span> <span class='ocrx_word' id='word_1_168' title='bbox 491 2734 602 2790; x_wconf 77' lang='lat'><strong>352</strong></span> <span class='ocrx_word' id='word_1_169' title='bbox 646 2730 966 2809; x_wconf 77' lang='grc' dir='ltr'><strong>εὗπρήκτους</strong></span> <span class='ocrx_word' id='word_1_170' title='bbox 989 2750 1100 2806; x_wconf 86' lang='lat' dir='ltr'><strong>pro</strong></span> <span class='ocrx_word' id='word_1_171' title='bbox 1135 2727 1452 2808; x_wconf 79' lang='grc' dir='ltr'><strong>εὐπράκτους</strong></span> <span class='ocrx_word' id='word_1_172' title='bbox 1481 2730 1726 2788; x_wconf 82' lang='lat' dir='ltr'><strong>correxi.</strong></span> 
     </span>
    </p>

    <p class='ocr_par' dir='ltr' id='par_1_6' title="bbox 156 2817 1732 3257">
     <span class='ocr_line' id='line_1_26' title="bbox 246 2817 1732 2894; baseline -0.005 -11"><span class='ocrx_word' id='word_1_173' title='bbox 246 2828 358 2892; x_wconf 83' lang='grc'><strong>42,</strong></span> <span class='ocrx_word' id='word_1_174' title='bbox 387 2821 649 2878; x_wconf 83' lang='grc'><strong>353-358</strong></span> <span class='ocrx_word' id='word_1_175' title='bbox 666 2838 876 2877; x_wconf 84' lang='lat' dir='ltr'><strong>novam</strong></span> <span class='ocrx_word' id='word_1_176' title='bbox 887 2837 1012 2877; x_wconf 89' lang='lat' dir='ltr'><strong>esse</strong></span> <span class='ocrx_word' id='word_1_177' title='bbox 1034 2818 1330 2888; x_wconf 83' lang='lat' dir='ltr'><strong>laciniam,</strong></span> <span class='ocrx_word' id='word_1_178' title='bbox 1343 2817 1512 2874; x_wconf 90' lang='lat' dir='ltr'><strong>etiam</strong></span> <span class='ocrx_word' id='word_1_179' title='bbox 1531 2819 1580 2875; x_wconf 89' lang='lat' dir='ltr'><strong>si</strong></span> <span class='ocrx_word' id='word_1_180' title='bbox 1603 2838 1732 2894; x_wconf 84' lang='lat' dir='ltr'><strong>quae</strong></span> 
     </span>
     <span class='ocr_line' id='line_1_27' title="bbox 159 2905 1732 2986; baseline -0.004 -14"><span class='ocrx_word' id='word_1_181' title='bbox 159 2924 466 2982; x_wconf 85' lang='lat' dir='ltr'><strong>anteeunt,</strong></span> <span class='ocrx_word' id='word_1_182' title='bbox 498 2930 618 2968; x_wconf 90' lang='lat' dir='ltr'><strong>non</strong></span> <span class='ocrx_word' id='word_1_183' title='bbox 648 2929 758 2986; x_wconf 87' lang='lat' dir='ltr'><strong>pro</strong></span> <span class='ocrx_word' id='word_1_184' title='bbox 795 2907 1068 2983; x_wconf 84' lang='lat' dir='ltr'><strong>elegiacis</strong></span> <span class='ocrx_word' id='word_1_185' title='bbox 1093 2905 1436 2976; x_wconf 87' lang='lat' dir='ltr'><strong>habeantur,</strong></span> <span class='ocrx_word' id='word_1_186' title='bbox 1464 2907 1732 2965; x_wconf 87' lang='lat' dir='ltr'><strong>diversus</strong></span> 
     </span>
     <span class='ocr_line' id='line_1_28' title="bbox 163 2992 1732 3073; baseline -0.006 -13"><span class='ocrx_word' id='word_1_187' title='bbox 163 3002 348 3061; x_wconf 88' lang='lat' dir='ltr'><strong>stilus</strong></span> <span class='ocrx_word' id='word_1_188' title='bbox 381 2999 598 3073; x_wconf 84' lang='lat' dir='ltr'><strong>arguit:</strong></span> <span class='ocrx_word' id='word_1_189' title='bbox 631 3010 768 3055; x_wconf 90' lang='lat' dir='ltr'><strong>nota</strong></span> <span class='ocrx_word' id='word_1_190' title='bbox 787 2996 932 3053; x_wconf 92' lang='lat' dir='ltr'><strong>illud</strong></span> <span class='ocrx_word' id='word_1_191' title='bbox 960 2998 1012 3051; x_wconf 86' lang='grc' dir='ltr'><strong>ἐν</strong></span> <span class='ocrx_word' id='word_1_192' title='bbox 1035 2994 1357 3071; x_wconf 85' lang='grc' dir='ltr'><strong>παρόδοισιν.</strong></span> <span class='ocrx_word' id='word_1_193' title='bbox 1385 2992 1497 3051; x_wconf 90' lang='lat' dir='ltr'><strong>Sed</strong></span> <span class='ocrx_word' id='word_1_194' title='bbox 1524 2995 1636 3051; x_wconf 89' lang='grc'><strong>356</strong></span> <span class='ocrx_word' id='word_1_195' title='bbox 1661 3014 1732 3051; x_wconf 79' lang='lat' dir='ltr'><strong>ex</strong></span> 
     </span>
     <span class='ocr_line' id='line_1_29' title="bbox 156 3080 1708 3163; baseline -0.005 -16"><span class='ocrx_word' id='word_1_196' title='bbox 156 3088 398 3147; x_wconf 78' lang='lat' dir='ltr'><strong>emend.</strong></span> <span class='ocrx_word' id='word_1_197' title='bbox 444 3088 496 3143; x_wconf 88' lang='lat' dir='ltr'>D</span> <span class='ocrx_word' id='word_1_198' title='bbox 539 3087 650 3141; x_wconf 80' lang='lat'><strong>333</strong></span> <span class='ocrx_word' id='word_1_199' title='bbox 683 3082 888 3163; x_wconf 75' lang='grc' dir='ltr'><strong>βλάὸας</strong></span> <span class='ocrx_word' id='word_1_200' title='bbox 929 3085 976 3139; x_wconf 85' lang='grc' dir='ltr'><strong>τ’</strong></span> <span class='ocrx_word' id='word_1_201' title='bbox 1002 3080 1112 3149; x_wconf 82' lang='grc' dir='ltr'>ἄξει</span> <span class='ocrx_word' id='word_1_202' title='bbox 1136 3081 1510 3139; x_wconf 88' lang='lat' dir='ltr'><strong>scribendum</strong></span> <span class='ocrx_word' id='word_1_203' title='bbox 1539 3094 1662 3139; x_wconf 91' lang='lat' dir='ltr'><strong>erat</strong></span> <span class='ocrx_word' id='word_1_204' title='bbox 1695 3104 1708 3139; x_wconf 74' lang='grc' dir='ltr'><strong>ι</strong></span> 
     </span>
     <span class='ocr_line' id='line_1_30' title="bbox 160 3168 1191 3257; baseline -0.01 -23"><span class='ocrx_word' id='word_1_205' title='bbox 160 3176 380 3257; x_wconf 74' lang='grc' dir='ltr'><strong>βλάὸας</strong></span> <span class='ocrx_word' id='word_1_206' title='bbox 407 3174 508 3241; x_wconf 84' lang='grc' dir='ltr'><strong>ἕξει</strong></span> <span class='ocrx_word' id='word_1_207' title='bbox 535 3172 610 3245; x_wconf 89' lang='lat' dir='ltr'><strong>G,</strong></span> <span class='ocrx_word' id='word_1_208' title='bbox 641 3170 842 3251; x_wconf 77' lang='grc' dir='ltr'><strong>βλάὸας</strong></span> <span class='ocrx_word' id='word_1_209' title='bbox 869 3169 912 3227; x_wconf 79' lang='grc' dir='ltr'><strong>θ’</strong></span> <span class='ocrx_word' id='word_1_210' title='bbox 940 3168 1038 3236; x_wconf 78' lang='grc' dir='ltr'><strong>ἔξει</strong></span> <span class='ocrx_word' id='word_1_211' title='bbox 1069 3168 1191 3225; x_wconf 75' lang='lat' dir='ltr'><strong>AR.</strong></span> 
     </span>
    </p>

    <p class='ocr_par' dir='ltr' id='par_1_7' title="bbox 151 3255 1737 3955">
     <span class='ocr_line' id='line_1_31' title="bbox 249 3255 1728 3338; baseline -0.005 -17"><span class='ocrx_word' id='word_1_212' title='bbox 249 3266 393 3338; x_wconf 81' lang='lat'><strong>359.</strong></span> <span class='ocrx_word' id='word_1_213' title='bbox 413 3261 654 3320; x_wconf 79' lang='lat' dir='ltr'><strong>Videtur</strong></span> <span class='ocrx_word' id='word_1_214' title='bbox 679 3278 886 3317; x_wconf 87' lang='lat' dir='ltr'><strong>versus</strong></span> <span class='ocrx_word' id='word_1_215' title='bbox 909 3277 1034 3315; x_wconf 87' lang='lat' dir='ltr'><strong>esse</strong></span> <span class='ocrx_word' id='word_1_216' title='bbox 1058 3257 1221 3313; x_wconf 90' lang='lat' dir='ltr'><strong>illius</strong></span> <span class='ocrx_word' id='word_1_217' title='bbox 1244 3255 1526 3333; x_wconf 88' lang='lat' dir='ltr'><strong>imperiti,</strong></span> <span class='ocrx_word' id='word_1_218' title='bbox 1558 3276 1728 3333; x_wconf 89' lang='lat' dir='ltr'><strong>quem</strong></span> 
     </span>
     <span class='ocr_line' id='line_1_32' title="bbox 151 3342 1730 3431; baseline -0.006 -21"><span class='ocrx_word' id='word_1_219' title='bbox 151 3354 286 3431; x_wconf 86' lang='lat' dir='ltr'><strong>jam</strong></span> <span class='ocrx_word' id='word_1_220' title='bbox 305 3352 598 3409; x_wconf 86' lang='lat' dir='ltr'><strong>novimus.</strong></span> <span class='ocrx_word' id='word_1_221' title='bbox 623 3349 772 3405; x_wconf 84' lang='lat' dir='ltr'><strong>Hinc</strong></span> <span class='ocrx_word' id='word_1_222' title='bbox 791 3346 1023 3424; x_wconf 83' lang='grc' dir='ltr'><strong>οὐράνιος</strong></span> <span class='ocrx_word' id='word_1_223' title='bbox 1041 3364 1230 3419; x_wconf 89' lang='lat' dir='ltr'><strong>neque</strong></span> <span class='ocrx_word' id='word_1_224' title='bbox 1244 3344 1480 3422; x_wconf 88' lang='lat' dir='ltr'><strong>appicto</strong></span> <span class='ocrx_word' id='word_1_225' title='bbox 1497 3342 1545 3420; x_wconf 83' lang='grc' dir='ltr'><strong>γ’</strong></span> <span class='ocrx_word' id='word_1_226' title='bbox 1573 3344 1730 3415; x_wconf 86' lang='lat' dir='ltr'><strong>fulsi,</strong></span> 
     </span>
     <span class='ocr_line' id='line_1_33' title="bbox 157 3431 1732 3511; baseline -0.006 -13"><span class='ocrx_word' id='word_1_227' title='bbox 157 3456 226 3499; x_wconf 88' lang='lat' dir='ltr'><strong>ut</strong></span> <span class='ocrx_word' id='word_1_228' title='bbox 287 3440 546 3496; x_wconf 81' lang='lat' dir='ltr'><strong>fecerunt</strong></span> <span class='ocrx_word' id='word_1_229' title='bbox 587 3437 712 3507; x_wconf 75' lang='lat' dir='ltr'><strong>AR,</strong></span> <span class='ocrx_word' id='word_1_230' title='bbox 757 3456 864 3493; x_wconf 91' lang='lat' dir='ltr'><strong>nec</strong></span> <span class='ocrx_word' id='word_1_231' title='bbox 909 3435 972 3491; x_wconf 91' lang='lat' dir='ltr'><strong>in</strong></span> <span class='ocrx_word' id='word_1_232' title='bbox 1013 3432 1261 3511; x_wconf 70' lang='grc' dir='ltr'><strong>οὐρανίων</strong></span> <span class='ocrx_word' id='word_1_233' title='bbox 1301 3431 1538 3491; x_wconf 89' lang='lat' dir='ltr'><strong>mutavi.</strong></span> <span class='ocrx_word' id='word_1_234' title='bbox 1581 3433 1732 3505; x_wconf 90' lang='lat' dir='ltr'><strong>Quid</strong></span> 
     </span>
     <span class='ocr_line' id='line_1_34' title="bbox 159 3520 1733 3606; baseline -0.006 -20"><span class='ocrx_word' id='word_1_235' title='bbox 159 3527 332 3606; x_wconf 86' lang='lat' dir='ltr'><strong>quod</strong></span> <span class='ocrx_word' id='word_1_236' title='bbox 366 3526 598 3583; x_wconf 87' lang='lat' dir='ltr'><strong>fortasse</strong></span> <span class='ocrx_word' id='word_1_237' title='bbox 638 3524 790 3582; x_wconf 81' lang='lat' dir='ltr'><strong>idem</strong></span> <span class='ocrx_word' id='word_1_238' title='bbox 835 3523 936 3579; x_wconf 90' lang='lat' dir='ltr'><strong>ille</strong></span> <span class='ocrx_word' id='word_1_239' title='bbox 976 3521 1214 3598; x_wconf 84' lang='lat' dir='ltr'><strong>scripsit</strong></span> <span class='ocrx_word' id='word_1_240' title='bbox 1244 3520 1488 3577; x_wconf 83' lang='grc' dir='ltr'><strong>ἀπλανῶν</strong></span> <span class='ocrx_word' id='word_1_241' title='bbox 1513 3542 1570 3575; x_wconf 80' lang='grc' dir='ltr'><strong>τε</strong></span> <span class='ocrx_word' id='word_1_242' title='bbox 1593 3520 1733 3577; x_wconf 88' lang='grc' dir='ltr'><strong>πλα-</strong></span> 
     </span>
     <span class='ocr_line' id='line_1_35' title="bbox 159 3601 1734 3688; baseline -0.007 -17"><span class='ocrx_word' id='word_1_243' title='bbox 159 3614 370 3685; x_wconf 72' lang='grc' dir='ltr'><strong>νητῶν,</strong></span> <span class='ocrx_word' id='word_1_244' title='bbox 401 3610 882 3688; x_wconf 88' lang='lat' dir='ltr'><strong>quemadmodum</strong></span> <span class='ocrx_word' id='word_1_245' title='bbox 909 3609 973 3665; x_wconf 91' lang='lat' dir='ltr'><strong>in</strong></span> <span class='ocrx_word' id='word_1_246' title='bbox 1001 3607 1110 3663; x_wconf 82' lang='grc' dir='ltr'><strong>ΜΗ</strong></span> <span class='ocrx_word' id='word_1_247' title='bbox 1145 3603 1452 3682; x_wconf 83' lang='grc' dir='ltr'><strong>(πλανήτων</strong></span> <span class='ocrx_word' id='word_1_248' title='bbox 1481 3601 1548 3681; x_wconf 85' lang='lat' dir='ltr'><strong>J)</strong></span> <span class='ocrx_word' id='word_1_249' title='bbox 1580 3604 1734 3680; x_wconf 85' lang='lat' dir='ltr'><strong>legi-</strong></span> 
     </span>
     <span class='ocr_line' id='line_1_36' title="bbox 157 3693 1732 3775; baseline -0.005 -16"><span class='ocrx_word' id='word_1_250' title='bbox 157 3716 288 3775; x_wconf 87' lang='lat' dir='ltr'><strong>tur,</strong></span> <span class='ocrx_word' id='word_1_251' title='bbox 311 3712 590 3757; x_wconf 88' lang='lat' dir='ltr'><strong>mutatum</strong></span> <span class='ocrx_word' id='word_1_252' title='bbox 623 3718 656 3755; x_wconf 91' lang='lat' dir='ltr'><strong>a</strong></span> <span class='ocrx_word' id='word_1_253' title='bbox 681 3696 811 3755; x_wconf 86' lang='lat' dir='ltr'><strong>Gin</strong></span> <span class='ocrx_word' id='word_1_254' title='bbox 835 3696 1080 3753; x_wconf 81' lang='grc' dir='ltr'><strong>ἆπλανῶν</strong></span> <span class='ocrx_word' id='word_1_255' title='bbox 1101 3716 1160 3751; x_wconf 76' lang='grc' dir='ltr'><strong>τι</strong></span> <span class='ocrx_word' id='word_1_256' title='bbox 1183 3693 1400 3751; x_wconf 80' lang='grc' dir='ltr'><strong>πλάνων</strong></span> <span class='ocrx_word' id='word_1_257' title='bbox 1424 3714 1482 3749; x_wconf 84' lang='grc' dir='ltr'><strong>τε</strong></span> <span class='ocrx_word' id='word_1_258' title='bbox 1497 3736 1514 3767; x_wconf 88' lang='grc'><strong>,</strong></span> <span class='ocrx_word' id='word_1_259' title='bbox 1545 3695 1732 3771; x_wconf 84' lang='lat' dir='ltr'><strong>parti-</strong></span> 
     </span>
     <span class='ocr_line' id='line_1_37' title="bbox 157 3782 1737 3861; baseline -0.003 -16"><span class='ocrx_word' id='word_1_260' title='bbox 157 3790 302 3847; x_wconf 89' lang='lat' dir='ltr'><strong>cula</strong></span> <span class='ocrx_word' id='word_1_261' title='bbox 337 3810 395 3843; x_wconf 86' lang='grc' dir='ltr'><strong>τε</strong></span> <span class='ocrx_word' id='word_1_262' title='bbox 431 3787 806 3844; x_wconf 83' lang='lat' dir='ltr'><strong>vitiosissime</strong></span> <span class='ocrx_word' id='word_1_263' title='bbox 829 3784 1044 3861; x_wconf 87' lang='lat' dir='ltr'><strong>posita,</strong></span> <span class='ocrx_word' id='word_1_264' title='bbox 1075 3782 1234 3859; x_wconf 89' lang='lat' dir='ltr'><strong>quod</strong></span> <span class='ocrx_word' id='word_1_265' title='bbox 1274 3783 1444 3839; x_wconf 88' lang='lat' dir='ltr'><strong>etiam</strong></span> <span class='ocrx_word' id='word_1_266' title='bbox 1483 3800 1518 3837; x_wconf 92' lang='lat' dir='ltr'><strong>a</strong></span> <span class='ocrx_word' id='word_1_267' title='bbox 1544 3783 1737 3858; x_wconf 85' lang='lat' dir='ltr'><strong>pravis</strong></span> 
     </span>
     <span class='ocr_line' id='line_1_38' title="bbox 155 3870 1729 3955; baseline -0.003 -20"><span class='ocrx_word' id='word_1_268' title='bbox 155 3876 517 3955; x_wconf 86' lang='lat' dir='ltr'><strong>quibusdam</strong></span> <span class='ocrx_word' id='word_1_269' title='bbox 547 3874 868 3951; x_wconf 81' lang='lat' dir='ltr'><strong>Sibyllist&#39;is</strong></span> <span class='ocrx_word' id='word_1_270' title='bbox 898 3872 1108 3955; x_wconf 75' lang='lat' dir='ltr'><strong>factum</strong></span> <span class='ocrx_word' id='word_1_271' title='bbox 1137 3890 1261 3928; x_wconf 84' lang='lat' dir='ltr'><strong>esse</strong></span> <span class='ocrx_word' id='word_1_272' title='bbox 1284 3870 1483 3943; x_wconf 85' lang='lat' dir='ltr'><strong>negari</strong></span> <span class='ocrx_word' id='word_1_273' title='bbox 1511 3871 1729 3945; x_wconf 90' lang='lat' dir='ltr'><strong>nequit.</strong></span> 
     </span>
    </p>

    <p class='ocr_par' dir='ltr' id='par_1_8' title="bbox 153 3957 1738 4389">
     <span class='ocr_line' id='line_1_39' title="bbox 249 3957 1732 4040; baseline -0.003 -19"><span class='ocrx_word' id='word_1_274' title='bbox 249 3966 371 4021; x_wconf 84' lang='lat'><strong>360</strong></span> <span class='ocrx_word' id='word_1_275' title='bbox 397 3984 482 4040; x_wconf 87' lang='lat' dir='ltr'><strong>sq.</strong></span> <span class='ocrx_word' id='word_1_276' title='bbox 512 3963 694 4020; x_wconf 85' lang='lat' dir='ltr'><strong>Etiam</strong></span> <span class='ocrx_word' id='word_1_277' title='bbox 719 3962 830 4019; x_wconf 90' lang='lat' dir='ltr'><strong>hoc</strong></span> <span class='ocrx_word' id='word_1_278' title='bbox 849 3958 1162 4018; x_wconf 88' lang='lat' dir='ltr'><strong>distichum</strong></span> <span class='ocrx_word' id='word_1_279' title='bbox 1191 3958 1448 4034; x_wconf 87' lang='lat' dir='ltr'><strong>ejusdem</strong></span> <span class='ocrx_word' id='word_1_280' title='bbox 1479 3957 1732 4017; x_wconf 85' lang='lat' dir='ltr'><strong>videtur.</strong></span> 
     </span>
     <span class='ocr_line' id='line_1_40' title="bbox 157 4045 1736 4129; baseline -0.005 -18"><span class='ocrx_word' id='word_1_281' title='bbox 157 4054 226 4113; x_wconf 88' lang='lat' dir='ltr'><strong>Id</strong></span> <span class='ocrx_word' id='word_1_282' title='bbox 267 4053 351 4110; x_wconf 90' lang='lat' dir='ltr'><strong>ita</strong></span> <span class='ocrx_word' id='word_1_283' title='bbox 386 4053 756 4129; x_wconf 86' lang='lat' dir='ltr'><strong>interpretor,</strong></span> <span class='ocrx_word' id='word_1_284' title='bbox 801 4068 862 4108; x_wconf 90' lang='lat' dir='ltr'><strong>se</strong></span> <span class='ocrx_word' id='word_1_285' title='bbox 892 4048 1013 4124; x_wconf 89' lang='lat' dir='ltr'><strong>jam</strong></span> <span class='ocrx_word' id='word_1_286' title='bbox 1055 4046 1204 4103; x_wconf 88' lang='lat' dir='ltr'><strong>velle</strong></span> <span class='ocrx_word' id='word_1_287' title='bbox 1223 4047 1328 4101; x_wconf 80' lang='lat' dir='ltr'><strong>hoc</strong></span> <span class='ocrx_word' id='word_1_288' title='bbox 1370 4056 1562 4113; x_wconf 80' lang='lat' dir='ltr'><strong>metm,</strong></span> <span class='ocrx_word' id='word_1_289' title='bbox 1590 4045 1642 4103; x_wconf 91' lang='lat' dir='ltr'><strong>.i.</strong></span> <span class='ocrx_word' id='word_1_290' title='bbox 1687 4065 1736 4103; x_wconf 92' lang='lat' dir='ltr'><strong>e.</strong></span> 
     </span>
     <span class='ocr_line' id='line_1_41' title="bbox 153 4131 1738 4216; baseline -0.004 -20"><span class='ocrx_word' id='word_1_291' title='bbox 153 4145 448 4215; x_wconf 65' lang='lat' dir='ltr'><strong>ekge‘aco,</strong></span> <span class='ocrx_word' id='word_1_292' title='bbox 468 4137 597 4216; x_wconf 84' lang='grc' dir='ltr'><strong>πρὸς</strong></span> <span class='ocrx_word' id='word_1_293' title='bbox 621 4134 742 4201; x_wconf 78' lang='grc' dir='ltr'><strong>ἔπος</strong></span> <span class='ocrx_word' id='word_1_294' title='bbox 771 4136 812 4193; x_wconf 93' lang='lat' dir='ltr'><strong>i.</strong></span> <span class='ocrx_word' id='word_1_295' title='bbox 845 4155 896 4195; x_wconf 86' lang='lat' dir='ltr'><strong>e.</strong></span> <span class='ocrx_word' id='word_1_296' title='bbox 919 4134 990 4191; x_wconf 90' lang='lat' dir='ltr'><strong>ad</strong></span> <span class='ocrx_word' id='word_1_297' title='bbox 1015 4153 1240 4189; x_wconf 84' lang='lat' dir='ltr'><strong>carmen</strong></span> <span class='ocrx_word' id='word_1_298' title='bbox 1262 4134 1545 4187; x_wconf 80' lang='lat' dir='ltr'><strong>heroicum</strong></span> <span class='ocrx_word' id='word_1_299' title='bbox 1569 4131 1738 4207; x_wconf 86' lang='lat' dir='ltr'><strong>plura</strong></span> 
     </span>
     <span class='ocr_line' id='line_1_42' title="bbox 155 4217 1727 4291; baseline -0.008 -7"><span class='ocrx_word' id='word_1_300' title='bbox 155 4230 341 4285; x_wconf 79' lang='lat' dir='ltr'><strong>etiam</strong></span> <span class='ocrx_word' id='word_1_301' title='bbox 367 4224 625 4282; x_wconf 88' lang='lat' dir='ltr'><strong>canendo</strong></span> <span class='ocrx_word' id='word_1_302' title='bbox 643 4222 873 4280; x_wconf 88' lang='lat' dir='ltr'><strong>addere.</strong></span> <span class='ocrx_word' id='word_1_303' title='bbox 892 4221 1064 4291; x_wconf 91' lang='lat' dir='ltr'><strong>Quod</strong></span> <span class='ocrx_word' id='word_1_304' title='bbox 1085 4232 1278 4276; x_wconf 90' lang='lat' dir='ltr'><strong>utrum</strong></span> <span class='ocrx_word' id='word_1_305' title='bbox 1303 4217 1504 4275; x_wconf 84' lang='lat' dir='ltr'><strong>fecerit</strong></span> <span class='ocrx_word' id='word_1_306' title='bbox 1523 4236 1727 4289; x_wconf 88' lang='lat' dir='ltr'><strong>necne,</strong></span> 
     </span>
     <span class='ocr_line' id='line_1_43' title="bbox 155 4314 790 4389; baseline -0.009 -16"><span class='ocrx_word' id='word_1_307' title='bbox 155 4314 384 4373; x_wconf 90' lang='lat' dir='ltr'><strong>inutile</strong></span> <span class='ocrx_word' id='word_1_308' title='bbox 406 4324 488 4369; x_wconf 67' lang='lat' dir='ltr'><strong>est</strong></span> <span class='ocrx_word' id='word_1_309' title='bbox 513 4330 790 4389; x_wconf 82' lang='lat' dir='ltr'><strong>quaerere.</strong></span> 
     </span>
    </p>

    <p class='ocr_par' dir='ltr' id='par_1_9' title="bbox 155 4390 1741 4749">
     <span class='ocr_line' id='line_1_44' title="bbox 251 4390 1741 4475; baseline -0.006 -17"><span class='ocrx_word' id='word_1_310' title='bbox 251 4402 571 4475; x_wconf 84' lang='lat' dir='ltr'><strong>Postquam</strong></span> <span class='ocrx_word' id='word_1_311' title='bbox 619 4399 701 4456; x_wconf 86' lang='lat' dir='ltr'><strong>ita</strong></span> <span class='ocrx_word' id='word_1_312' title='bbox 739 4416 845 4475; x_wconf 87' lang='lat' dir='ltr'><strong>per</strong></span> <span class='ocrx_word' id='word_1_313' title='bbox 895 4396 1123 4469; x_wconf 86' lang='lat' dir='ltr'><strong>singula</strong></span> <span class='ocrx_word' id='word_1_314' title='bbox 1162 4406 1411 4451; x_wconf 88' lang='lat' dir='ltr'><strong>nostram</strong></span> <span class='ocrx_word' id='word_1_315' title='bbox 1450 4391 1522 4450; x_wconf 89' lang='lat' dir='ltr'><strong>de</strong></span> <span class='ocrx_word' id='word_1_316' title='bbox 1565 4390 1741 4467; x_wconf 87' lang='lat' dir='ltr'><strong>hujus</strong></span> 
     </span>
     <span class='ocr_line' id='line_1_45' title="bbox 157 4482 1739 4560; baseline -0.007 -14"><span class='ocrx_word' id='word_1_317' title='bbox 157 4489 310 4547; x_wconf 88' lang='lat' dir='ltr'><strong>libri</strong></span> <span class='ocrx_word' id='word_1_318' title='bbox 333 4486 668 4544; x_wconf 89' lang='lat' dir='ltr'><strong>conditione</strong></span> <span class='ocrx_word' id='word_1_319' title='bbox 687 4486 1024 4543; x_wconf 88' lang='lat' dir='ltr'><strong>sententiam</strong></span> <span class='ocrx_word' id='word_1_320' title='bbox 1042 4482 1328 4560; x_wconf 87' lang='lat' dir='ltr'><strong>persecuti</strong></span> <span class='ocrx_word' id='word_1_321' title='bbox 1353 4498 1574 4550; x_wconf 89' lang='lat' dir='ltr'><strong>sumus,</strong></span> <span class='ocrx_word' id='word_1_322' title='bbox 1599 4499 1739 4557; x_wconf 92' lang='lat' dir='ltr'><strong>pau-</strong></span> 
     </span>
     <span class='ocr_line' id='line_1_46' title="bbox 156 4572 1740 4655; baseline -0.005 -16"><span class='ocrx_word' id='word_1_323' title='bbox 156 4584 248 4639; x_wconf 89' lang='lat' dir='ltr'><strong>cis</strong></span> <span class='ocrx_word' id='word_1_324' title='bbox 267 4626 284 4653; x_wconf 89' lang='lat'><strong>,</strong></span> <span class='ocrx_word' id='word_1_325' title='bbox 324 4598 458 4655; x_wconf 81' lang='lat' dir='ltr'><strong>quae</strong></span> <span class='ocrx_word' id='word_1_326' title='bbox 479 4578 598 4655; x_wconf 85' lang='lat' dir='ltr'><strong>jam</strong></span> <span class='ocrx_word' id='word_1_327' title='bbox 633 4575 770 4635; x_wconf 88' lang='lat' dir='ltr'><strong>inde</strong></span> <span class='ocrx_word' id='word_1_328' title='bbox 789 4576 1077 4653; x_wconf 89' lang='lat' dir='ltr'><strong>prodeunt</strong></span> <span class='ocrx_word' id='word_1_329' title='bbox 1093 4620 1108 4650; x_wconf 84' lang='lat'>‚</span> <span class='ocrx_word' id='word_1_330' title='bbox 1133 4594 1252 4631; x_wconf 90' lang='lat' dir='ltr'><strong>uno</strong></span> <span class='ocrx_word' id='word_1_331' title='bbox 1273 4572 1382 4631; x_wconf 89' lang='lat' dir='ltr'><strong>sub</strong></span> <span class='ocrx_word' id='word_1_332' title='bbox 1405 4572 1611 4630; x_wconf 90' lang='lat' dir='ltr'><strong>obtutu</strong></span> <span class='ocrx_word' id='word_1_333' title='bbox 1635 4593 1740 4650; x_wconf 89' lang='lat' dir='ltr'><strong>po·</strong></span> 
     </span>
     <span class='ocr_line' id='line_1_47' title="bbox 155 4664 1198 4749; baseline -0.01 -22"><span class='ocrx_word' id='word_1_334' title='bbox 155 4690 308 4727; x_wconf 84' lang='lat' dir='ltr'><strong>nere</strong></span> <span class='ocrx_word' id='word_1_335' title='bbox 339 4667 549 4744; x_wconf 89' lang='lat' dir='ltr'><strong>placet.</strong></span> <span class='ocrx_word' id='word_1_336' title='bbox 577 4664 848 4725; x_wconf 88' lang='lat' dir='ltr'><strong>Vidimus</strong></span> <span class='ocrx_word' id='word_1_337' title='bbox 871 4664 1051 4737; x_wconf 81' lang='lat' dir='ltr'><strong>igitur</strong></span> <span class='ocrx_word' id='word_1_338' title='bbox 1165 4724 1198 4749; x_wconf 41' lang='grc' dir='ltr'>ρ</span> 
     </span>
    </p>

    <p class='ocr_par' dir='ltr' id='par_1_10' title="bbox 156 4746 1741 5084">
     <span class='ocr_line' id='line_1_48' title="bbox 243 4746 1740 4835; baseline -0.005 -23"><span class='ocrx_word' id='word_1_339' title='bbox 243 4757 506 4835; x_wconf 83' lang='lat' dir='ltr'><strong>primum</strong></span> <span class='ocrx_word' id='word_1_340' title='bbox 539 4765 744 4829; x_wconf 84' lang='lat' dir='ltr'><strong>praeter</strong></span> <span class='ocrx_word' id='word_1_341' title='bbox 770 4773 826 4810; x_wconf 86' lang='lat' dir='ltr'><strong>v.</strong></span> <span class='ocrx_word' id='word_1_342' title='bbox 862 4752 1116 4826; x_wconf 86' lang='lat'>359-361</span> <span class='ocrx_word' id='word_1_343' title='bbox 1145 4756 1380 4825; x_wconf 82' lang='lat' dir='ltr'><strong>quinque</strong></span> <span class='ocrx_word' id='word_1_344' title='bbox 1403 4746 1740 4825; x_wconf 80' lang='lat' dir='ltr'><strong>fragmenta,</strong></span> 
     </span>
     <span class='ocr_line' id='line_1_49' title="bbox 156 4839 1738 4922; baseline -0.007 -20"><span class='ocrx_word' id='word_1_345' title='bbox 156 4864 298 4922; x_wconf 85' lang='lat' dir='ltr'><strong>quae</strong></span> <span class='ocrx_word' id='word_1_346' title='bbox 321 4851 360 4911; x_wconf 88' lang='lat'><strong>†</strong></span> <span class='ocrx_word' id='word_1_347' title='bbox 403 4840 575 4897; x_wconf 90' lang='lat' dir='ltr'><strong>obelo</strong></span> <span class='ocrx_word' id='word_1_348' title='bbox 599 4840 1020 4910; x_wconf 80' lang='lat' dir='ltr'><strong>transfiximus,</strong></span> <span class='ocrx_word' id='word_1_349' title='bbox 1050 4843 1105 4910; x_wconf 89' lang='lat'><strong>1,</strong></span> <span class='ocrx_word' id='word_1_350' title='bbox 1139 4842 1198 4913; x_wconf 83' lang='lat'><strong>6,</strong></span> <span class='ocrx_word' id='word_1_351' title='bbox 1230 4842 1291 4911; x_wconf 85' lang='lat'><strong>9,</strong></span> <span class='ocrx_word' id='word_1_352' title='bbox 1326 4840 1423 4907; x_wconf 88' lang='grc'><strong>16,</strong></span> <span class='ocrx_word' id='word_1_353' title='bbox 1469 4839 1567 4904; x_wconf 91' lang='grc'><strong>40,</strong></span> <span class='ocrx_word' id='word_1_354' title='bbox 1603 4855 1738 4911; x_wconf 92' lang='lat' dir='ltr'><strong>pro-</strong></span> 
     </span>
     <span class='ocr_line' id='line_1_50' title="bbox 159 4922 1741 5004; baseline -0.005 -14"><span class='ocrx_word' id='word_1_355' title='bbox 159 4936 316 4990; x_wconf 81' lang='lat' dir='ltr'><strong>fecta</strong></span> <span class='ocrx_word' id='word_1_356' title='bbox 341 4928 418 4985; x_wconf 84' lang='lat' dir='ltr'><strong>ab</strong></span> <span class='ocrx_word' id='word_1_357' title='bbox 442 4929 638 5004; x_wconf 88' lang='lat' dir='ltr'><strong>inepto</strong></span> <span class='ocrx_word' id='word_1_358' title='bbox 660 4928 906 5004; x_wconf 86' lang='lat' dir='ltr'><strong>quodam</strong></span> <span class='ocrx_word' id='word_1_359' title='bbox 931 4927 1342 4995; x_wconf 85' lang='lat' dir='ltr'><strong>versificatore,</strong></span> <span class='ocrx_word' id='word_1_360' title='bbox 1370 4923 1472 4999; x_wconf 90' lang='lat' dir='ltr'><strong>qui</strong></span> <span class='ocrx_word' id='word_1_361' title='bbox 1502 4922 1741 4982; x_wconf 85' lang='lat' dir='ltr'><strong>fortasse</strong></span> 
     </span>
     <span class='ocr_line' id='line_1_51' title="bbox 159 5015 1141 5084; baseline -0.007 -6"><span class='ocrx_word' id='word_1_362' title='bbox 159 5022 320 5077; x_wconf 84' lang='lat' dir='ltr'><strong>idem</strong></span> <span class='ocrx_word' id='word_1_363' title='bbox 339 5028 468 5073; x_wconf 90' lang='lat' dir='ltr'><strong>erat</strong></span> <span class='ocrx_word' id='word_1_364' title='bbox 485 5034 612 5071; x_wconf 88' lang='lat' dir='ltr'><strong>cum</strong></span> <span class='ocrx_word' id='word_1_365' title='bbox 645 5015 1141 5084; x_wconf 87' lang='lat' dir='ltr'><strong>consarcinatore;</strong></span> 
     </span>
    </p>

    <p class='ocr_par' dir='ltr' id='par_1_11' title="bbox 161 5100 1734 5267">
     <span class='ocr_line' id='line_1_52' title="bbox 245 5100 1734 5179; baseline -0.005 -16"><span class='ocrx_word' id='word_1_366' title='bbox 245 5122 378 5163; x_wconf 88' lang='lat' dir='ltr'><strong>tum</strong></span> <span class='ocrx_word' id='word_1_367' title='bbox 411 5108 598 5160; x_wconf 81' lang='lat' dir='ltr'><strong>decem</strong></span> <span class='ocrx_word' id='word_1_368' title='bbox 626 5106 942 5179; x_wconf 79' lang='lat' dir='ltr'><strong>fragmenta</strong></span> <span class='ocrx_word' id='word_1_369' title='bbox 969 5102 1254 5176; x_wconf 80' lang='lat' dir='ltr'><strong>elegiaca,</strong></span> <span class='ocrx_word' id='word_1_370' title='bbox 1289 5104 1348 5170; x_wconf 91' lang='lat'><strong>5,</strong></span> <span class='ocrx_word' id='word_1_371' title='bbox 1386 5102 1479 5167; x_wconf 85' lang='grc'><strong>12,</strong></span> <span class='ocrx_word' id='word_1_372' title='bbox 1513 5100 1604 5167; x_wconf 74' lang='grc'><strong>14,</strong></span> <span class='ocrx_word' id='word_1_373' title='bbox 1631 5101 1734 5169; x_wconf 89' lang='grc'><strong>17,</strong></span> 
     </span>
     <span class='ocr_line' id='line_1_53' title="bbox 161 5186 1652 5267; baseline -0.009 -10"><span class='ocrx_word' id='word_1_374' title='bbox 161 5201 264 5267; x_wconf 87' lang='grc'><strong>18,</strong></span> <span class='ocrx_word' id='word_1_375' title='bbox 279 5199 386 5265; x_wconf 88' lang='grc'><strong>22,</strong></span> <span class='ocrx_word' id='word_1_376' title='bbox 401 5196 497 5264; x_wconf 88' lang='grc'><strong>26,</strong></span> <span class='ocrx_word' id='word_1_377' title='bbox 517 5197 618 5263; x_wconf 91' lang='grc'><strong>29,</strong></span> <span class='ocrx_word' id='word_1_378' title='bbox 643 5196 740 5263; x_wconf 87' lang='grc'><strong>34,</strong></span> <span class='ocrx_word' id='word_1_379' title='bbox 760 5196 826 5251; x_wconf 87' lang='grc'><strong>41</strong></span> <span class='ocrx_word' id='word_1_380' title='bbox 861 5236 876 5263; x_wconf 91' lang='grc'><strong>,</strong></span> <span class='ocrx_word' id='word_1_381' title='bbox 896 5212 1023 5267; x_wconf 86' lang='lat' dir='ltr'><strong>quae</strong></span> <span class='ocrx_word' id='word_1_382' title='bbox 1042 5191 1210 5248; x_wconf 89' lang='lat' dir='ltr'><strong>litera</strong></span> <span class='ocrx_word' id='word_1_383' title='bbox 1233 5192 1280 5243; x_wconf 89' lang='lat' dir='ltr'><em>E</em></span> <span class='ocrx_word' id='word_1_384' title='bbox 1299 5186 1652 5259; x_wconf 69' lang='lat' dir='ltr'><strong>notavimus»,</strong></span> 
     </span>
    </p>
   </div>
   <div class='ocr_carea' id='block_1_6' title="bbox 3300 431 3379 474">
    <p class='ocr_par' dir='ltr' id='par_1_12' title="bbox 3300 431 3379 474">
     <span class='ocr_line' id='line_1_54' title="bbox 3300 431 3379 474; baseline -0.025 0"><span class='ocrx_word' id='word_1_385' title='bbox 3300 431 3379 474; x_wconf 72' lang='lat' dir='ltr'><strong>IN</strong></span> 
     </span>
    </p>
   </div>
   <div class='ocr_carea' id='block_1_7' title="bbox 1819 542 3388 3518">
    <p class='ocr_par' dir='ltr' id='par_1_13' title="bbox 1819 542 3382 884">
     <span class='ocr_line' id='line_1_55' title="bbox 1900 542 3379 623; baseline -0.001 -19"><span class='ocrx_word' id='word_1_386' title='bbox 1900 545 2110 604; x_wconf 90' lang='lat' dir='ltr'><strong>deinde</strong></span> <span class='ocrx_word' id='word_1_387' title='bbox 2128 553 2368 621; x_wconf 73' lang='lat' dir='ltr'><strong>qumque</strong></span> <span class='ocrx_word' id='word_1_388' title='bbox 2382 543 2718 623; x_wconf 83' lang='lat' dir='ltr'><strong>particulas,</strong></span> <span class='ocrx_word' id='word_1_389' title='bbox 2734 542 2951 621; x_wconf 82' lang='lat' dir='ltr'><strong>quibus</strong></span> <span class='ocrx_word' id='word_1_390' title='bbox 2969 544 3213 622; x_wconf 86' lang='lat' dir='ltr'><strong>proprio</strong></span> <span class='ocrx_word' id='word_1_391' title='bbox 3230 565 3379 622; x_wconf 89' lang='lat' dir='ltr'><strong>quo·</strong></span> 
     </span>
     <span class='ocr_line' id='line_1_56' title="bbox 1819 631 3378 711; baseline 0.001 -21"><span class='ocrx_word' id='word_1_392' title='bbox 1819 633 1951 690; x_wconf 89' lang='lat' dir='ltr'><strong>dam</strong></span> <span class='ocrx_word' id='word_1_393' title='bbox 1974 632 2365 711; x_wconf 83' lang='lat' dir='ltr'><strong>graphicoque</strong></span> <span class='ocrx_word' id='word_1_394' title='bbox 2380 631 2554 689; x_wconf 91' lang='lat' dir='ltr'><strong>modo</strong></span> <span class='ocrx_word' id='word_1_395' title='bbox 2570 631 2760 690; x_wconf 88' lang='lat' dir='ltr'><strong>morbi</strong></span> <span class='ocrx_word' id='word_1_396' title='bbox 2777 651 3056 710; x_wconf 79' lang='lat' dir='ltr'><strong>noxaeque</strong></span> <span class='ocrx_word' id='word_1_397' title='bbox 3066 653 3378 711; x_wconf 85' lang='lat' dir='ltr'><strong>corporum</strong></span> 
     </span>
     <span class='ocr_line' id='line_1_57' title="bbox 1820 718 3382 792; baseline 0 -14"><span class='ocrx_word' id='word_1_398' title='bbox 1820 721 2271 780; x_wconf 84' lang='lat' dir='ltr'><strong>describuntur:</strong></span> <span class='ocrx_word' id='word_1_399' title='bbox 2320 725 2381 792; x_wconf 91' lang='lat'><strong>8,</strong></span> <span class='ocrx_word' id='word_1_400' title='bbox 2410 724 2512 789; x_wconf 88' lang='grc'><strong>24,</strong></span> <span class='ocrx_word' id='word_1_401' title='bbox 2548 724 2647 791; x_wconf 92' lang='grc'><strong>27,</strong></span> <span class='ocrx_word' id='word_1_402' title='bbox 2680 723 2781 788; x_wconf 89' lang='grc'><strong>32,</strong></span> <span class='ocrx_word' id='word_1_403' title='bbox 2827 723 2927 792; x_wconf 69' lang='grc'><strong>36,</strong></span> <span class='ocrx_word' id='word_1_404' title='bbox 2973 718 3079 778; x_wconf 80' lang='lat' dir='ltr'><strong>has</strong></span> <span class='ocrx_word' id='word_1_405' title='bbox 3118 720 3290 778; x_wconf 84' lang='lat' dir='ltr'><strong>litera</strong></span> <span class='ocrx_word' id='word_1_406' title='bbox 3328 727 3382 778; x_wconf 81' lang='lat' dir='ltr'><em>A</em></span> 
     </span>
     <span class='ocr_line' id='line_1_58' title="bbox 1819 809 2260 884; baseline 0.009 -20"><span class='ocrx_word' id='word_1_407' title='bbox 1819 809 2260 884; x_wconf 81' lang='lat' dir='ltr'><strong>insignivimus3</strong></span> 
     </span>
    </p>

    <p class='ocr_par' dir='ltr' id='par_1_14' title="bbox 1820 901 3383 1146">
     <span class='ocr_line' id='line_1_59' title="bbox 1902 901 3383 980; baseline 0.001 -28"><span class='ocrx_word' id='word_1_408' title='bbox 1902 917 2081 974; x_wconf 86' lang='lat' dir='ltr'><strong>porro</strong></span> <span class='ocrx_word' id='word_1_409' title='bbox 2102 904 2213 954; x_wconf 77' lang='lat' dir='ltr'><strong>tria</strong></span> <span class='ocrx_word' id='word_1_410' title='bbox 2230 906 2557 971; x_wconf 81' lang='lat' dir='ltr'><strong>segmenta,</strong></span> <span class='ocrx_word' id='word_1_411' title='bbox 2578 914 2709 971; x_wconf 82' lang='lat' dir='ltr'><strong>quae</strong></span> <span class='ocrx_word' id='word_1_412' title='bbox 2729 909 2787 954; x_wconf 87' lang='lat' dir='ltr'><strong>et</strong></span> <span class='ocrx_word' id='word_1_413' title='bbox 2796 909 3041 980; x_wconf 74' lang='lat' dir='ltr'><strong>propter</strong></span> <span class='ocrx_word' id='word_1_414' title='bbox 3058 901 3383 970; x_wconf 82' lang='lat' dir='ltr'><strong>argumenti</strong></span> 
     </span>
     <span class='ocr_line' id='line_1_60' title="bbox 1820 983 3383 1062; baseline 0.002 -22"><span class='ocrx_word' id='word_1_415' title='bbox 1820 997 1877 1040; x_wconf 94' lang='lat' dir='ltr'><strong>et</strong></span> <span class='ocrx_word' id='word_1_416' title='bbox 1904 997 2145 1062; x_wconf 89' lang='lat' dir='ltr'><strong>propter</strong></span> <span class='ocrx_word' id='word_1_417' title='bbox 2172 983 2457 1042; x_wconf 87' lang='lat' dir='ltr'><strong>sermonis</strong></span> <span class='ocrx_word' id='word_1_418' title='bbox 2483 983 2927 1042; x_wconf 86' lang='lat' dir='ltr'><strong>similitudinem</strong></span> <span class='ocrx_word' id='word_1_419' title='bbox 2968 983 3231 1060; x_wconf 86' lang='lat' dir='ltr'><strong>ejusdem</strong></span> <span class='ocrx_word' id='word_1_420' title='bbox 3258 1003 3383 1043; x_wconf 86' lang='lat' dir='ltr'><strong>esse</strong></span> 
     </span>
     <span class='ocr_line' id='line_1_61' title="bbox 1821 1060 3249 1146; baseline -0.001 -17"><span class='ocrx_word' id='word_1_421' title='bbox 1821 1071 2168 1130; x_wconf 88' lang='lat' dir='ltr'><strong>videbantur</strong></span> <span class='ocrx_word' id='word_1_422' title='bbox 2204 1093 2219 1129; x_wconf 73' lang='grc' dir='ltr'><strong>ε</strong></span> <span class='ocrx_word' id='word_1_423' title='bbox 2260 1077 2325 1143; x_wconf 89' lang='grc'><strong>3,</strong></span> <span class='ocrx_word' id='word_1_424' title='bbox 2364 1075 2425 1143; x_wconf 92' lang='grc'><strong>7,</strong></span> <span class='ocrx_word' id='word_1_425' title='bbox 2462 1075 2571 1144; x_wconf 71' lang='grc'><strong>21,</strong></span> <span class='ocrx_word' id='word_1_426' title='bbox 2596 1060 2817 1130; x_wconf 76' lang='lat' dir='ltr'><strong>etitem</strong></span> <span class='ocrx_word' id='word_1_427' title='bbox 2842 1074 2965 1139; x_wconf 80' lang='lat' dir='ltr'><strong>duo,</strong></span> <span class='ocrx_word' id='word_1_428' title='bbox 3010 1075 3110 1146; x_wconf 86' lang='lat'><strong>13,</strong></span> <span class='ocrx_word' id='word_1_429' title='bbox 3150 1076 3249 1131; x_wconf 88' lang='grc'><strong>28.</strong></span> 
     </span>
    </p>

    <p class='ocr_par' dir='ltr' id='par_1_15' title="bbox 1819 1158 3385 1676">
     <span class='ocr_line' id='line_1_62' title="bbox 1900 1158 3385 1236; baseline 0.001 -18"><span class='ocrx_word' id='word_1_430' title='bbox 1900 1158 2057 1232; x_wconf 81' lang='lat' dir='ltr'><strong>Jam,</strong></span> <span class='ocrx_word' id='word_1_431' title='bbox 2088 1173 2153 1218; x_wconf 92' lang='lat' dir='ltr'><strong>ut</strong></span> <span class='ocrx_word' id='word_1_432' title='bbox 2176 1158 2275 1218; x_wconf 82' lang='lat' dir='ltr'><strong>bic</strong></span> <span class='ocrx_word' id='word_1_433' title='bbox 2294 1158 2679 1218; x_wconf 82' lang='lat' dir='ltr'><strong>subsistamus</strong></span> <span class='ocrx_word' id='word_1_434' title='bbox 2694 1171 2753 1218; x_wconf 91' lang='lat' dir='ltr'><strong>et</strong></span> <span class='ocrx_word' id='word_1_435' title='bbox 2772 1159 2971 1236; x_wconf 84' lang='lat' dir='ltr'><strong>plures</strong></span> <span class='ocrx_word' id='word_1_436' title='bbox 2982 1159 3156 1216; x_wconf 87' lang='lat' dir='ltr'><strong>etiam</strong></span> <span class='ocrx_word' id='word_1_437' title='bbox 3184 1158 3385 1219; x_wconf 90' lang='lat' dir='ltr'><strong>simili-</strong></span> 
     </span>
     <span class='ocr_line' id='line_1_63' title="bbox 1821 1246 3380 1323; baseline 0.001 -17"><span class='ocrx_word' id='word_1_438' title='bbox 1821 1249 2054 1307; x_wconf 84' lang='lat' dir='ltr'><strong>tudines</strong></span> <span class='ocrx_word' id='word_1_439' title='bbox 2084 1249 2524 1323; x_wconf 82' lang='lat' dir='ltr'><strong>investigemus,</strong></span> <span class='ocrx_word' id='word_1_440' title='bbox 2553 1246 2833 1306; x_wconf 80' lang='lat' dir='ltr'><strong>habemus</strong></span> <span class='ocrx_word' id='word_1_441' title='bbox 2856 1249 3019 1304; x_wconf 86' lang='lat' dir='ltr'><strong>locos</strong></span> <span class='ocrx_word' id='word_1_442' title='bbox 3046 1251 3109 1322; x_wconf 88' lang='grc'><strong>2,</strong></span> <span class='ocrx_word' id='word_1_443' title='bbox 3143 1250 3245 1318; x_wconf 92' lang='grc'><strong>11,</strong></span> <span class='ocrx_word' id='word_1_444' title='bbox 3280 1252 3380 1319; x_wconf 93' lang='grc'><strong>31,</strong></span> 
     </span>
     <span class='ocr_line' id='line_1_64' title="bbox 1822 1333 3385 1414; baseline 0 -20"><span class='ocrx_word' id='word_1_445' title='bbox 1822 1356 1971 1412; x_wconf 88' lang='lat' dir='ltr'><strong>quos</strong></span> <span class='ocrx_word' id='word_1_446' title='bbox 1989 1337 2197 1394; x_wconf 87' lang='lat' dir='ltr'><strong>horum</strong></span> <span class='ocrx_word' id='word_1_447' title='bbox 2208 1335 2568 1414; x_wconf 89' lang='lat' dir='ltr'><strong>comparatio</strong></span> <span class='ocrx_word' id='word_1_448' title='bbox 2578 1335 2683 1393; x_wconf 91' lang='lat' dir='ltr'><strong>uni</strong></span> <span class='ocrx_word' id='word_1_449' title='bbox 2691 1334 2978 1410; x_wconf 83' lang='lat' dir='ltr'><strong>originem</strong></span> <span class='ocrx_word' id='word_1_450' title='bbox 2989 1353 3153 1392; x_wconf 84' lang='lat' dir='ltr'><strong>suam</strong></span> <span class='ocrx_word' id='word_1_451' title='bbox 3173 1333 3385 1394; x_wconf 87' lang='lat' dir='ltr'><strong>debere</strong></span> 
     </span>
     <span class='ocr_line' id='line_1_65' title="bbox 1821 1411 3378 1503; baseline -0.001 -21"><span class='ocrx_word' id='word_1_452' title='bbox 1821 1423 2078 1482; x_wconf 86' lang='lat' dir='ltr'><strong>ostendit</strong></span> <span class='ocrx_word' id='word_1_453' title='bbox 2106 1445 2119 1480; x_wconf 92' lang='lat'>:</span> <span class='ocrx_word' id='word_1_454' title='bbox 2145 1421 2372 1503; x_wconf 81' lang='grc' dir='ltr'><strong>κέντρων</strong></span> <span class='ocrx_word' id='word_1_455' title='bbox 2398 1421 2476 1480; x_wconf 77' lang='grc' dir='ltr'><strong>ὅτ’</strong></span> <span class='ocrx_word' id='word_1_456' title='bbox 2508 1420 2570 1480; x_wconf 70' lang='grc' dir='ltr'><strong>ἂν</strong></span> <span class='ocrx_word' id='word_1_457' title='bbox 2600 1411 2727 1480; x_wconf 68' lang='grc' dir='ltr'><strong>ὦσιν</strong></span> <span class='ocrx_word' id='word_1_458' title='bbox 2749 1420 2969 1489; x_wconf 70' lang='grc' dir='ltr'><strong>ἄνακτες</strong></span> <span class='ocrx_word' id='word_1_459' title='bbox 2988 1443 3049 1485; x_wconf 84' lang='lat' dir='ltr'><strong>v.</strong></span> <span class='ocrx_word' id='word_1_460' title='bbox 3079 1442 3155 1480; x_wconf 75' lang='lat' dir='ltr'><strong>aa</strong></span> <span class='ocrx_word' id='word_1_461' title='bbox 3198 1434 3258 1480; x_wconf 90' lang='lat' dir='ltr'><strong>et</strong></span> <span class='ocrx_word' id='word_1_462' title='bbox 3280 1425 3378 1481; x_wconf 92' lang='grc'><strong>66.</strong></span> 
     </span>
     <span class='ocr_line' id='line_1_66' title="bbox 1819 1509 3381 1590; baseline 0.001 -22"><span class='ocrx_word' id='word_1_463' title='bbox 1819 1510 2180 1590; x_wconf 66' lang='grc' dir='ltr'><strong>παρέχουσιν.</strong></span> <span class='ocrx_word' id='word_1_464' title='bbox 2212 1531 2282 1587; x_wconf 87' lang='lat'><strong>19</strong></span> <span class='ocrx_word' id='word_1_465' title='bbox 2302 1522 2359 1569; x_wconf 87' lang='lat' dir='ltr'><strong>et</strong></span> <span class='ocrx_word' id='word_1_466' title='bbox 2381 1531 2476 1584; x_wconf 78' lang='lat'><strong>72.</strong></span> <span class='ocrx_word' id='word_1_467' title='bbox 2501 1509 2703 1590; x_wconf 77' lang='grc' dir='ltr'><strong>ῥέξουσι</strong></span> <span class='ocrx_word' id='word_1_468' title='bbox 2725 1531 2784 1570; x_wconf 78' lang='lat' dir='ltr'><strong>v.</strong></span> <span class='ocrx_word' id='word_1_469' title='bbox 2812 1513 2911 1586; x_wconf 78' lang='lat'><strong>23,</strong></span> <span class='ocrx_word' id='word_1_470' title='bbox 2935 1511 3013 1570; x_wconf 87' lang='lat'><strong>68</strong></span> <span class='ocrx_word' id='word_1_471' title='bbox 3040 1523 3099 1568; x_wconf 85' lang='lat' dir='ltr'><strong>et</strong></span> <span class='ocrx_word' id='word_1_472' title='bbox 3132 1510 3265 1583; x_wconf 82' lang='lat'>1813</span> <span class='ocrx_word' id='word_1_473' title='bbox 3283 1531 3381 1570; x_wconf 89' lang='lat' dir='ltr'><strong>co-</strong></span> 
     </span>
     <span class='ocr_line' id='line_1_67' title="bbox 1821 1599 2735 1676; baseline 0.004 -20"><span class='ocrx_word' id='word_1_474' title='bbox 1821 1599 1975 1676; x_wconf 83' lang='lat' dir='ltr'><strong>pulae</strong></span> <span class='ocrx_word' id='word_1_475' title='bbox 1992 1599 2247 1658; x_wconf 83' lang='lat' dir='ltr'><strong>defectus</strong></span> <span class='ocrx_word' id='word_1_476' title='bbox 2270 1619 2329 1659; x_wconf 88' lang='lat' dir='ltr'><strong>v.</strong></span> <span class='ocrx_word' id='word_1_477' title='bbox 2355 1600 2455 1671; x_wconf 90' lang='grc'><strong>66,</strong></span> <span class='ocrx_word' id='word_1_478' title='bbox 2476 1617 2574 1671; x_wconf 88' lang='lat'><strong>70,</strong></span> <span class='ocrx_word' id='word_1_479' title='bbox 2604 1600 2735 1660; x_wconf 84' lang='lat'><strong>180.</strong></span> 
     </span>
    </p>

    <p class='ocr_par' dir='ltr' id='par_1_16' title="bbox 1819 1685 3388 2118">
     <span class='ocr_line' id='line_1_68' title="bbox 1900 1685 3384 1765; baseline 0.001 -21"><span class='ocrx_word' id='word_1_480' title='bbox 1900 1687 2086 1746; x_wconf 88' lang='lat' dir='ltr'><strong>Porro</strong></span> <span class='ocrx_word' id='word_1_481' title='bbox 2115 1690 2173 1758; x_wconf 86' lang='grc'><strong>4,</strong></span> <span class='ocrx_word' id='word_1_482' title='bbox 2204 1690 2303 1759; x_wconf 88' lang='grc'><strong>30,</strong></span> <span class='ocrx_word' id='word_1_483' title='bbox 2344 1692 2422 1747; x_wconf 91' lang='grc'><strong>42</strong></span> <span class='ocrx_word' id='word_1_484' title='bbox 2442 1685 2702 1765; x_wconf 83' lang='lat' dir='ltr'><strong>ejusdem</strong></span> <span class='ocrx_word' id='word_1_485' title='bbox 2732 1703 2859 1746; x_wconf 85' lang='lat' dir='ltr'><strong>esse</strong></span> <span class='ocrx_word' id='word_1_486' title='bbox 2885 1687 3161 1746; x_wconf 85' lang='lat' dir='ltr'><strong>evincunt</strong></span> <span class='ocrx_word' id='word_1_487' title='bbox 3176 1687 3384 1746; x_wconf 77' lang='grc' dir='ltr'><strong>πολλῶν</strong></span> 
     </span>
     <span class='ocr_line' id='line_1_69' title="bbox 1823 1769 3385 1853; baseline -0.001 -22"><span class='ocrx_word' id='word_1_488' title='bbox 1823 1772 1983 1841; x_wconf 75' lang='grc' dir='ltr'><strong>αἴτιός</strong></span> <span class='ocrx_word' id='word_1_489' title='bbox 2000 1777 2137 1833; x_wconf 75' lang='grc' dir='ltr'><strong>ἐστιν</strong></span> <span class='ocrx_word' id='word_1_490' title='bbox 2151 1777 2205 1832; x_wconf 77' lang='grc' dir='ltr'><strong>ἐν</strong></span> <span class='ocrx_word' id='word_1_491' title='bbox 2232 1772 2578 1853; x_wconf 76' lang='grc' dir='ltr'><strong>ἀνθρώποισιν</strong></span> <span class='ocrx_word' id='word_1_492' title='bbox 2592 1774 2751 1830; x_wconf 77' lang='grc' dir='ltr'><strong>ἀνιῶν</strong></span> <span class='ocrx_word' id='word_1_493' title='bbox 2764 1791 2824 1834; x_wconf 66' lang='grc' dir='ltr'><strong>τ’.</strong></span> <span class='ocrx_word' id='word_1_494' title='bbox 2857 1792 2922 1846; x_wconf 83' lang='grc'><strong>17</strong></span> <span class='ocrx_word' id='word_1_495' title='bbox 2935 1794 2965 1845; x_wconf 93' lang='lat'><strong>7</strong></span> <span class='ocrx_word' id='word_1_496' title='bbox 2990 1785 3051 1830; x_wconf 84' lang='lat' dir='ltr'><strong>et</strong></span> <span class='ocrx_word' id='word_1_497' title='bbox 3064 1769 3272 1832; x_wconf 68' lang='grc' dir='ltr'><strong>ἔσσεται</strong></span> <span class='ocrx_word' id='word_1_498' title='bbox 3296 1775 3385 1832; x_wconf 76' lang='grc' dir='ltr'><strong>ἀν·</strong></span> 
     </span>
     <span class='ocr_line' id='line_1_70' title="bbox 1825 1851 3384 1941; baseline -0.001 -21"><span class='ocrx_word' id='word_1_499' title='bbox 1825 1860 2049 1941; x_wconf 82' lang='grc' dir='ltr'><strong>θρώποις</strong></span> <span class='ocrx_word' id='word_1_500' title='bbox 2066 1864 2260 1920; x_wconf 78' lang='grc' dir='ltr'><strong>πολλοῦ</strong></span> <span class='ocrx_word' id='word_1_501' title='bbox 2283 1865 2447 1920; x_wconf 79' lang='grc' dir='ltr'><strong>κακοῦ</strong></span> <span class='ocrx_word' id='word_1_502' title='bbox 2464 1858 2623 1927; x_wconf 75' lang='grc' dir='ltr'><strong>αἴτιος</strong></span> <span class='ocrx_word' id='word_1_503' title='bbox 2642 1851 2789 1926; x_wconf 70' lang='grc' dir='ltr'><strong>οὗτος</strong></span> <span class='ocrx_word' id='word_1_504' title='bbox 2820 1859 2953 1919; x_wconf 81' lang='grc'><strong>355.</strong></span> <span class='ocrx_word' id='word_1_505' title='bbox 2975 1858 3145 1928; x_wconf 77' lang='grc' dir='ltr'><strong>λύπας</strong></span> <span class='ocrx_word' id='word_1_506' title='bbox 3174 1880 3237 1922; x_wconf 90' lang='lat' dir='ltr'><strong>v.</strong></span> <span class='ocrx_word' id='word_1_507' title='bbox 3274 1862 3384 1934; x_wconf 86' lang='lat'><strong>178</strong></span> 
     </span>
     <span class='ocr_line' id='line_1_71' title="bbox 1819 1946 3388 2030; baseline 0 -22"><span class='ocrx_word' id='word_1_508' title='bbox 1819 1964 1877 2008; x_wconf 89' lang='lat' dir='ltr'><strong>et</strong></span> <span class='ocrx_word' id='word_1_509' title='bbox 1901 1952 2035 2030; x_wconf 72' lang='lat'><strong>3563</strong></span> <span class='ocrx_word' id='word_1_510' title='bbox 2064 1948 2364 2008; x_wconf 79' lang='grc' dir='ltr'><strong>ἐποπτεύων</strong></span> <span class='ocrx_word' id='word_1_511' title='bbox 2384 1969 2446 2010; x_wconf 80' lang='lat' dir='ltr'><strong>v.</strong></span> <span class='ocrx_word' id='word_1_512' title='bbox 2478 1950 2552 2017; x_wconf 78' lang='lat'><strong>34</strong></span> <span class='ocrx_word' id='word_1_513' title='bbox 2576 1961 2634 2007; x_wconf 87' lang='lat' dir='ltr'><strong>et</strong></span> <span class='ocrx_word' id='word_1_514' title='bbox 2658 1946 3022 2015; x_wconf 60' lang='grc' dir='ltr'><strong>καταπτύσας</strong></span> <span class='ocrx_word' id='word_1_515' title='bbox 3046 1948 3181 2022; x_wconf 78' lang='grc'><strong>357.</strong></span> <span class='ocrx_word' id='word_1_516' title='bbox 3206 1949 3388 2017; x_wconf 72' lang='grc' dir='ltr'><strong>ἐσθλὸς</strong></span> 
     </span>
     <span class='ocr_line' id='line_1_72' title="bbox 1823 2037 2361 2118; baseline -0.002 -22"><span class='ocrx_word' id='word_1_517' title='bbox 1823 2037 1917 2118; x_wconf 84' lang='grc' dir='ltr'><strong>ἔφυ</strong></span> <span class='ocrx_word' id='word_1_518' title='bbox 1949 2060 2007 2098; x_wconf 83' lang='lat' dir='ltr'><strong>v.</strong></span> <span class='ocrx_word' id='word_1_519' title='bbox 2043 2039 2115 2096; x_wconf 84' lang='lat'><strong>36</strong></span> <span class='ocrx_word' id='word_1_520' title='bbox 2141 2052 2199 2096; x_wconf 89' lang='lat' dir='ltr'><strong>et</strong></span> <span class='ocrx_word' id='word_1_521' title='bbox 2224 2039 2361 2096; x_wconf 88' lang='grc'><strong>358.</strong></span> 
     </span>
    </p>

    <p class='ocr_par' dir='ltr' id='par_1_17' title="bbox 1821 2125 3387 2466">
     <span class='ocr_line' id='line_1_73' title="bbox 1904 2125 3387 2204; baseline 0.001 -21"><span class='ocrx_word' id='word_1_522' title='bbox 1904 2125 2057 2184; x_wconf 88' lang='lat' dir='ltr'><strong>Tum</strong></span> <span class='ocrx_word' id='word_1_523' title='bbox 2080 2125 2267 2204; x_wconf 84' lang='lat' dir='ltr'><strong>jungo</strong></span> <span class='ocrx_word' id='word_1_524' title='bbox 2294 2130 2334 2186; x_wconf 87' lang='grc'><strong>2</strong></span> <span class='ocrx_word' id='word_1_525' title='bbox 2377 2145 2509 2184; x_wconf 86' lang='lat' dir='ltr'><strong>cum</strong></span> <span class='ocrx_word' id='word_1_526' title='bbox 2538 2128 2575 2185; x_wconf 88' lang='grc'><strong>3</strong></span> <span class='ocrx_word' id='word_1_527' title='bbox 2620 2136 2679 2182; x_wconf 90' lang='lat' dir='ltr'><strong>et</strong></span> <span class='ocrx_word' id='word_1_528' title='bbox 2704 2135 2946 2202; x_wconf 87' lang='lat' dir='ltr'><strong>propter</strong></span> <span class='ocrx_word' id='word_1_529' title='bbox 2984 2141 3081 2182; x_wconf 86' lang='lat' dir='ltr'><strong>res</strong></span> <span class='ocrx_word' id='word_1_530' title='bbox 3110 2143 3387 2184; x_wconf 78' lang='lat' dir='ltr'><strong>venereas</strong></span> 
     </span>
     <span class='ocr_line' id='line_1_74' title="bbox 1823 2207 3386 2293; baseline 0.001 -23"><span class='ocrx_word' id='word_1_531' title='bbox 1823 2225 1880 2270; x_wconf 89' lang='lat' dir='ltr'><strong>et</strong></span> <span class='ocrx_word' id='word_1_532' title='bbox 1908 2227 2150 2292; x_wconf 83' lang='lat' dir='ltr'><strong>propter</strong></span> <span class='ocrx_word' id='word_1_533' title='bbox 2168 2211 2449 2293; x_wconf 84' lang='grc' dir='ltr'><strong>τέρπονται</strong></span> <span class='ocrx_word' id='word_1_534' title='bbox 2474 2210 2678 2270; x_wconf 82' lang='grc' dir='ltr'><strong>παίδων</strong></span> <span class='ocrx_word' id='word_1_535' title='bbox 2696 2207 2907 2290; x_wconf 77' lang='grc' dir='ltr'><strong>κύπριδι</strong></span> <span class='ocrx_word' id='word_1_536' title='bbox 2920 2229 2984 2272; x_wconf 79' lang='lat' dir='ltr'><strong>v.</strong></span> <span class='ocrx_word' id='word_1_537' title='bbox 3013 2211 3089 2269; x_wconf 74' lang='lat'><strong>25</strong></span> <span class='ocrx_word' id='word_1_538' title='bbox 3108 2223 3166 2270; x_wconf 88' lang='lat' dir='ltr'><strong>et</strong></span> <span class='ocrx_word' id='word_1_539' title='bbox 3184 2213 3386 2293; x_wconf 77' lang='grc' dir='ltr'><strong>ἄρσενι-</strong></span> 
     </span>
     <span class='ocr_line' id='line_1_75' title="bbox 1823 2299 3383 2382; baseline 0.002 -24"><span class='ocrx_word' id='word_1_540' title='bbox 1823 2305 1930 2365; x_wconf 78' lang='grc' dir='ltr'><strong>κοῖς</strong></span> <span class='ocrx_word' id='word_1_541' title='bbox 1954 2302 2119 2382; x_wconf 83' lang='grc' dir='ltr'><strong>ἔργοις</strong></span> <span class='ocrx_word' id='word_1_542' title='bbox 2146 2299 2427 2379; x_wconf 78' lang='grc' dir='ltr'><strong>τέρπεσθαι</strong></span> <span class='ocrx_word' id='word_1_543' title='bbox 2447 2321 2505 2362; x_wconf 88' lang='lat' dir='ltr'><strong>v.</strong></span> <span class='ocrx_word' id='word_1_544' title='bbox 2530 2301 2599 2358; x_wconf 82' lang='lat'><strong>31</strong></span> <span class='ocrx_word' id='word_1_545' title='bbox 2627 2319 2747 2378; x_wconf 84' lang='lat' dir='ltr'><strong>sq.;</strong></span> <span class='ocrx_word' id='word_1_546' title='bbox 2772 2318 2906 2358; x_wconf 85' lang='lat' dir='ltr'><strong>eum</strong></span> <span class='ocrx_word' id='word_1_547' title='bbox 2926 2301 2965 2360; x_wconf 93' lang='grc'><strong>7</strong></span> <span class='ocrx_word' id='word_1_548' title='bbox 2989 2313 3236 2379; x_wconf 86' lang='lat' dir='ltr'><strong>propter</strong></span> <span class='ocrx_word' id='word_1_549' title='bbox 3258 2303 3383 2361; x_wconf 82' lang='grc' dir='ltr'><strong>δυσ-</strong></span> 
     </span>
     <span class='ocr_line' id='line_1_76' title="bbox 1821 2387 2413 2466; baseline 0.002 -21"><span class='ocrx_word' id='word_1_550' title='bbox 1821 2387 2019 2466; x_wconf 80' lang='grc' dir='ltr'><strong>γαμίην</strong></span> <span class='ocrx_word' id='word_1_551' title='bbox 2038 2410 2095 2450; x_wconf 78' lang='lat' dir='ltr'><strong>v,</strong></span> <span class='ocrx_word' id='word_1_552' title='bbox 2129 2410 2201 2465; x_wconf 86' lang='lat'><strong>19</strong></span> <span class='ocrx_word' id='word_1_553' title='bbox 2224 2403 2281 2448; x_wconf 83' lang='lat' dir='ltr'><strong>et</strong></span> <span class='ocrx_word' id='word_1_554' title='bbox 2304 2390 2413 2462; x_wconf 74' lang='lat'><strong>465</strong></span> 
     </span>
    </p>

    <p class='ocr_par' dir='ltr' id='par_1_18' title="bbox 1822 2472 3387 2724">
     <span class='ocr_line' id='line_1_77' title="bbox 1905 2472 3384 2555; baseline -0.002 -20"><span class='ocrx_word' id='word_1_555' title='bbox 1905 2482 1938 2535; x_wconf 88' lang='grc'><strong>3</strong></span> <span class='ocrx_word' id='word_1_556' title='bbox 1967 2497 2099 2534; x_wconf 90' lang='lat' dir='ltr'><strong>cum</strong></span> <span class='ocrx_word' id='word_1_557' title='bbox 2145 2480 2220 2537; x_wconf 89' lang='grc'><strong>10</strong></span> <span class='ocrx_word' id='word_1_558' title='bbox 2250 2487 2490 2555; x_wconf 88' lang='lat' dir='ltr'><strong>propter</strong></span> <span class='ocrx_word' id='word_1_559' title='bbox 2527 2473 2782 2554; x_wconf 75' lang='grc' dir='ltr'><strong>κερόεσσα</strong></span> <span class='ocrx_word' id='word_1_560' title='bbox 2814 2472 2975 2546; x_wconf 80' lang='grc' dir='ltr'><strong>Μήνη</strong></span> <span class='ocrx_word' id='word_1_561' title='bbox 2998 2493 3059 2536; x_wconf 84' lang='lat' dir='ltr'><strong>v.</strong></span> <span class='ocrx_word' id='word_1_562' title='bbox 3087 2476 3163 2532; x_wconf 79' lang='lat'><strong>26</strong></span> <span class='ocrx_word' id='word_1_563' title='bbox 3192 2487 3250 2533; x_wconf 90' lang='lat' dir='ltr'><strong>et</strong></span> <span class='ocrx_word' id='word_1_564' title='bbox 3274 2476 3384 2549; x_wconf 75' lang='lat'><strong>643</strong></span> 
     </span>
     <span class='ocr_line' id='line_1_78' title="bbox 1824 2559 3387 2643; baseline 0 -22"><span class='ocrx_word' id='word_1_565' title='bbox 1824 2584 1959 2621; x_wconf 92' lang='lat' dir='ltr'><strong>cum</strong></span> <span class='ocrx_word' id='word_1_566' title='bbox 2008 2569 2085 2624; x_wconf 90' lang='grc'><strong>20</strong></span> <span class='ocrx_word' id='word_1_567' title='bbox 2130 2577 2372 2643; x_wconf 89' lang='lat' dir='ltr'><strong>propter</strong></span> <span class='ocrx_word' id='word_1_568' title='bbox 2404 2559 2749 2642; x_wconf 71' lang='grc' dir='ltr'><strong>γυναιμανίες</strong></span> <span class='ocrx_word' id='word_1_569' title='bbox 2782 2582 2846 2623; x_wconf 79' lang='lat' dir='ltr'><strong>v.</strong></span> <span class='ocrx_word' id='word_1_570' title='bbox 2900 2563 2973 2620; x_wconf 75' lang='lat'><strong>32</strong></span> <span class='ocrx_word' id='word_1_571' title='bbox 2999 2575 3060 2620; x_wconf 90' lang='lat' dir='ltr'><strong>et</strong></span> <span class='ocrx_word' id='word_1_572' title='bbox 3080 2562 3387 2639; x_wconf 69' lang='grc' dir='ltr'><strong>μαινόμενοι</strong></span> 
     </span>
     <span class='ocr_line' id='line_1_79' title="bbox 1822 2673 2061 2724; baseline 0.013 -16"><span class='ocrx_word' id='word_1_573' title='bbox 1822 2673 2061 2724; x_wconf 89' lang='lat' dir='ltr'><strong>v.111;</strong></span> 
     </span>
    </p>

    <p class='ocr_par' dir='ltr' id='par_1_19' title="bbox 1821 2735 3384 2989">
     <span class='ocr_line' id='line_1_80' title="bbox 1905 2735 3384 2819; baseline 0 -21"><span class='ocrx_word' id='word_1_574' title='bbox 1905 2745 1941 2798; x_wconf 88' lang='lat'><strong>7</strong></span> <span class='ocrx_word' id='word_1_575' title='bbox 1968 2761 2095 2798; x_wconf 90' lang='lat' dir='ltr'><strong>cum</strong></span> <span class='ocrx_word' id='word_1_576' title='bbox 2110 2744 2188 2800; x_wconf 91' lang='grc'><strong>20</strong></span> <span class='ocrx_word' id='word_1_577' title='bbox 2203 2751 2260 2798; x_wconf 89' lang='lat' dir='ltr'><strong>et</strong></span> <span class='ocrx_word' id='word_1_578' title='bbox 2278 2745 2345 2800; x_wconf 83' lang='grc'><strong>31</strong></span> <span class='ocrx_word' id='word_1_579' title='bbox 2375 2751 2618 2819; x_wconf 86' lang='lat' dir='ltr'><strong>propter</strong></span> <span class='ocrx_word' id='word_1_580' title='bbox 2632 2735 2812 2806; x_wconf 74' lang='grc' dir='ltr'><strong>πολιὸς</strong></span> <span class='ocrx_word' id='word_1_581' title='bbox 2829 2735 3027 2818; x_wconf 85' lang='grc' dir='ltr'><strong>Κρόνος</strong></span> <span class='ocrx_word' id='word_1_582' title='bbox 3038 2757 3102 2797; x_wconf 85' lang='lat' dir='ltr'><strong>v.</strong></span> <span class='ocrx_word' id='word_1_583' title='bbox 3131 2739 3226 2811; x_wconf 87' lang='grc'><strong>45,</strong></span> <span class='ocrx_word' id='word_1_584' title='bbox 3252 2741 3384 2813; x_wconf 83' lang='lat'><strong>108,</strong></span> 
     </span>
     <span class='ocr_line' id='line_1_81' title="bbox 1822 2817 3377 2906; baseline 0 -20"><span class='ocrx_word' id='word_1_585' title='bbox 1822 2842 1877 2886; x_wconf 90' lang='lat' dir='ltr'><strong>et</strong></span> <span class='ocrx_word' id='word_1_586' title='bbox 1909 2829 2049 2900; x_wconf 83' lang='lat'>180;</span> <span class='ocrx_word' id='word_1_587' title='bbox 2080 2848 2211 2886; x_wconf 91' lang='lat' dir='ltr'><strong>cum</strong></span> <span class='ocrx_word' id='word_1_588' title='bbox 2240 2832 2313 2887; x_wconf 93' lang='grc'><strong>10</strong></span> <span class='ocrx_word' id='word_1_589' title='bbox 2342 2838 2581 2906; x_wconf 83' lang='lat' dir='ltr'><strong>propter</strong></span> <span class='ocrx_word' id='word_1_590' title='bbox 2604 2825 2794 2897; x_wconf 77' lang='grc' dir='ltr'><strong>Μήνην</strong></span> <span class='ocrx_word' id='word_1_591' title='bbox 2818 2817 2923 2886; x_wconf 68' lang='grc' dir='ltr'><strong>εἶτ’</strong></span> <span class='ocrx_word' id='word_1_592' title='bbox 2950 2825 3014 2886; x_wconf 73' lang='grc' dir='ltr'><strong>ἂν</strong></span> <span class='ocrx_word' id='word_1_593' title='bbox 3035 2824 3189 2885; x_wconf 78' lang='grc' dir='ltr'><strong>ἴδωσι</strong></span> <span class='ocrx_word' id='word_1_594' title='bbox 3217 2847 3273 2885; x_wconf 80' lang='lat' dir='ltr'><strong>v.</strong></span> <span class='ocrx_word' id='word_1_595' title='bbox 3302 2829 3377 2898; x_wconf 84' lang='grc'><strong>43</strong></span> 
     </span>
     <span class='ocr_line' id='line_1_82' title="bbox 1821 2914 2789 2989; baseline 0.001 -15"><span class='ocrx_word' id='word_1_596' title='bbox 1821 2930 1878 2974; x_wconf 89' lang='lat' dir='ltr'><strong>et</strong></span> <span class='ocrx_word' id='word_1_597' title='bbox 1904 2915 1969 2987; x_wconf 79' lang='grc' dir='ltr'><strong>ἢν</strong></span> <span class='ocrx_word' id='word_1_598' title='bbox 1992 2950 2061 2960; x_wconf 75' lang='lat'><strong>--</strong></span> <span class='ocrx_word' id='word_1_599' title='bbox 2090 2914 2280 2987; x_wconf 81' lang='grc' dir='ltr'><strong>Μήνην</strong></span> <span class='ocrx_word' id='word_1_600' title='bbox 2307 2914 2581 2974; x_wconf 75' lang='grc' dir='ltr'><strong>ἐσίδωνται</strong></span> <span class='ocrx_word' id='word_1_601' title='bbox 2595 2935 2653 2974; x_wconf 79' lang='lat' dir='ltr'><strong>v.</strong></span> <span class='ocrx_word' id='word_1_602' title='bbox 2678 2916 2789 2989; x_wconf 71' lang='lat'><strong>643</strong></span> 
     </span>
    </p>

    <p class='ocr_par' dir='ltr' id='par_1_20' title="bbox 1821 2998 3383 3163">
     <span class='ocr_line' id='line_1_83' title="bbox 1905 2998 3383 3084; baseline -0.001 -21"><span class='ocrx_word' id='word_1_603' title='bbox 1905 3009 1979 3063; x_wconf 96' lang='grc'><strong>10</strong></span> <span class='ocrx_word' id='word_1_604' title='bbox 2007 3024 2137 3062; x_wconf 90' lang='lat' dir='ltr'><strong>cum</strong></span> <span class='ocrx_word' id='word_1_605' title='bbox 2170 3007 2244 3064; x_wconf 89' lang='grc'><strong>32</strong></span> <span class='ocrx_word' id='word_1_606' title='bbox 2278 3015 2517 3081; x_wconf 85' lang='lat' dir='ltr'><strong>propter</strong></span> <span class='ocrx_word' id='word_1_607' title='bbox 2549 3000 2743 3075; x_wconf 79' lang='grc' dir='ltr'><strong>Μήνην</strong></span> <span class='ocrx_word' id='word_1_608' title='bbox 2774 2998 3177 3084; x_wconf 72' lang='grc' dir='ltr'><strong>φωσφορέουσαν</strong></span> <span class='ocrx_word' id='word_1_609' title='bbox 3214 3024 3272 3064; x_wconf 82' lang='lat' dir='ltr'><strong>v.</strong></span> <span class='ocrx_word' id='word_1_610' title='bbox 3307 3003 3383 3061; x_wconf 90' lang='grc'><strong>65</strong></span> 
     </span>
     <span class='ocr_line' id='line_1_84' title="bbox 1821 3093 2055 3163; baseline -0.009 -13"><span class='ocrx_word' id='word_1_611' title='bbox 1821 3105 1880 3150; x_wconf 87' lang='lat' dir='ltr'><strong>et</strong></span> <span class='ocrx_word' id='word_1_612' title='bbox 1910 3093 2055 3163; x_wconf 77' lang='lat'>1863</span> 
     </span>
    </p>

    <p class='ocr_par' dir='ltr' id='par_1_21' title="bbox 1910 3178 3383 3259">
     <span class='ocr_line' id='line_1_85' title="bbox 1910 3178 3383 3259; baseline -0.002 -21"><span class='ocrx_word' id='word_1_613' title='bbox 1910 3184 1973 3239; x_wconf 87' lang='lat'><strong>11</strong></span> <span class='ocrx_word' id='word_1_614' title='bbox 2008 3200 2137 3237; x_wconf 91' lang='lat' dir='ltr'><strong>cum</strong></span> <span class='ocrx_word' id='word_1_615' title='bbox 2163 3184 2241 3238; x_wconf 91' lang='grc'><strong>20</strong></span> <span class='ocrx_word' id='word_1_616' title='bbox 2270 3191 2508 3257; x_wconf 85' lang='lat' dir='ltr'><strong>propter</strong></span> <span class='ocrx_word' id='word_1_617' title='bbox 2530 3178 2765 3259; x_wconf 79' lang='grc' dir='ltr'><strong>συναφῆν</strong></span> <span class='ocrx_word' id='word_1_618' title='bbox 2779 3199 2842 3239; x_wconf 86' lang='lat' dir='ltr'><strong>v.</strong></span> <span class='ocrx_word' id='word_1_619' title='bbox 2870 3186 2940 3252; x_wconf 80' lang='grc'><strong>74</strong></span> <span class='ocrx_word' id='word_1_620' title='bbox 2958 3192 3017 3236; x_wconf 86' lang='lat' dir='ltr'><strong>et</strong></span> <span class='ocrx_word' id='word_1_621' title='bbox 3045 3179 3186 3248; x_wconf 81' lang='lat'>108;</span> <span class='ocrx_word' id='word_1_622' title='bbox 3378 3240 3383 3243; x_wconf 64' lang='grc'><strong>,</strong></span> 
     </span>
    </p>

    <p class='ocr_par' dir='ltr' id='par_1_22' title="bbox 1826 3264 3387 3426">
     <span class='ocr_line' id='line_1_86' title="bbox 1904 3264 3387 3345; baseline 0.001 -18"><span class='ocrx_word' id='word_1_623' title='bbox 1904 3272 1982 3327; x_wconf 90' lang='grc'><strong>20</strong></span> <span class='ocrx_word' id='word_1_624' title='bbox 2021 3288 2151 3325; x_wconf 90' lang='lat' dir='ltr'><strong>cum</strong></span> <span class='ocrx_word' id='word_1_625' title='bbox 2186 3270 2261 3325; x_wconf 88' lang='grc'><strong>36</strong></span> <span class='ocrx_word' id='word_1_626' title='bbox 2298 3278 2540 3345; x_wconf 87' lang='lat' dir='ltr'><strong>propter</strong></span> <span class='ocrx_word' id='word_1_627' title='bbox 2571 3264 2710 3336; x_wconf 70' lang='grc' dir='ltr'><strong>κακὴ</strong></span> <span class='ocrx_word' id='word_1_628' title='bbox 2749 3266 2886 3325; x_wconf 80' lang='grc' dir='ltr'><strong>κατὰ</strong></span> <span class='ocrx_word' id='word_1_629' title='bbox 2920 3265 3096 3325; x_wconf 78' lang='grc' dir='ltr'><strong>πάντα</strong></span> <span class='ocrx_word' id='word_1_630' title='bbox 3143 3264 3387 3327; x_wconf 82' lang='grc' dir='ltr'><strong>τέτυκται</strong></span> 
     </span>
     <span class='ocr_line' id='line_1_87' title="bbox 1826 3353 2450 3426; baseline -0.003 -15"><span class='ocrx_word' id='word_1_631' title='bbox 1826 3376 1887 3415; x_wconf 89' lang='lat' dir='ltr'><strong>v.</strong></span> <span class='ocrx_word' id='word_1_632' title='bbox 1928 3375 2059 3426; x_wconf 84' lang='lat'><strong>107,</strong></span> <span class='ocrx_word' id='word_1_633' title='bbox 2087 3356 2202 3421; x_wconf 76' lang='lat'><strong>246</strong></span> <span class='ocrx_word' id='word_1_634' title='bbox 2222 3365 2279 3410; x_wconf 89' lang='lat' dir='ltr'><strong>et</strong></span> <span class='ocrx_word' id='word_1_635' title='bbox 2304 3353 2450 3426; x_wconf 79' lang='lat'><strong>2573</strong></span> 
     </span>
    </p>

    <p class='ocr_par' dir='ltr' id='par_1_23' title="bbox 1909 3440 3238 3518">
     <span class='ocr_line' id='line_1_88' title="bbox 1909 3440 3238 3518; baseline -0.001 -16"><span class='ocrx_word' id='word_1_636' title='bbox 1909 3446 1977 3502; x_wconf 89' lang='grc'><strong>31</strong></span> <span class='ocrx_word' id='word_1_637' title='bbox 2008 3461 2137 3499; x_wconf 89' lang='lat' dir='ltr'><strong>cum</strong></span> <span class='ocrx_word' id='word_1_638' title='bbox 2162 3446 2236 3501; x_wconf 89' lang='lat'><strong>35</strong></span> <span class='ocrx_word' id='word_1_639' title='bbox 2261 3454 2503 3518; x_wconf 87' lang='lat' dir='ltr'><strong>propter</strong></span> <span class='ocrx_word' id='word_1_640' title='bbox 2517 3460 2579 3499; x_wconf 85' lang='lat' dir='ltr'><strong>v.</strong></span> <span class='ocrx_word' id='word_1_641' title='bbox 2610 3441 2719 3498; x_wconf 89' lang='grc'><strong>183</strong></span> <span class='ocrx_word' id='word_1_642' title='bbox 2741 3452 2798 3497; x_wconf 89' lang='lat' dir='ltr'><strong>et</strong></span> <span class='ocrx_word' id='word_1_643' title='bbox 2818 3440 2934 3497; x_wconf 73' lang='lat'><strong>228</strong></span> <span class='ocrx_word' id='word_1_644' title='bbox 2953 3440 3199 3499; x_wconf 86' lang='lat' dir='ltr'><strong>eundem</strong></span> <span class='ocrx_word' id='word_1_645' title='bbox 3222 3460 3238 3502; x_wconf 75' lang='grc' dir='ltr'><strong><em>ε</em></strong></span> 
     </span>
    </p>
   </div>
   <div class='ocr_carea' id='block_1_8' title="bbox 1908 3550 3395 3729">
    <p class='ocr_par' dir='ltr' id='par_1_24' title="bbox 1908 3550 3395 3729">
     <span class='ocr_line' id='line_1_89' title="bbox 1950 3550 3035 3617; baseline -0.003 -13"><span class='ocrx_word' id='word_1_646' title='bbox 1950 3554 2138 3617; x_wconf 76' lang='grc' dir='ltr'><strong>πλούτῳ</strong></span> <span class='ocrx_word' id='word_1_647' title='bbox 2159 3553 2426 3616; x_wconf 74' lang='grc' dir='ltr'><strong>τιμήεντα-ς,</strong></span> <span class='ocrx_word' id='word_1_648' title='bbox 2444 3552 2679 3615; x_wconf 74' lang='grc' dir='ltr'><strong>ἀγακλὲας</strong></span> <span class='ocrx_word' id='word_1_649' title='bbox 2707 3550 3035 3613; x_wconf 77' lang='grc' dir='ltr'><strong>ἀνθρώποισιν.</strong></span> 
     </span>
     <span class='ocr_line' id='line_1_90' title="bbox 1908 3642 3395 3729; baseline -0.002 -16"><span class='ocrx_word' id='word_1_650' title='bbox 1908 3657 1975 3713; x_wconf 90' lang='grc'><strong>31</strong></span> <span class='ocrx_word' id='word_1_651' title='bbox 2008 3672 2139 3710; x_wconf 90' lang='lat' dir='ltr'><strong>cum</strong></span> <span class='ocrx_word' id='word_1_652' title='bbox 2170 3656 2247 3712; x_wconf 89' lang='grc'><strong>32</strong></span> <span class='ocrx_word' id='word_1_653' title='bbox 2274 3663 2515 3729; x_wconf 82' lang='lat' dir='ltr'><strong>propter</strong></span> <span class='ocrx_word' id='word_1_654' title='bbox 2542 3650 2588 3707; x_wconf 67' lang='lat' dir='ltr'><strong>:t</strong></span> <span class='ocrx_word' id='word_1_655' title='bbox 2626 3647 2679 3706; x_wconf 83' lang='grc' dir='ltr'><strong>δὲ</strong></span> <span class='ocrx_word' id='word_1_656' title='bbox 2714 3644 2844 3714; x_wconf 68' lang='grc' dir='ltr'><strong>Ζεὺς</strong></span> <span class='ocrx_word' id='word_1_657' title='bbox 2876 3642 3037 3707; x_wconf 76' lang='grc' dir='ltr'><strong>ἒσίδοι</strong></span> <span class='ocrx_word' id='word_1_658' title='bbox 3063 3669 3125 3709; x_wconf 89' lang='lat' dir='ltr'><strong>v.</strong></span> <span class='ocrx_word' id='word_1_659' title='bbox 3170 3650 3281 3707; x_wconf 77' lang='lat'><strong>182</strong></span> <span class='ocrx_word' id='word_1_660' title='bbox 3334 3663 3395 3710; x_wconf 82' lang='lat' dir='ltr'><strong>et</strong></span> 
     </span>
    </p>
   </div>
   <div class='ocr_carea' id='block_1_9' title="bbox 1827 3751 3395 5043">
    <p class='ocr_par' dir='ltr' id='par_1_25' title="bbox 1833 3751 1961 3810">
     <span class='ocr_line' id='line_1_91' title="bbox 1833 3751 1961 3810; baseline 0.016 -13"><span class='ocrx_word' id='word_1_661' title='bbox 1833 3762 1856 3797; x_wconf 93' lang='lat'>1</span> <span class='ocrx_word' id='word_1_662' title='bbox 1908 3751 1961 3810; x_wconf 87' lang='grc'><strong>4.</strong></span> 
     </span>
    </p>

    <p class='ocr_par' dir='ltr' id='par_1_26' title="bbox 1827 3763 3395 5043">
     <span class='ocr_line' id='line_1_92' title="bbox 1865 3763 3391 3904; baseline -0.003 -15"><span class='ocrx_word' id='word_1_663' title='bbox 1865 3763 2061 3889; x_wconf 75' lang='grc' dir='ltr'><strong>9Ηίηο</strong></span> <span class='ocrx_word' id='word_1_664' title='bbox 2100 3830 2269 3887; x_wconf 88' lang='lat' dir='ltr'><strong>litera</strong></span> <span class='ocrx_word' id='word_1_665' title='bbox 2313 3829 2362 3885; x_wconf 72' lang='lat' dir='ltr'>A</span> <span class='ocrx_word' id='word_1_666' title='bbox 2392 3828 2635 3904; x_wconf 88' lang='lat' dir='ltr'><strong>insuper</strong></span> <span class='ocrx_word' id='word_1_667' title='bbox 2659 3824 2999 3884; x_wconf 89' lang='lat' dir='ltr'><strong>instruenda</strong></span> <span class='ocrx_word' id='word_1_668' title='bbox 3038 3839 3203 3885; x_wconf 85' lang='lat' dir='ltr'><strong>erant</strong></span> <span class='ocrx_word' id='word_1_669' title='bbox 3228 3827 3391 3904; x_wconf 66' lang='lat' dir='ltr'><strong>„frag-</strong></span> 
     </span>
     <span class='ocr_line' id='line_1_93' title="bbox 1827 3912 3394 3988; baseline -0.001 -11"><span class='ocrx_word' id='word_1_670' title='bbox 1827 3932 2021 3977; x_wconf 86' lang='lat' dir='ltr'><strong>menta</strong></span> <span class='ocrx_word' id='word_1_671' title='bbox 2048 3922 2107 3987; x_wconf 86' lang='grc'><strong>2,</strong></span> <span class='ocrx_word' id='word_1_672' title='bbox 2132 3920 2192 3987; x_wconf 92' lang='grc'><strong>3,</strong></span> <span class='ocrx_word' id='word_1_673' title='bbox 2220 3920 2281 3986; x_wconf 89' lang='grc'><strong>7,</strong></span> <span class='ocrx_word' id='word_1_674' title='bbox 2302 3918 2401 3984; x_wconf 89' lang='grc'><strong>10,</strong></span> <span class='ocrx_word' id='word_1_675' title='bbox 2426 3918 2522 3985; x_wconf 89' lang='grc'><strong>11,</strong></span> <span class='ocrx_word' id='word_1_676' title='bbox 2549 3917 2649 3988; x_wconf 87' lang='grc'><strong>20,</strong></span> <span class='ocrx_word' id='word_1_677' title='bbox 2674 3917 2774 3983; x_wconf 86' lang='grc'><strong>21,</strong></span> <span class='ocrx_word' id='word_1_678' title='bbox 2796 3916 2898 3984; x_wconf 88' lang='grc'><strong>27,</strong></span> <span class='ocrx_word' id='word_1_679' title='bbox 2924 3916 3021 3983; x_wconf 91' lang='grc'><strong>31,</strong></span> <span class='ocrx_word' id='word_1_680' title='bbox 3050 3917 3149 3985; x_wconf 88' lang='grc'><strong>35,</strong></span> <span class='ocrx_word' id='word_1_681' title='bbox 3176 3917 3274 3973; x_wconf 90' lang='grc'><strong>37.</strong></span> <span class='ocrx_word' id='word_1_682' title='bbox 3304 3912 3394 3975; x_wconf 80' lang='lat' dir='ltr'><strong>Ex</strong></span> 
     </span>
     <span class='ocr_line' id='line_1_94' title="bbox 1827 3997 3392 4081; baseline -0.004 -16"><span class='ocrx_word' id='word_1_683' title='bbox 1827 4007 1927 4077; x_wconf 90' lang='lat' dir='ltr'><strong>iis,</strong></span> <span class='ocrx_word' id='word_1_684' title='bbox 1940 4024 2071 4081; x_wconf 84' lang='lat' dir='ltr'><strong>quae</strong></span> <span class='ocrx_word' id='word_1_685' title='bbox 2086 4015 2323 4073; x_wconf 87' lang='lat' dir='ltr'><strong>restant,</strong></span> <span class='ocrx_word' id='word_1_686' title='bbox 2340 4003 2510 4059; x_wconf 88' lang='lat' dir='ltr'><strong>etiam</strong></span> <span class='ocrx_word' id='word_1_687' title='bbox 2531 4004 2558 4059; x_wconf 83' lang='lat'>1</span> <span class='ocrx_word' id='word_1_688' title='bbox 2570 4005 2604 4060; x_wconf 89' lang='grc'><strong>3</strong></span> <span class='ocrx_word' id='word_1_689' title='bbox 2622 4012 2681 4058; x_wconf 91' lang='lat' dir='ltr'><strong>et</strong></span> <span class='ocrx_word' id='word_1_690' title='bbox 2697 4003 2777 4059; x_wconf 85' lang='grc'><strong>28</strong></span> <span class='ocrx_word' id='word_1_691' title='bbox 2787 3997 3019 4057; x_wconf 84' lang='lat' dir='ltr'><strong>dicendi</strong></span> <span class='ocrx_word' id='word_1_692' title='bbox 3034 4000 3392 4067; x_wconf 81' lang='lat' dir='ltr'><strong>ratione‚non</strong></span> 
     </span>
     <span class='ocr_line' id='line_1_95' title="bbox 1829 4087 3391 4164; baseline -0.003 -13"><span class='ocrx_word' id='word_1_693' title='bbox 1829 4092 2123 4151; x_wconf 87' lang='lat' dir='ltr'><strong>absimilia</strong></span> <span class='ocrx_word' id='word_1_694' title='bbox 2146 4088 2519 4159; x_wconf 81' lang='lat' dir='ltr'><strong>videbantur,</strong></span> <span class='ocrx_word' id='word_1_695' title='bbox 2540 4106 2731 4164; x_wconf 87' lang='lat' dir='ltr'><strong>neque</strong></span> <span class='ocrx_word' id='word_1_696' title='bbox 2757 4090 2855 4158; x_wconf 89' lang='grc'><strong>15,</strong></span> <span class='ocrx_word' id='word_1_697' title='bbox 2886 4091 2963 4146; x_wconf 88' lang='grc'><strong>23</strong></span> <span class='ocrx_word' id='word_1_698' title='bbox 2994 4088 3193 4163; x_wconf 84' lang='lat' dir='ltr'><strong>(quod</strong></span> <span class='ocrx_word' id='word_1_699' title='bbox 3214 4087 3285 4146; x_wconf 79' lang='lat' dir='ltr'><strong>ad</strong></span> <span class='ocrx_word' id='word_1_700' title='bbox 3315 4092 3391 4149; x_wconf 90' lang='grc'><strong>10</strong></span> 
     </span>
     <span class='ocr_line' id='line_1_96' title="bbox 1829 4174 3390 4254; baseline -0.003 -16"><span class='ocrx_word' id='word_1_701' title='bbox 1829 4181 2079 4237; x_wconf 80' lang='lat' dir='ltr'><strong>maxime</strong></span> <span class='ocrx_word' id='word_1_702' title='bbox 2113 4177 2333 4235; x_wconf 85' lang='lat' dir='ltr'><strong>accedit</strong></span> <span class='ocrx_word' id='word_1_703' title='bbox 2350 4174 2389 4254; x_wconf 88' lang='lat'><strong>).</strong></span> <span class='ocrx_word' id='word_1_704' title='bbox 2414 4175 2609 4244; x_wconf 82' lang='lat' dir='ltr'><strong>Quare</strong></span> <span class='ocrx_word' id='word_1_705' title='bbox 2635 4188 2692 4233; x_wconf 90' lang='lat' dir='ltr'><strong>et</strong></span> <span class='ocrx_word' id='word_1_706' title='bbox 2712 4174 2837 4233; x_wconf 80' lang='lat' dir='ltr'><strong>haec</strong></span> <span class='ocrx_word' id='word_1_707' title='bbox 2863 4174 3053 4232; x_wconf 88' lang='lat' dir='ltr'><strong>eidem</strong></span> <span class='ocrx_word' id='word_1_708' title='bbox 3080 4176 3261 4234; x_wconf 71' lang='lat' dir='ltr'><strong>literae</strong></span> <span class='ocrx_word' id='word_1_709' title='bbox 3287 4176 3390 4234; x_wconf 90' lang='lat' dir='ltr'><strong>ad·</strong></span> 
     </span>
     <span class='ocr_line' id='line_1_97' title="bbox 1829 4261 3391 4346; baseline -0.003 -19"><span class='ocrx_word' id='word_1_710' title='bbox 1829 4269 2061 4346; x_wconf 86' lang='lat' dir='ltr'><strong>scripsi.</strong></span> <span class='ocrx_word' id='word_1_711' title='bbox 2094 4266 2307 4323; x_wconf 86' lang='lat' dir='ltr'><strong>Contra</strong></span> <span class='ocrx_word' id='word_1_712' title='bbox 2325 4277 2523 4341; x_wconf 86' lang='lat' dir='ltr'><strong>aperte</strong></span> <span class='ocrx_word' id='word_1_713' title='bbox 2544 4263 2692 4320; x_wconf 84' lang='lat' dir='ltr'><strong>alius</strong></span> <span class='ocrx_word' id='word_1_714' title='bbox 2711 4281 2952 4341; x_wconf 85' lang='lat' dir='ltr'><strong>prorsus</strong></span> <span class='ocrx_word' id='word_1_715' title='bbox 2970 4261 3113 4321; x_wconf 84' lang='lat' dir='ltr'><strong>artis</strong></span> <span class='ocrx_word' id='word_1_716' title='bbox 3145 4263 3391 4322; x_wconf 84' lang='lat' dir='ltr'><strong>indolis-</strong></span> 
     </span>
     <span class='ocr_line' id='line_1_98' title="bbox 1829 4348 3392 4432; baseline -0.002 -19"><span class='ocrx_word' id='word_1_717' title='bbox 1829 4374 1944 4432; x_wconf 90' lang='lat' dir='ltr'><strong>que</strong></span> <span class='ocrx_word' id='word_1_718' title='bbox 1962 4366 2098 4413; x_wconf 86' lang='lat' dir='ltr'><strong>sunt</strong></span> <span class='ocrx_word' id='word_1_719' title='bbox 2124 4358 2203 4413; x_wconf 85' lang='grc'><strong>25</strong></span> <span class='ocrx_word' id='word_1_720' title='bbox 2230 4365 2287 4410; x_wconf 89' lang='lat' dir='ltr'><strong>et</strong></span> <span class='ocrx_word' id='word_1_721' title='bbox 2317 4357 2416 4423; x_wconf 89' lang='lat'><strong>33,</strong></span> <span class='ocrx_word' id='word_1_722' title='bbox 2442 4351 2515 4409; x_wconf 89' lang='lat' dir='ltr'><strong>de</strong></span> <span class='ocrx_word' id='word_1_723' title='bbox 2533 4348 2747 4428; x_wconf 77' lang='lat' dir='ltr'><strong>quibus</strong></span> <span class='ocrx_word' id='word_1_724' title='bbox 2771 4370 2951 4429; x_wconf 88' lang='lat' dir='ltr'><strong>supra</strong></span> <span class='ocrx_word' id='word_1_725' title='bbox 2972 4350 3215 4423; x_wconf 83' lang='lat' dir='ltr'><strong>dictum,</strong></span> <span class='ocrx_word' id='word_1_726' title='bbox 3243 4370 3392 4428; x_wconf 82' lang='lat' dir='ltr'><strong>quas</strong></span> 
     </span>
     <span class='ocr_line' id='line_1_99' title="bbox 1828 4436 3394 4518; baseline 0 -21"><span class='ocrx_word' id='word_1_727' title='bbox 1828 4441 1995 4499; x_wconf 88' lang='lat' dir='ltr'><strong>litera</strong></span> <span class='ocrx_word' id='word_1_728' title='bbox 2016 4441 2065 4518; x_wconf 66' lang='lat' dir='ltr'>B</span> <span class='ocrx_word' id='word_1_729' title='bbox 2094 4439 2402 4513; x_wconf 82' lang='lat' dir='ltr'><strong>insignivi3</strong></span> <span class='ocrx_word' id='word_1_730' title='bbox 2435 4457 2622 4515; x_wconf 88' lang='lat' dir='ltr'><strong>neque</strong></span> <span class='ocrx_word' id='word_1_731' title='bbox 2668 4438 2912 4496; x_wconf 82' lang='lat' dir='ltr'><strong>frustula</strong></span> <span class='ocrx_word' id='word_1_732' title='bbox 2952 4436 3095 4496; x_wconf 87' lang='lat' dir='ltr'><strong>libri</strong></span> <span class='ocrx_word' id='word_1_733' title='bbox 3122 4436 3221 4511; x_wconf 82' lang='lat' dir='ltr'><strong>lv,</strong></span> <span class='ocrx_word' id='word_1_734' title='bbox 3262 4458 3394 4516; x_wconf 73' lang='lat' dir='ltr'><strong>quae</strong></span> 
     </span>
     <span class='ocr_line' id='line_1_100' title="bbox 1831 4524 3395 4603; baseline -0.003 -15"><span class='ocrx_word' id='word_1_735' title='bbox 1831 4548 2074 4588; x_wconf 88' lang='lat' dir='ltr'><strong>numero</strong></span> <span class='ocrx_word' id='word_1_736' title='bbox 2110 4532 2187 4587; x_wconf 83' lang='lat'><strong>39</strong></span> <span class='ocrx_word' id='word_1_737' title='bbox 2219 4524 2664 4603; x_wconf 88' lang='lat' dir='ltr'><strong>comprehendi,</strong></span> <span class='ocrx_word' id='word_1_738' title='bbox 2696 4526 2873 4583; x_wconf 87' lang='lat' dir='ltr'><strong>ullam</strong></span> <span class='ocrx_word' id='word_1_739' title='bbox 2903 4544 3035 4583; x_wconf 87' lang='lat' dir='ltr'><strong>cum</strong></span> <span class='ocrx_word' id='word_1_740' title='bbox 3058 4526 3151 4584; x_wconf 85' lang='lat' dir='ltr'><strong>his</strong></span> <span class='ocrx_word' id='word_1_741' title='bbox 3177 4524 3395 4584; x_wconf 80' lang='lat' dir='ltr'><strong>babent</strong></span> 
     </span>
     <span class='ocr_line' id='line_1_101' title="bbox 1832 4613 3386 4691; baseline -0.002 -16"><span class='ocrx_word' id='word_1_742' title='bbox 1832 4619 2255 4691; x_wconf 81' lang='lat' dir='ltr'><strong>cognationem.</strong></span> <span class='ocrx_word' id='word_1_743' title='bbox 2302 4613 2415 4671; x_wconf 90' lang='lat' dir='ltr'><strong>Sed</strong></span> <span class='ocrx_word' id='word_1_744' title='bbox 2460 4614 2633 4671; x_wconf 87' lang='lat' dir='ltr'><strong>etiam</strong></span> <span class='ocrx_word' id='word_1_745' title='bbox 2685 4614 2797 4671; x_wconf 82' lang='lat' dir='ltr'><strong>tria</strong></span> <span class='ocrx_word' id='word_1_746' title='bbox 2834 4613 2942 4671; x_wconf 88' lang='lat' dir='ltr'><strong>illa</strong></span> <span class='ocrx_word' id='word_1_747' title='bbox 2970 4614 3231 4689; x_wconf 85' lang='lat' dir='ltr'><strong>segmina</strong></span> <span class='ocrx_word' id='word_1_748' title='bbox 3249 4655 3267 4684; x_wconf 92' lang='lat'><strong><em>‚</em></strong></span> <span class='ocrx_word' id='word_1_749' title='bbox 3322 4617 3386 4688; x_wconf 82' lang='grc'><strong>4,</strong></span> 
     </span>
     <span class='ocr_line' id='line_1_102' title="bbox 1833 4700 3388 4778; baseline -0.003 -14"><span class='ocrx_word' id='word_1_750' title='bbox 1833 4709 1931 4773; x_wconf 89' lang='grc'><strong>30,</strong></span> <span class='ocrx_word' id='word_1_751' title='bbox 1973 4708 2072 4773; x_wconf 85' lang='grc'><strong>42,</strong></span> <span class='ocrx_word' id='word_1_752' title='bbox 2119 4700 2192 4759; x_wconf 90' lang='lat' dir='ltr'><strong>ad</strong></span> <span class='ocrx_word' id='word_1_753' title='bbox 2233 4702 2413 4758; x_wconf 87' lang='lat' dir='ltr'><strong>alium</strong></span> <span class='ocrx_word' id='word_1_754' title='bbox 2460 4712 2689 4778; x_wconf 88' lang='lat' dir='ltr'><strong>poetam</strong></span> <span class='ocrx_word' id='word_1_755' title='bbox 2726 4702 3021 4778; x_wconf 87' lang='lat' dir='ltr'><strong>pertinere</strong></span> <span class='ocrx_word' id='word_1_756' title='bbox 3076 4700 3388 4775; x_wconf 79' lang='lat' dir='ltr'><strong>videntur3</strong></span> 
     </span>
     <span class='ocr_line' id='line_1_103' title="bbox 1832 4786 3393 4869; baseline -0.001 -20"><span class='ocrx_word' id='word_1_757' title='bbox 1832 4810 2012 4869; x_wconf 88' lang='lat' dir='ltr'><strong>quare</strong></span> <span class='ocrx_word' id='word_1_758' title='bbox 2035 4792 2109 4848; x_wconf 89' lang='lat' dir='ltr'><strong>iis</strong></span> <span class='ocrx_word' id='word_1_759' title='bbox 2132 4790 2359 4847; x_wconf 83' lang='lat' dir='ltr'><strong>literam</strong></span> <span class='ocrx_word' id='word_1_760' title='bbox 2375 4786 2420 4845; x_wconf 93' lang='lat' dir='ltr'>C</span> <span class='ocrx_word' id='word_1_761' title='bbox 2443 4788 2797 4865; x_wconf 56' lang='lat' dir='ltr'><strong>praescripsi.</strong></span> <span class='ocrx_word' id='word_1_762' title='bbox 2820 4788 3087 4864; x_wconf 83' lang='lat' dir='ltr'><strong>Denique</strong></span> <span class='ocrx_word' id='word_1_763' title='bbox 3105 4800 3165 4846; x_wconf 90' lang='lat' dir='ltr'><strong>et</strong></span> <span class='ocrx_word' id='word_1_764' title='bbox 3184 4808 3393 4848; x_wconf 83' lang='lat' dir='ltr'><strong>versus</strong></span> 
     </span>
     <span class='ocr_line' id='line_1_104' title="bbox 1831 4875 3387 4954; baseline -0.003 -17"><span class='ocrx_word' id='word_1_765' title='bbox 1831 4878 1941 4937; x_wconf 90' lang='lat' dir='ltr'><strong>sub</strong></span> <span class='ocrx_word' id='word_1_766' title='bbox 1961 4883 2031 4938; x_wconf 88' lang='grc'><strong>19</strong></span> <span class='ocrx_word' id='word_1_767' title='bbox 2051 4891 2108 4935; x_wconf 89' lang='lat' dir='ltr'><strong>et</strong></span> <span class='ocrx_word' id='word_1_768' title='bbox 2128 4882 2205 4937; x_wconf 92' lang='grc'><strong>38</strong></span> <span class='ocrx_word' id='word_1_769' title='bbox 2228 4875 2628 4954; x_wconf 90' lang='lat' dir='ltr'><strong>comprehensi</strong></span> <span class='ocrx_word' id='word_1_770' title='bbox 2648 4887 2865 4933; x_wconf 84' lang='lat' dir='ltr'><strong>tantum</strong></span> <span class='ocrx_word' id='word_1_771' title='bbox 2886 4877 2972 4933; x_wconf 88' lang='lat' dir='ltr'><strong>sui</strong></span> <span class='ocrx_word' id='word_1_772' title='bbox 2984 4875 3201 4933; x_wconf 84' lang='lat' dir='ltr'><strong>similes</strong></span> <span class='ocrx_word' id='word_1_773' title='bbox 3222 4888 3387 4948; x_wconf 81' lang='lat' dir='ltr'><strong>sunt3</strong></span> 
     </span>
     <span class='ocr_line' id='line_1_105' title="bbox 1830 4962 2707 5043; baseline -0.002 -20"><span class='ocrx_word' id='word_1_774' title='bbox 1830 4985 2009 5043; x_wconf 86' lang='lat' dir='ltr'><strong>quare</strong></span> <span class='ocrx_word' id='word_1_775' title='bbox 2029 4966 2214 5023; x_wconf 90' lang='lat' dir='ltr'><strong>literis</strong></span> <span class='ocrx_word' id='word_1_776' title='bbox 2236 4965 2289 5021; x_wconf 91' lang='lat' dir='ltr'>D</span> <span class='ocrx_word' id='word_1_777' title='bbox 2314 4976 2371 5022; x_wconf 89' lang='lat' dir='ltr'><strong>et</strong></span> <span class='ocrx_word' id='word_1_778' title='bbox 2395 4963 2436 5020; x_wconf 89' lang='lat' dir='ltr'>F</span> <span class='ocrx_word' id='word_1_779' title='bbox 2462 4962 2707 5041; x_wconf 64' lang='lat' dir='ltr'><strong>praefixi.</strong></span> 
     </span>
    </p>
   </div>
  </div>
 </body>
</html>
