3767 5825
475 368 586 420 10⁸
1277 355 1688 416 ΣΕΡΒΙΛΙΟΥ
1730 354 2308 415 ΔΑΜΟΚΡΑΤΟΥΣ
2349 354 2452 414 ΤΑ
2495 354 2876 415 ΛΕΙΨΛΝΑ.

584 489 782 557 Πόνους
802 511 859 548 τε
882 488 1078 569 νεύρων
1095 486 1187 546 καὶ
1208 489 1351 563 μυῶν
1378 486 1479 565 δίχ’
1507 486 1693 552 αἰτίας.

579 577 792 648 Ταύτην
816 580 1040 635 ἐπαινῶν
1064 576 1416 654 Ἀνδρόμαχος
1444 578 1495 633 ἐν
1521 577 1837 656 φαρμάκοις,
1945 602 1954 607 ·

497 690 551 729 75
578 667 764 747 Ἔχων
791 665 1041 743 μεγίστην
1063 662 1166 731 ἕξιν
1192 664 1358 723 ἐδίδου
1382 672 1487 731 τοῖς
1506 664 1688 743 φίλοις.

578 748 731 816 Εἶναι
758 754 811 813 δὲ
839 751 1078 834 δραχμὰς
1102 752 1247 829 ἔλεγε
1272 751 1366 827 μὲν
1390 751 1699 831 λιθαργύρου

576 846 627 903 T
630 844 705 922 ρἰς
728 843 1119 921 τεσσαράκοντα
1139 840 1229 898 καὶ
1254 839 1431 918 ἑτέρας
1452 840 1525 905 δὶς
1554 839 1753 896 δώδεκα
1770 862 1782 875 ·

584 935 763 1011 Κηροῦ
783 930 838 989 δὲ
857 933 1045 989 λευκοῦ
1070 931 1328 988 Ποντικοῦ
1350 929 1561 994 ταύταις
1583 927 1717 993 ἴσας·

580 1021 947 1096 Ἀμμωνιακοῦ
974 1018 1029 1076 δὲ
1052 1022 1143 1075 τοῦ
1168 1022 1398 1095 καθαροῦ
1422 1015 1529 1093 τρὶς
1555 1016 1717 1074 εἴκοσι

498 1130 551 1167 so
582 1108 688 1168 Καὶ
714 1104 898 1165 δώδεκ’
927 1105 1118 1179 ἄλλας,
1142 1104 1283 1184 [καὶ]
1306 1104 1522 1164 λιδάνου
1554 1104 1626 1170 δὶς
1654 1104 1940 1183 τέσσαρας·

575 1194 799 1261 Λεπίδος
827 1194 879 1252 δὲ
910 1198 1115 1273 χαλκοῦ
1145 1194 1237 1252 καὶ
1263 1193 1471 1259 λέπιδος
1500 1192 1874 1270 στομώματος,

566 1284 741 1343 Πάλιν
766 1282 811 1339 δ’
842 1283 1064 1341 ἑκάστου
1093 1282 1351 1358 μίγματος
1380 1282 1454 1348 δὶς
1483 1280 1769 1359 τέσσαρας·

572 1369 916 1449 Τερμινθίνης
940 1391 996 1426 τε
1020 1372 1111 1442 τ’ἥς
1134 1374 1365 1447 καθαρᾶς
1395 1368 1501 1446 τρὶς
1526 1369 1725 1427 δώδεκα
1744 1393 1755 1404 ·

575 1458 698 1517 Δύω
728 1456 773 1515 δ’
795 1456 972 1515 ἐλαίου
1001 1454 1197 1514 κικίνου
1223 1456 1444 1523 κοτύλας
1472 1454 1647 1535 μέτρῳ
1667 1480 1679 1491 ·

494 1568 547 1605 ss
575 1546 769 1624 Ἐρίων
798 1543 903 1602 δέκ’
927 1542 1063 1602 ὀκτὼ
1086 1548 1189 1601 τῶν
1214 1546 1459 1623 ῥυπαρῶν
1484 1542 1841 1617 κεκαυμένων,

580 1633 761 1693 Καίειν
790 1631 835 1689 δ’
858 1630 1079 1712 ἔφασκεν
1108 1630 1243 1688 αὐτὰ
1265 1636 1443 1688 τοῦτον
1468 1630 1556 1689 τὸν
1582 1630 1793 1709 τρόπον·

579 1724 672 1788 Εἷς
694 1719 899 1779 λοπάδα
928 1718 1113 1789 καινὴν
1136 1717 1170 1788 ἢ
1194 1718 1393 1797 χύτραν
1418 1716 1787 1795 πλατύστομον

572 1806 847 1874 Ἔνθέντας
870 1806 1006 1889 ἔριον
1032 1805 1317 1885 οἰσυπηρὸν
1340 1805 1579 1887 δαψιλὲς,

574 1898 655 1958 Τὸ
676 1900 843 1974 πῶμα
867 1894 1254 1977 προχρίσαντας
1279 1892 1483 1975 γύψῳῆ
1512 1894 1679 1966 κόνει,

492 2007 546 2046 90
575 1982 657 2046 Ἣ
676 1988 743 2063 γῇ
767 1987 1030 2063 κεραμικῇ
1057 1984 1167 2060 μεθ’
1190 1980 1374 2047 ὕδατος
1398 1980 1811 2060 μεμαλαγμένῃ,

571 2072 665 2134 Ἐν
686 2072 813 2153 πυρὶ
831 2071 1015 2152 λάὸρῳ
1032 2072 1301 2144 καίοντας,
1320 2070 1443 2128 ὅταν
1470 2062 1501 2149 ᾖ
1524 2070 1719 2151 ῥᾴδιον,

574 2160 854 2241 Κόψαντας
874 2164 1059 2231 σῆσαι·
1084 2158 1201 2218 τότε
1226 2160 1369 2217 δοκεῖ
1388 2160 1561 2225 καλῶς
1588 2156 1747 2238 ἔχειν.

572 2249 757 2311 Καίειν
778 2248 821 2307 δ’
842 2248 1031 2325 ὁμοίως
1056 2247 1191 2304 αὐτὰ
1210 2249 1308 2304 κᾶν
1332 2254 1436 2313 τοῖς
1456 2246 1741 2325 κριὸάνοις,

577 2338 684 2398 Καὶ
716 2340 770 2396 ἐν
799 2338 903 2402 τοῖς
924 2334 1090 2401 ἴπνοις
1116 2335 1220 2400 τοῖς
1244 2334 1378 2412 ἄγαν
1410 2336 1831 2415 πεπυρωμένοις,

491 2449 545 2489 95
573 2426 734 2486 Οὕτω
757 2448 815 2484 τε
843 2426 1015 2495 λειῶν,
1041 2421 1332 2499 λαμὸάνειν
1352 2420 1406 2479 ὃν
1434 2424 1513 2479 δεῖ
1533 2423 1763 2497 σταθμόν
1783 2445 1795 2458 ·

575 2513 769 2595 Ἕψειν
795 2511 849 2570 δὲ
873 2509 1073 2569 κελεύει
1096 2510 1371 2579 λειοτάτην
1392 2510 1721 2589 λιθάργυρον,

574 2602 681 2661 Καὶ
706 2600 901 2660 κίκινον
923 2608 1050 2675 πᾶν,
1073 2598 1277 2675 μίξαντ’
1308 2599 1360 2654 ἐν
1390 2602 1545 2677 καινῇ
1574 2596 1764 2675 χύτρᾳ·

570 2688 796 2754 Μέλιτος
814 2687 1015 2765 πάχους
1040 2686 1093 2743 δὲ
1117 2684 1395 2763 γενομένου
1415 2690 1505 2743 τοῦ
1534 2686 1810 2766 φαρμάκου
1825 2731 1839 2756 ,

576 2778 780 2837 Λεπίδα
809 2772 1175 2856 παραπάσσειν
1200 2773 1290 2831 καὶ
1314 2772 1553 2852 συνέψειν
1580 2772 1657 2853 ἐφ’
1682 2772 1879 2844 ἱκανὸν,

471 2886 547 2925 ιυο
571 2863 719 2932 “Eme
739 2862 803 2923 ἂν
829 2862 1043 2942 γένηται
1072 2862 1382 2940 ἀμόλυντον,
1412 2860 1623 2939 βάλλειν
1649 2860 1765 2919 τότε

575 2951 922 3034 Τερμινθίνην
948 2952 1037 3010 καὶ
1062 2951 1220 3029 κηρόν
1238 2975 1249 2988 ·
1276 2942 1367 3008 εἶθ’
1390 2947 1675 3024 ἡνωμένοις

579 3040 942 3119 Ἀμμωνιακὸν
968 3039 1235 3118 μαλαχθὲν
1262 3038 1363 3097 ὑπὸ
1386 3043 1489 3095 τῶν
1514 3036 1799 3096 δακτύλων.

578 3129 859 3191 Μέλλοντα
889 3130 933 3187 δ’
956 3115 1119 3207 αἴρειν
1143 3128 1235 3198 τὴν
1262 3128 1465 3208 χύτραν
1491 3127 1595 3184 ἀπὸ
1620 3132 1708 3183 τοῦ
1734 3125 1918 3204 πυρὸς,

577 3224 729 3280 Δεῖον
750 3217 1174 3299 προσεμπάττειν
1202 3215 1438 3288 λιὸανὸν,
1464 3215 1673 3293 βάλλειν
1699 3213 1811 3272 τότε

474 3329 550 3367 iun
582 3307 689 3367 Καὶ
716 3311 819 3364 τῶν
845 3309 1140 3383 οἷσυπηρῶν
1170 3303 1264 3374 τὴν
1294 3305 1431 3362 κόνιν
1464 3302 1808 3381 παρεσχάτην

578 3395 695 3476 Πρὸ
716 3399 805 3454 τοῦ
830 3397 1119 3452 λιὸανωτοῦ
1148 3393 1201 3450 δὲ
1228 3395 1434 3472 σμικρῷ
1460 3390 1541 3469 [ἢ]
1570 3390 1802 3470 ὕστερον.

584 3481 736 3548 Τινὲς
766 3480 821 3540 δὲ
843 3487 994 3539 τοῦτο
1019 3481 1323 3560 βουλόμενοι
1349 3480 1409 3536 τὸ
1432 3479 1708 3558 φάρμακον

578 3569 740 3629 ’Ὶδιον
762 3569 1030 3647 λέγεσθαι,
1057 3568 1411 3648 βαστάσαντες
1434 3567 1528 3636 τὴν
1556 3567 1680 3641 μίαν

577 3659 799 3724 Λεπίδος
824 3667 945 3734 μιᾶς
974 3657 1227 3735 βάλλουσι
1254 3655 1343 3720 τὰς
1370 3653 1669 3712 ἑκκαίδεκα·

473 3771 545 3808 110
574 3752 816 3826 Χρῶνται
840 3745 895 3804 δὲ
922 3748 1124 3825 χαλκοῦ
1151 3743 1356 3816 λέπιδι,
1378 3745 1433 3800 οὐ
1460 3741 1824 3818 στομώματος.

1101 3935 1418 3959 -ψ-

1156 4076 1352 4139 ΑλΛΗ.

581 4231 749 4290 Οὐδέν
779 4255 828 4289 τι
852 4239 1026 4309 χεῖρον
1050 4232 1141 4300 τῆς
1163 4227 1420 4306 προτέρας
1449 4225 1739 4304 Αἰγυπτίας

582 4324 814 4380 ΙΙοιοῦσα
839 4317 1034 4387 ταύτὰ,
1058 4316 1183 4372 ποτὲ
1216 4315 1270 4371 δὲ
1300 4314 1389 4371 καὶ
1418 4316 1664 4390 κρεῖττον.
1699 4311 1857 4390 Παχὺ

578 4406 669 4468 Ἂν
694 4406 927 4485 σκευάσῃ
954 4428 1027 4469 τις
1052 4405 1313 4478 ἐπιμελῶς
1340 4402 1399 4458 τὸ
1425 4402 1723 4480 φάρμακον,

585 4496 868 4575 Χρήσηται
894 4495 1037 4572 αὐτῷ
1065 4488 1138 4567 μὴ
1164 4489 1440 4570 παρέργως
1466 4491 1632 4546 ταύτὰ
1656 4489 1806 4568 πρός.

481 4605 553 4642 115
579 4583 735 4661 Ἔχει
760 4583 806 4639 δ’
833 4579 1006 4638 ἐλαίου
1034 4579 1185 4636 πέντε
1206 4577 1384 4658 λίτρας
1410 4577 1609 4635 κικίνου
1630 4601 1643 4614 ·

586 4668 911 4748 Λιθαργύρου
931 4667 985 4726 δὲ
1006 4665 1264 4746 τέσσαρας
1286 4665 1580 4745 χρυσίτιδος
1594 4689 1605 4700 ·

592 4757 811 4821 Λεπίδος
837 4757 890 4813 δὲ
914 4757 1116 4835 χαλκοῦ
1144 4754 1515 4832 τεσσαράκοντ’
1538 4753 1673 4810 ὀκτὼ
1703 4750 1963 4830 δραχμάς·

584 4843 925 4924 Τερμινθίνης
946 4867 1001 4901 τε
1021 4848 1114 4914 τῆς
1132 4846 1299 4913 καλῆς
1324 4843 1432 4921 τρὶς
1458 4831 1658 4898 δώδεκα
1673 4863 1685 4876 ·

588 4936 802 5004 Μάννης
828 4931 1043 4990 λιὸάνου
1072 4955 1128 4989 τε
1156 4931 1317 4989 ταύτὸ
1348 4937 1412 5009 τῇ
1438 4927 1733 5008 τερμινθίνῃ
1752 4951 1764 4964 ·

486 5046 559 5082 120
586 5024 955 5098 Ἀμμωνιακοῦ
982 5022 1034 5078 δὲ
1063 5026 1150 5078 τοῦ
1176 5024 1403 5098 καθαροῦ
1427 5018 1605 5094 λίτρας
1632 5017 1721 5074 δύο
1739 5040 1751 5052 ·

590 5115 767 5188 Κηροῦ
792 5109 845 5167 δὲ
868 5112 1055 5168 λευκοῦ
1088 5113 1345 5168 Ποντικοῦ
1366 5108 1443 5164 δύ’
1468 5106 1656 5182 ἥμισυ.

586 5197 748 5275 εἘψει
780 5197 825 5254 δ’
852 5194 1053 5270 ἔλαιον,
1074 5195 1260 5253 λεπίδα
1277 5242 1291 5266 ,
1321 5195 1417 5266 τὴν
1444 5195 1771 5272 λιθάργυρον,

2122 498 2308 547 Nervos
2327 496 2546 547 dolentoe
2562 498 2683 547 citra
2702 510 2900 545 causam
2925 498 2974 545 et
2991 496 3254 544 musculos.

2129 586 2352 637 [nudans
2367 587 2461 635 hoc
2479 584 2845 636 Andromecbus
2859 585 3007 635 dabat
3023 585 3262 634 sodalibus

2137 676 2244 725 Suis
2267 676 2316 723 in
2339 674 2610 737 pharmacis
2631 676 2810 737 peritus
2837 674 3065 723 maxime.

2134 762 2302 814 Aiebat
2319 776 2420 813 esse
2441 762 2758 825 quadraginta
2773 764 2850 811 ter
2872 761 3070 823 quidem

2131 854 2360 903 Denarios
2383 851 2628 915 [ium-gyri
2644 853 2695 900 et
2713 850 2970 901 duodecim

2129 941 2211 991 Bis
2229 939 2404 990 alteros
2417 977 2432 1001 ,
2459 954 2584 991 cerae
2601 952 2798 1003 quoque
2817 938 2942 988 nlboe
2961 942 3169 988 Pontirae

2131 1032 2456 1092 Tantumque,
2476 1027 2762 1079 ammoniaci
2784 1028 2952 1091 viginti
2970 1032 3044 1077 ter
3063 1028 3170 1090 puri

2132 1122 2194 1168 Et
2214 1118 2467 1169 duodecim
2494 1118 2613 1168 aiios
2624 1154 2640 1181 ,
2659 1118 2816 1167 thuris
2831 1120 2884 1167 et
2901 1117 2974 1166 bis
2989 1119 3246 1179 quattuou

2131 1208 2328 1273 sqnsmi
2345 1222 2460 1258 vero
2478 1207 2602 1257 neris
2621 1209 2670 1257 et
2691 1219 2908 1270 squumoe
2925 1206 3225 1255 stomomaus
3237 1242 3252 1263 ,

2134 1297 2380 1360 cuiusque
2403 1310 2567 1347 rursus
2590 1297 2820 1345 mixtum
2837 1294 2912 1343 bis
2933 1295 3192 1356 quattuor3

2133 1390 2272 1437 vum
2292 1385 2632 1437 terebinthina
2653 1386 2727 1434 ter
2749 1382 2898 1433 addas
2913 1382 3196 1444 duodecimg

2132 1468 2338 1530 Oieique
2357 1466 2492 1515 ricini
2513 1464 2636 1515 duas
2657 1464 2768 1515 inde
2793 1465 3034 1524 heminas3

2131 1556 2412 1607 octodecim
2435 1557 2560 1605 ustae
2581 1554 2788 1605 sordidae
2806 1555 2931 1604 ianae
2951 1554 3180 1603 iaemims.

2133 1644 2346 1695 Docebat
2365 1643 2516 1706 ipsum
2533 1643 2626 1692 isto
2649 1641 2793 1691 modo
2819 1642 3138 1692 comburere:

2133 1736 2284 1782 Novae
2306 1732 2482 1795 patinae
2505 1732 2579 1779 vei
2605 1730 2716 1779 oiioe
2737 1742 2850 1795 qum
2868 1730 2932 1779 sit
2951 1730 3091 1779 latior

2132 1824 2229 1871 Ore
2252 1820 2364 1869 inde
2385 1820 2546 1869 ianam
2563 1819 2755 1882 copiose
2775 1817 3047 1877 succidium

2133 1908 2426 1972 operculum
2445 1920 2592 1971 gypso
2617 1906 2747 1970 prius
2765 1907 2840 1957 vei
2857 1906 3042 1969 glutino
3055 1943 3070 1967 ,

2132 1998 2220 2047 Vel
2244 2001 2371 2047 terra
2397 1997 2612 2059 figulari,
2633 1996 2712 2045 cui
2727 1997 2793 2046 sit
2807 1995 2960 2045 mixta
2977 2008 3130 2058 equa,

2135 2086 2314 2137 minito
2329 2122 2342 2143 ,
2361 2086 2446 2135 sed
2469 2088 2602 2147 iargo
2623 2084 2733 2147 igne
2754 2097 2868 2133 mox
2889 2083 3164 2133 comburito
3177 2119 3194 2143 ,

2133 2178 2395 2224 contusam
2421 2174 2614 2223 incerne
2633 2172 2796 2223 cribro
2809 2209 2824 2234 ,
2845 2171 2930 2223 ubi
2957 2172 3098 2221 facile
3117 2172 3212 2221 boc
3231 2173 3348 2234 erit,

2133 2266 2196 2313 Et
2221 2265 2338 2311 tunc
2353 2262 2622 2324 praesertim
2645 2262 2777 2312 recte
2795 2260 2972 2311 babere
2984 2260 3166 2323 judicu.

2135 2356 2189 2403 in
2213 2351 2414 2400 clibanis
2430 2364 2626 2413 quoque
2645 2350 2748 2413 ipsa
2765 2349 2884 2399 etin
2910 2348 3190 2399 fornacibus

2133 2441 2299 2503 Ignitis
2327 2440 2532 2489 nimium
2559 2439 2779 2489 similiter
2796 2438 3086 2488 comburito.

2137 2530 2206 2576 ita
2225 2526 2442 2587 capiebat
2463 2526 2586 2574 larue
2601 2526 2758 2587 tritoe,
2781 2538 2928 2589 quem
2955 2530 3024 2575 est
3049 2540 3152 2590 par,
3175 2526 3387 2576 modum.

2133 2618 2352 2676 Coquere
2375 2613 2693 2677 lithargyrum
2712 2614 2854 2675 iubet
2875 2614 3212 2675 loevissimnm,

2133 2706 2408 2764 Totumque
2431 2702 2634 2751 ricinum
2649 2740 2664 2763 ,
2687 2702 2851 2751 mixtis
2869 2705 3014 2764 atque
3033 2703 3182 2751 ollula

2135 2794 2272 2841 Nova
2285 2828 2299 2852 ,
2323 2791 2574 2853 mellisque
2597 2792 2722 2840 sacta
2741 2790 3072 2853 spissitudine,

2133 2882 2394 2943 Squamam
2416 2892 2690 2944 aspergere,
2713 2892 3015 2943 concoquere
3039 2880 3088 2929 et
3110 2882 3346 2944 quantum
3371 2880 3530 2930 sufficit

2135 2965 2301 3024 Usque
2319 2961 2440 3010 adeo
2451 2997 2467 3024 ,
2485 2961 2601 3011 dum
2629 2974 2728 3010 non
2755 2961 2975 3022 inquinet
2987 2999 3000 3022 ,
3025 2963 3146 3010 tunc
3161 2960 3336 3010 addere

2135 3049 2528 3100 Terebintbinam
2549 3053 2598 3098 et
2621 3063 2809 3109 ceram3
2834 3048 2944 3098 dein
2963 3061 3115 3111 quum
3137 3049 3394 3107 coiverint,

2137 3140 2502 3190 Ammoniacum
2525 3139 2801 3188 confectum
2821 3137 2980 3200 digitis
3000 3137 3209 3186 mollius.

2137 3233 2365 3278 Posiurus
2387 3227 2448 3276 ab
2475 3228 2580 3289 igne
2599 3226 2774 3288 ollam,
2799 3225 2913 3274 thus
2939 3226 3110 3275 tritum
3131 3225 3407 3288 inspergito‚

2139 3317 2462 3366 Penuitimum
2487 3329 2546 3365 ac
2563 3316 2686 3365 lame
2710 3314 2972 3365 immundae
2991 3314 3316 3376 pulvisculum
3333 3349 3348 3371 ,

2139 3410 2294 3467 Atque
2312 3407 2426 3454 unte
2447 3404 2561 3454 thus
2573 3441 2587 3465 ,
2609 3403 2878 3467 pauxillulo
2902 3405 2988 3452 aut
3005 3405 3115 3465 post
3132 3405 3360 3465 tempore.

2138 3493 2346 3552 Quidam
2363 3494 2578 3542 volentes
2597 3492 2722 3542 istud
2743 3491 2936 3554 proprio
2955 3492 3270 3554 pharmacum

2139 3581 2244 3631 Dici
2270 3580 2414 3630 titulo
2429 3617 2444 3640 ,
2465 3594 2619 3643 quum
2639 3579 2884 3642 depositus
2903 3581 2976 3628 est
2993 3580 3228 3628 caccabus
3241 3615 3256 3638 ,

2139 3673 2361 3732 Squemze
2386 3669 2530 3718 unius
2551 3669 2624 3718 bis
2641 3671 2754 3717 octo
2773 3667 2946 3718 indunt
2963 3667 3217 3729 denarios3

2137 3763 2345 3820 Squama
2365 3759 2526 3806 autom
2551 3759 2754 3806 utuntur
2773 3757 2908 3817 oeriS,
2931 3769 3028 3805 non
3049 3755 3364 3808 stomoma-B.

2765 3917 3087 3942 σ--οοῡ-

2814 4075 3008 4117 Auun
3017 4101 3030 4115 .

2137 4223 2263 4274 Nihil
2285 4222 2445 4286 priore
2463 4223 2598 4284 pejus
2615 4222 2712 4284 agit
2740 4221 2962 4284 AEgyptio

2139 4317 2200 4362 At
2224 4311 2395 4361 melius
2418 4313 2468 4360 et
2483 4311 2800 4374 quandoque3
2821 4311 2862 4360 si
2887 4309 3148 4360 confecerit

2137 4403 2360 4450 Crassum
2381 4403 2606 4450 accurate
2629 4400 3038 4449 medicamentum
3061 4399 3326 4462 quispiam,

2138 4493 2313 4540 Utetur
2331 4489 2392 4538 ad
2412 4489 2580 4538 eadem
2599 4488 2701 4551 ipso
2719 4501 2816 4537 non
2835 4487 3142 4550 improspere.

2138 4578 2242 4628 Olei
2267 4581 2430 4626 autem
2457 4576 2644 4625 ricinini
2664 4576 2808 4626 libras
2829 4577 3042 4638 quinque
3069 4575 3242 4636 babct3

2140 4665 2519 4728 chrysitidisque
2541 4664 2724 4726 argenti
2740 4677 2925 4726 spumae
2949 4665 3209 4726 quattuor3

2138 4759 2364 4818 Squamae
2388 4754 2498 4803 aeris
2524 4759 2692 4815 terque
2713 4752 2956 4816 sexdecim
2983 4752 3230 4811 denarios;

2139 4841 2493 4893 Terebinthinae
2517 4841 2789 4902 praestantis
2807 4845 2880 4888 ter
2897 4839 3150 4889 duodecim
3165 4855 3180 4899 ς

2142 4935 2424 4992 Mannoeque
2446 4929 2603 4979 thuris
2623 4927 2934 4990 tantundem3
2965 4928 3123 4991 pondo
3145 4927 3244 4976 duo

2041 5039 2050 5046 ·
2143 5018 2436 5070 Ammoniaci
2455 5018 2655 5078 sinceri;
2673 5031 2799 5067 cerae
2823 5016 3036 5066 Ponticae

2142 5108 2274 5158 Albae
2293 5107 2414 5156 duas
2433 5106 2578 5155 libras
2595 5106 2836 5155 semissem
2855 5107 2906 5154 et
2932 5104 3141 5166 insuper.

2139 5194 2348 5260 coquito
2368 5195 2529 5244 oleum
2542 5230 2558 5257 ,
2577 5206 2829 5256 mamam
2843 5227 2857 5254 ,
2879 5205 2970 5242 nec
2987 5206 3084 5242 non
3106 5191 3434 5259 lithargyrun,
