3767 5825
1111 400 1136 424 ο
1180 334 1978 399 ΜΑΝΕΤΗΟΝΙΑΝΟΒΠΜ
2020 335 2185 399 LIB..
2210 334 2283 395 V.
2322 332 2502 414 [VL]
3335 346 3434 397 tot

109 592 144 640 4
163 590 188 639 1
306 565 414 627 *Ην
458 566 517 627 δί
533 564 580 625 τ’
607 564 706 647 ἔχῃ
727 562 1012 641 σύνδεσμον
1038 562 1119 622 ἐπ’
1143 560 1406 623 Ἠέλιόν
1429 584 1554 620 ποτε
1582 532 1797 633 Μήνη,

109 678 196 719 eu!
234 658 305 715 ἐκ
331 654 512 727 πενίης
532 652 750 713 πλουτεῖ
772 676 830 711 τε
849 650 940 711 καὶ
966 653 1040 718 εἰς
1061 650 1245 721 πενίην
1267 648 1621 726 ἀνακάμπτει·

229 742 392 813 δόξαν
420 739 533 821 ἔχει
558 739 746 821 τέχνης
767 736 1087 811 Ἐκατησίου
1113 736 1284 797 εἵνεκα
1301 735 1536 817 κέρδους,

228 830 331 888 καὶ
359 832 561 909 μαγικῇ
587 826 790 887 συνέσει
814 825 1030 885 πέπιθεν
1057 823 1125 883 τὰ
1152 823 1426 901 πνεύματα
1455 822 1678 905 φεύγειν,

231 916 331 975 καὶ
361 914 644 997 κρυφίμαις
673 913 869 993 βίὸλοις
893 912 1314 992 ἐπαγαλλόμενος
1336 909 1636 991 περιείργει·

111 1026 206 1067 ³⁰6
233 1006 447 1073 πίστεις
475 1003 570 1082 μὲν
600 1000 828 1083 παρέχει
855 1000 1106 1081 σοὸαραῖς
1129 1002 1390 1079 μεγάλῃσι
1412 997 1662 1075 γυναιξίν,

235 1096 304 1153 ἐκ
329 1092 388 1153 δὲ
412 1090 579 1172 τύχης
603 1094 794 1171 μικρῆς
816 1089 906 1149 ἐπὶ
933 1088 1143 1167 μείζονα
1176 1088 1352 1147 πίστιν
1377 1084 1563 1146 ὁδεύει.

321 1181 421 1253 κῆν
447 1179 574 1262 εὕρῃ
605 1178 801 1252 Μήνη
833 1178 966 1254 μετὰ
994 1177 1089 1249 τὴν
1109 1177 1257 1237 λύσιν
1285 1175 1507 1256 ἀστέρας
1533 1173 1764 1246 ἐσθλούς,

237 1268 538 1346 σιτοδόται,
566 1266 810 1342 κτίσται,
835 1264 910 1344 μὴ
940 1266 1230 1347 φειδόμενοι
1256 1263 1539 1346 φιλοτίμως

239 1358 405 1419 ὄλὸον
429 1357 522 1417 καὶ
547 1359 774 1416 πλοῦτον
794 1354 884 1414 καὶ
907 1353 1159 1436 χρήματα
1183 1350 1551 1434 χρυσοφορητὰ

125 1466 218 1506 810
249 1450 325 1516 εἰς
357 1445 533 1528 βυθόν,
555 1448 627 1513 εἰς
655 1445 875 1521 ἀνέμους
894 1441 1285 1521 διαπαιζόμενοι
1312 1444 1634 1514 δαπανῶσιν,

241 1538 506 1616 καιροῖσιν
527 1533 778 1611 πάμπαν,
807 1531 867 1591 τὸ
889 1532 1045 1591 πλέον
1065 1529 1119 1591 δὲ
1151 1529 1375 1611 περισσὰ
1394 1530 1418 1608 [
1440 1527 1700 1606 διδόντες]

241 1623 516 1685 λείπονται
540 1622 750 1681 πάντων
773 1619 1068 1699 ἐλεούμενοι
1095 1618 1241 1679 οὐδὲν
1266 1617 1490 1698 ἔχοντες.

139 1810 218 1861 42
335 1802 386 1859 Τ
388 1796 450 1867 ὰς
481 1793 641 1863 αιἰτὰς
668 1792 910 1872 δυνάμεις
929 1792 1026 1852 εἴτ’
1055 1791 1304 1872 ἀνδράσιν
1337 1790 1440 1850 εἴτε
1459 1790 1686 1868 γυναιξὶν

255 1885 608 1963 σκεπτόμενος
635 1881 894 1963 προλέγω,
917 1880 1028 1962 ὥρη
1054 1879 1108 1966 δὲ
1128 1879 1282 1961 φύσιν
1311 1878 1543 1960 διορίζει·

131 1996 222 2035 315
253 1974 392 2034 ἀλλὰ
423 1972 516 2033 καὶ
538 1969 610 2039 ὣς
636 1970 767 2051 ἰρίω
791 1970 898 2037 τοῖς
926 1968 1167 2050 σχήμασι
1194 1970 1284 2027 καὶ
1310 1966 1376 2026 τὰ
1404 1970 1684 2046 γυναικῶν.

332 2060 601 2143 σώφρονας
616 2064 652 2131 ἡ
676 2060 729 2118 Π
743 2082 776 2117 α
793 2079 830 2140 φ
845 2055 905 2129 ίη
933 2053 1092 2123 οἴκοις
1119 2056 1288 2132 ἰδίοις,
1317 2055 1452 2131 μετὰ
1474 2058 1564 2126 Ζη
1579 2051 1682 2119 νός

250 2149 542 2231 εὐμόρφους
555 2194 574 2226 ,
597 2144 814 2230 πινυτάς
829 2147 896 2219 τ’,
921 2143 986 2216 ἢν
1012 2143 1103 2202 καὶ
1121 2146 1170 2203 Σ
1187 2142 1246 2201 τί
1253 2145 1286 2202 λ
1299 2141 1371 2202 60
1385 2167 1411 2200 ν
1423 2166 1456 2201 τ
1470 2166 1503 2200 α
1528 2140 1780 2221 καθεύρῃ·

250 2238 344 2298 καὶ
364 2236 558 2318 πόρνας
580 2238 608 2295 ὁ
632 2237 682 2295 Κ
696 2232 804 2315 ρόν
818 2256 884 2300 ος
906 2230 1186 2313 ἀσχήμονα
1207 2230 1333 2311 ἔργα
1354 2228 1602 2295 τελούσας
1617 2274 1634 2301 ,

252 2332 308 2389 ἐν
337 2327 554 2410 διθύροις
568 2324 672 2386 αἰεί
687 2348 746 2385 τε
769 2322 1157 2404 προῖσταμίνας
1180 2321 1492 2403 ἀναφανδόν.

116 2442 205 2481 sao
333 2415 729 2495 τετράποσιν
756 2408 962 2482 ζώοισιν
993 2413 1039 2469 εἰ
1060 2401 1096 2490 ἦ
1126 2409 1408 2490 στείχουσα
1433 2407 1728 2480 Σελήνη,

254 2506 302 2564 εἰ
329 2504 419 2563 καὶ
447 2502 543 2574 τὴν
566 2499 708 2583 ὥρην
735 2502 789 2560 ἐν
811 2498 1184 2579 τετραπόδεσσι
1203 2496 1495 2577 καθεύροις,

253 2590 497 2673 ἀρρήτοις
517 2590 714 2669 ἔργοισι
741 2586 1022 2666 μιαίνεται,
1045 2578 1162 2659 ἠΰτ’
1187 2584 1269 2643 ἐπ’
1290 2584 1457 2665 ἔργοις

253 2683 318 2739 ἐκ
345 2678 622 2757 στομάτων
652 2679 888 2758 αἰσχροῖς
911 2672 1302 2751 διαὸαλλομένη
1327 2669 1663 2754 κακοφήμως.

335 2770 383 2826 εἰ
401 2768 448 2826 δ’
474 2762 546 2829 Ἀ
563 2790 636 2848 ρη
649 2790 676 2833 ς
700 2768 824 2837 ἠοῦς
849 2786 912 2844 γε
930 2761 1324 2842 μεσουρανέοιτο
1339 2806 1354 2833 ,
1381 2762 1615 2840 λογίζου,

143 2880 230 2920 aaa
258 2847 296 2926 ἦ
316 2856 530 2922 πολλοῖς
560 2852 740 2934 μήτηρ
765 2849 854 2911 ἐπὶ
877 2850 1121 2932 δάκρυσιν
1145 2848 1305 2909 ἔστεν’
1330 2848 1560 2917 ἄτεκνος.

337 2947 382 3004 εἰ
411 2943 465 3004 δὲ
489 2946 540 3005 K
555 2943 622 3025 ρό
637 2968 664 3001 ν
679 2965 744 3010 ος
766 2945 821 3002 Π
839 2965 920 3024 αφ
933 2941 1039 3013 ίην
1064 2939 1413 3020 ἰδίοιςοίκοισι
1436 2937 1677 3019 καθεύροι
1691 2982 1708 3014 ,

257 3034 355 3105 κῆν
378 3033 554 3113 φάσκῃ
573 3030 765 3090 τίκτειν
790 3033 850 3090 ἐκ
878 3028 1092 3102 νηδύος,
1123 3026 1182 3088 οὔ
1205 3049 1335 3086 ποτε
1357 3027 1552 3104 τίκτει,

257 3118 549 3203 ψευδομένη
577 3119 624 3178 δ’
649 3118 840 3186 ὠδῖνας
864 3115 1122 3182 ἀνώδυνός
1147 3118 1288 3176 ἐστιν
1313 3114 1551 3188 ἄτεκνος,

257 3206 533 3287 ἀλλοτρίην
561 3229 619 3266 τε
641 3205 798 3285 γονὴν
819 3203 1226 3281 ὑποὸαλλομένη
1251 3201 1580 3282 κακοτέχνως

147 3320 236 3360 aso
260 3294 354 3355 καὶ
377 3293 600 3354 κλίνασα
620 3293 783 3372 δέμας
809 3292 989 3373 στείρα
1012 3289 1167 3370 λοχός
1198 3293 1306 3348 ἐστ’
1333 3288 1419 3348 ἐπὶ
1447 3285 1656 3359 κλίνης,

261 3382 350 3444 καὶ
375 3379 588 3454 πλαστὴ
614 3381 788 3461 μήτηρ
813 3380 1082 3459 ἐσκήψατο
1103 3377 1199 3450 τὴν
1223 3377 1379 3458 φάσιν
1411 3376 1601 3452 ἁγνῶς.

98 3573 174 3628 lv
193 3575 262 3626 48
340 3555 544 3638 Ἀρεα
573 3555 667 3616 καὶ
692 3554 949 3638 Παφίην
971 3504 1225 3636 σ-υῑαφαῖς
1246 3556 1469 3634 εὑροῦσα
1498 3549 1671 3624 Σελη
1688 3574 1759 3625 νη

262 3645 564 3708 Ἠελίοιο
590 3643 768 3712 τόποις
794 3642 830 3715 ἢ
856 3643 947 3703 καὶ
976 3633 1374 3707 Στίλὸοντος
1402 3641 1454 3699 ἔν
1489 3635 1678 3715 οἴκοις,

261 3733 329 3807 ἢν
351 3733 628 3813 διάμετρον
655 3731 754 3812 ἔχῃ
784 3731 1030 3812 δνοφερὴν
1060 3733 1247 3790 ἀκτῖνα
1275 3726 1580 3808 Κρόνοιο,

161 3849 240 3889 aaa
267 3821 454 3903 ἰσχνὴν
476 3819 567 3880 καὶ
587 3819 816 3901 λυπρῆν,
842 3820 1256 3901 κακοπρῆγμονα
1283 3815 1375 3875 καὶ
1398 3813 1742 3889 κακόὸουλον,
1779 3819 1782 3822 ’

266 3905 554 3988 αὗο-ιηρὴν,
579 3912 816 3987 προπετῆ
833 3953 849 3985 ,
881 3909 1320 3988 πολυπρήγμονα,
1354 3903 1619 3982 βάσκανον
1644 3902 1777 3975 αἰεί,

268 3997 549 4069 εὗκνιστον,
585 3995 844 4075 πρόλαλον
872 3994 963 4054 καὶ
990 3992 1228 4074 βληχρὴν
1253 3989 1344 4051 καὶ
1373 3989 1679 4070 φιλόνεικον,

267 4085 531 4157 λυσσάδα,
559 4083 846 4156 ζηλότυπον
874 4081 966 4142 καὶ
990 4082 1270 4161 ἀγνώμονα
1295 4078 1384 4139 καὶ
1413 4076 1700 4157 περίεργον,

267 4178 423 4248 π’ἧμα
449 4174 626 4253 λυγρῷ
645 4170 851 4250 γαμὲτῃ
877 4168 1276 4248 συναλιζόμενον
1309 4169 1563 4237 κακοῆθες
1579 4188 1593 4202 ·

168 4276 248 4318 uo
273 4260 387 4319 ἀλλ’
411 4252 513 4319 ὑπὸ
538 4263 631 4331 τῆς
663 4257 875 4337 Παφίης
899 4255 1272 4335 ἀμὸλυνομένη
1298 4251 1643 4330 μεταὸάλλει.

1952 576 2005 626 Si
2021 588 2138 625 vero
2160 576 2385 638 copulam
2406 575 2579 625 babeat
2596 574 2656 624 ad
2680 574 2845 626 Solem
2860 574 3116 639 aliquando
3136 579 3305 630 Luna,

1889 677 1953 713 ex
1972 666 2252 726 paupertate
2269 663 2458 713 ditescit
2475 666 2524 713 et
2542 662 2592 712 ln
2608 665 2939 725 paupertatem
2960 662 3155 724 recidit3

1889 750 2091 814 gloriam
2108 750 2253 799 habet
2268 750 2385 799 artis
2404 750 2667 799 Hecatesioe
2684 750 2749 799 ob
2764 750 2957 799 lucrum
2969 788 2985 813 ,

1889 842 1939 887 et
1964 838 2149 901 magica
2168 838 2419 901 prudentia
2438 838 2637 888 confidit
2652 838 2848 901 spiritus
2865 838 3031 901 fugare
3042 876 3057 901 ,

1824 964 1831 969 .
1889 928 1941 976 et
1960 925 2249 976 absconditis
2264 926 2395 976 libris
2411 925 2661 977 exsultans
2676 925 3043 987 circumcludit3

1890 1012 2037 1063 tidem
2054 1013 2251 1077 quidem
2269 1013 2453 1076 praebet
2468 1014 2687 1076 superbis
2700 1015 2884 1077 magnis
2898 1014 3088 1064 feminis
3099 1052 3115 1075 ,

1889 1104 2035 1165 atque
2052 1116 2115 1152 ex
2132 1116 2283 1165 parva
2306 1104 2499 1153 fortuna
2519 1103 2580 1152 ad
2597 1103 2829 1164 majorem
2851 1101 2996 1152 fldem
3015 1102 3204 1153 transit.

1953 1190 2039 1240 Sin
2062 1194 2213 1241 Luna
2230 1190 2467 1240 invenerit
2488 1196 2596 1253 post
2616 1191 2907 1241 solutionem
2924 1191 3106 1241 stellas
3132 1190 3290 1241 bonas
3303 1227 3317 1252 ,

1895 1278 2359 1339 frumenti-datores,
2380 1276 2672 1339 conditores,
2685 1290 2783 1327 non
2802 1280 3050 1340 parcentes
3065 1278 3317 1328 ambitiose

1894 1378 2007 1429 opes
2024 1368 2074 1415 et
2090 1362 2276 1415 divitias
2287 1366 2335 1413 et
2350 1366 2601 1415 tamssutoe
2620 1364 3075 1416 auro-circumlatas

1894 1454 1945 1503 in
1964 1451 2275 1515 protundum,
2294 1452 2345 1501 in
2368 1456 2539 1503 ventos
2561 1453 2779 1504 ludentes
2795 1452 3054 1516 dissipant,

1896 1540 2229 1591 occasionibus
2246 1554 2460 1603 prorsus,
2480 1542 2589 1604 plus
2606 1545 2770 1591 autem
2790 1554 3088 1605 supervacua
3114 1542 3283 1593 dantoe

1895 1628 2185 1679 deficiantur
2201 1627 2430 1678 omnibus
2450 1627 2665 1679 miserati
2682 1629 2802 1679 nihil
2822 1630 3069 1680 babentes.

1962 1802 2161 1853 Easdem
2179 1804 2437 1865 potestates
2452 1802 2557 1853 sive
2573 1801 2690 1852 viris
2711 1802 2815 1853 sive
2831 1805 3111 1855 mulieribus

1900 1891 2207 1941 considerans
2230 1891 2441 1954 praedico
2456 1928 2470 1951 ,
2494 1890 2577 1940 sed
2602 1891 2721 1940 bora
2737 1894 2962 1942 naturam
2986 1892 3297 1957 determinat;

1902 1982 2231 2029 verumtamen
2246 1979 2405 2029 dicam
2420 1978 2584 2042 figuris
2600 1980 2745 2029 etiam
2763 1981 3019 2043 qualitates
3032 1983 3306 2032 mulierum.

1960 2070 2297 2131 Temperantes
2332 2069 2493 2119 Venus
2511 2065 2699 2129 indibus
2708 2064 3001 2125 in-propriis,
3021 2076 3133 2117 cum
3152 2071 3272 2119 Jove

1902 2156 2155 2215 formosas,
2176 2152 2549 2216 prudentesque,
2575 2153 2617 2203 sl
2630 2152 2779 2203 etlam
2801 2155 3121 2203 Mercurium
3133 2153 3399 2216 invenerit3

1901 2246 1949 2293 et
1974 2242 2249 2292 meretrices
2266 2244 2542 2303 Saturnus,
2562 2239 2789 2290 indecora
2806 2253 2951 2303 opera
2972 2241 3215 2304 facientes,

1904 2334 1955 2381 et
1973 2331 2022 2379 in
2044 2327 2565 2379 biforibus·tornicibus
2581 2340 2771 2391 semper
2784 2330 3052 2390 prestantes
3065 2329 3326 2392 propalam.

1968 2415 2333 2478 quadrupedis
2360 2415 2507 2477 signis
2530 2416 2572 2463 si
2597 2414 2660 2465 sit
2677 2414 2905 2465 incedens
2924 2419 3093 2478 Luna,

1902 2505 1941 2555 si
1960 2505 2105 2555 etiam
2121 2504 2289 2553 boram
2311 2505 2359 2552 in
2376 2502 3019 2566 quadrupedibus-reperias,

1904 2593 2111 2644 infandis
2130 2591 2355 2655 operibus
2369 2590 2667 2653 inquinatur,
2683 2592 2821 2655 quasi
2837 2594 3029 2654 propter
3046 2606 3191 2654 opera

1904 2694 1968 2733 ex
1989 2681 2155 2732 oribus
2177 2678 2340 2743 turpia
2360 2681 2584 2728 scemata
2610 2679 2980 2729 malo-rumore.

1966 2769 2048 2820 sin
2065 2771 2211 2819 Mars
2224 2780 2368 2817 mane
2383 2768 2991 2830 medium-caelum-teneat,
3007 2768 3163 2830 cogita
3174 2803 3189 2829 ,

1904 2858 2121 2923 profecto
2138 2856 2305 2906 multis
2322 2858 2477 2906 matoe
2499 2854 2709 2905 lacrimis
2722 2855 2957 2918 ingemuit
2975 2854 3345 2905 liberis-orbata.

1968 2932 2337 3000 Sin'saturnus
2368 2948 2603 2996 Venerem
2622 2946 2826 3009 propriis
2849 2945 3038 2996 aedibus
3059 2945 3291 3009 inveniat,

1906 3037 2090 3088 etiamsi
2116 3037 2246 3087 dicat
2262 3047 2431 3099 parere
2447 3048 2511 3084 ex
2530 3037 2688 3097 utero,
2713 3047 2965 3096 nunquam
2982 3034 3125 3097 parit,

1906 3123 1989 3175 sed
2015 3125 2250 3174 mentiens
2276 3123 2673 3186 partus-dolores,
2697 3121 2979 3192 sinedolore
2996 3125 3088 3184 est,
3114 3122 3382 3190 sine-prole,

1906 3215 1956 3262 et
1974 3212 2180 3262 alienam
2196 3211 2409 3262 sobolem
2428 3211 2803 3274 sibi-subjiciens
2819 3213 3077 3264 mala-arte
3088 3249 3103 3274 ,

1908 3303 1960 3350 et
1976 3300 2215 3350 inclinans
2232 3312 2409 3363 corpus
2435 3299 2609 3350 sterilis
2630 3313 2866 3363 puerpera
2883 3304 2956 3351 est
2976 3301 3028 3350 in
3054 3301 3197 3364 lecto,

1907 3391 1959 3440 et
1974 3389 2200 3439 simulata
2220 3390 2373 3438 mater
2386 3387 2707 3439 consideravit
2727 3391 3055 3452 apparentiam
3086 3403 3223 3453 pure.

1974 3566 2198 3614 Martem
2218 3567 2270 3614 et
2306 3564 2545 3614 Venerem
2564 3564 2867 3614 contactibus
2887 3565 3134 3616 {inveniens
3150 3569 3303 3616 Luna

1912 3653 2045 3704 solis
2060 3653 2176 3702 locis
2196 3655 2284 3702 aut
2312 3652 2457 3702 etiam
2488 3654 2737 3703 Mercurii
2760 3653 2811 3701 in
2841 3652 3029 3702 sedibus
3041 3688 3056 3713 ,

1910 3740 1952 3791 si
1968 3740 2223 3791 adversum
2245 3740 2421 3790 babeat
2437 3740 2748 3790 tenebrosum
2770 3739 2955 3788 radium
2974 3743 3193 3791 Saturni
3216 3777 3230 3800 ,

1912 3831 2105 3879 tenuem
2127 3829 2176 3877 et
2194 3828 2409 3888 tristem,
2436 3827 2707 3876 maleficam
2734 3829 2785 3876 et
2810 3827 3115 3890 malevolam,

1911 3919 2169 3978 austeram,
2182 3915 2493 3979 praecipitem‚
2504 3915 2921 3977 multa-agentem,
2934 3917 3245 3966 fascinantem
3254 3930 3457 3980 semper,

1912 4004 2371 4064 bene-vellicantem,
2392 4016 2643 4066 procacem
2661 4005 2710 4053 et
2739 4003 3029 4054 imbecillam
3051 4009 3100 4054 et
3122 4006 3351 4066 rhoeam,

1912 4091 2124 4142 insanam
2139 4128 2153 4153 ,
2182 4092 2450 4154 zelotypam
2462 4093 2515 4142 et
2528 4092 2761 4154 ingratam
2779 4095 2829 4142 et
2846 4092 3101 4154 curiosam,

1912 4181 2095 4230 malum
2118 4181 2289 4230 misero
2306 4181 2478 4230 marito
2494 4183 2834 4243 congregatum
2859 4182 3124 4245 malignum
3142 4199 3159 4244 ς

1913 4267 1995 4319 sed
2010 4281 2039 4318 a
2071 4271 2254 4320 Venere
2279 4268 2501 4319 hebetata
2524 4271 2698 4319 mutat.
