3767 5825
1050 376 1459 441 cARMtNIJM
1508 377 1968 442 Mssntcomm
2007 381 2425 454 RELIQmAE.
3262 389 3332 440 91

236 509 536 570 Διπλάσιον
560 507 809 588 στύρακός
832 531 889 566 τε
916 506 1008 565 καὶ
1036 505 1267 584 ἄμμεος,
1291 505 1515 578 ἀννήσου
1542 530 1599 565 τε

236 598 355 658 Καὶ
376 603 502 680 φοῦ,
522 597 613 656 καὶ
634 595 835 655 πολίοιο
853 594 1047 671 κόμης,
1073 594 1209 671 μήου
1232 598 1279 652 τ’
1304 595 1495 675 ἀκόρου
1517 619 1574 654 τε

238 687 377 746 'Hal
402 684 783 766 χαμαιπίτυος,
809 683 897 742 καὶ
924 683 1094 765 φύλλα
1120 682 1483 764 μαλαὸάθροιο

228 773 455 848 Ἔστω,
480 773 571 832 καὶ
596 772 815 855 σφραγὶς
838 770 1055 846 Λήμνου
1080 771 1213 848 ἄπο,
1241 770 1531 851 χαλκίτεώς
1556 794 1641 842 τε,

148 883 203 922 lo
232 863 419 930 Χυλὸς
436 861 531 922 καὶ
554 861 737 932 ξανθῆς
758 859 1105 932 ὓποκιστίδος,
1130 849 1271 925 αὖτις
1296 859 1376 916 ἐπ’
1402 860 1575 926 αὐτοῖς

230 953 285 1012 K
292 949 433 1026 όμμι
449 972 509 1008 τε
525 949 616 1008 καὶ
639 947 821 1028 νάρδος
845 949 1061 1007 Κελτῶν
1081 945 1205 1018 ἄπο,
1224 945 1479 1012 θλάσπεος
1502 949 1695 1016 λεπτῆς

230 1037 349 1098 Καὶ
366 1037 615 1104 σεσέλεως
625 1035 683 1094 τὸ
704 1034 935 1115 σπέρμα,
958 1033 1049 1092 καὶ
1068 1037 1127 1092 ἐκ
1146 1035 1361 1114 Κρήτης
1388 1033 1694 1114 μαράθροιο,

230 1127 353 1188 Καὶ
381 1123 757 1204 καρδαμώμου·
781 1123 885 1183 ἀπὸ
905 1121 1115 1182 πάντων
1143 1122 1385 1204 τέτταρες
1410 1123 1573 1181 ἔστων

134 1267 143 1274 ,
231 1214 523 1295 Δραχμαὶ,
539 1213 769 1296 σμύρνης
783 1211 829 1270 δ’
845 1201 913 1269 αὖ
927 1213 1017 1270 καὶ
1031 1211 1321 1291 στοιχάδος,
1337 1209 1430 1283 ἠδὲ
1450 1210 1693 1290 πρασίου,

150 1325 202 1362 15
236 1303 455 1364 Κόστου
471 1347 490 1380 ,
516 1303 800 1379 δικτάμνου
817 1323 875 1359 τε
904 1300 1145 1380 δραχμὰς
1167 1298 1221 1367 ἓξ
1238 1299 1430 1377 ἔμὸαλ’
1450 1300 1689 1371 ἑκάστου,

234 1392 350 1452 Καὶ
380 1392 487 1470 μὴν
516 1390 605 1450 καὶ
624 1389 890 1467 πεπέρεως
913 1393 1135 1468 μακροῦ,
1164 1387 1346 1468 ἑτέρην
1369 1389 1414 1446 δ’
1437 1387 1523 1446 ἐπὶ
1542 1389 1666 1466 τῇδε

232 1478 535 1560 Ἄργεννὴν,
562 1477 686 1560 ῥῆόν
707 1500 763 1535 τε
782 1475 917 1548 ἴσον,
940 1475 1141 1544 ξανθοῖό
1162 1499 1218 1534 τε
1242 1475 1433 1556 χαίτην

234 1567 521 1650 Κωρυκίου
544 1591 600 1626 τε
619 1565 830 1645 κρόκου,
852 1563 944 1622 καὶ
970 1563 1113 1644 ῥίζαν
1134 1563 1528 1634 πενταπετήλου
1544 1609 1559 1639 ,

236 1655 351 1718 Καὶ
376 1655 433 1714 δέ
456 1681 515 1714 νυ
537 1653 627 1713 καὶ
652 1650 1001 1731 καλαμίνθην,
1015 1644 1114 1710 ἶσα
1139 1651 1347 1730 σχοίνου
1369 1655 1415 1711 τ’
1440 1651 1657 1718 εὗώδους
1671 1695 1690 1728 ,

147 1765 205 1804 m
230 1741 533 1823 Τερμίνθου
546 1740 603 1827 1,δ’
623 1739 729 1799 ἄπο
754 1739 981 1820 ῥητίνην,
1000 1739 1206 1818 νάρδοιο
1228 1763 1283 1798 τε
1312 1739 1457 1820 ῥίζαν

230 1830 440 1900 Ἰνδῖἱς,
458 1827 547 1887 καὶ
570 1826 757 1898 κασίης
780 1825 1019 1904 σύριγας,
1037 1825 1273 1885 λιὸάνοιο
1296 1826 1341 1884 τ’
1363 1827 1598 1902 ἀτμήτου

232 1918 521 1997 Χόνδρους,
545 1913 757 1995 σπέρμα
775 1938 829 1972 τε
850 1914 1041 1973 λεπτὸν
1056 1918 1107 1973 ἐν
1130 1913 1331 1995 οὔρεσιν
1350 1914 1693 1985 ἀλδήσκοντος

234 2005 626 2087 Πετροσελίνου
652 2003 809 2080 μίσγε
834 2001 1074 2081 δραχμὰς
1093 2000 1170 2080 ἓξ,
1194 2000 1421 2078 σταθμὸν
1442 2001 1649 2070 ἰσάζων.

234 2093 531 2156 Διπλάσιον
554 2091 597 2150 δ’
623 2090 759 2150 ἔστω
785 2091 1025 2169 σκορδίου
1041 2134 1057 2166 ,
1084 2090 1384 2168 γογγυλίδος
1402 2113 1458 2146 τε

151 2205 205 2244 as
236 2182 560 2262 Σπέρματος
584 2178 896 2258 ἀγροτέρης,
926 2176 1083 2255 ἴριδός
1110 2201 1194 2247 τε,
1228 2177 1390 2258 ῥόδων
1413 2201 1469 2234 τε
1490 2175 1693 2257 πέτηλα

233 2269 433 2350 Ξηρὰ,
456 2268 547 2328 καὶ
569 2266 838 2344 ἀγαρικὸν,
866 2266 1005 2347 ῥίζης
1026 2265 1112 2322 ἐπὶ
1138 2273 1271 2324 τοῖσι
1295 2265 1537 2344 γλυκείης

230 2357 437 2430 Χυλὸς,
456 2355 547 2415 καὶ
572 2354 847 2435 βλασάμου
866 2352 1016 2426 ὀπὸς,
1036 2353 1173 2432 [ἠδὲ]
1195 2355 1286 2411 καὶ
1310 2352 1663 2428 κιννάμωμον,

242 2447 357 2508 Καὶ
380 2443 539 2525 δριμὺ
563 2441 815 2520 ζιγγίὸερι
848 2441 1089 2520 δραχμὰς
1112 2440 1221 2499 δύο.
1243 2440 1535 2519 Μάγματος
1557 2438 1694 2499 ἔστω

236 2537 331 2602 Δὶς
354 2533 508 2594 τόσον
531 2529 789 2609 ἡδυχρόου
813 2529 1075 2607 πεπέρεως
1102 2528 1321 2606 μέλανός
1338 2551 1413 2602 τε,
1433 2528 1523 2586 καὶ
1547 2525 1695 2587 αὐτοὶ

154 2647 209 2684 so
234 2623 505 2703 Ἄρτίσκοι
528 2621 699 2696 θηρῶν
714 2607 825 2678 ἶσοι
856 2617 1092 2694 μήκωνος
1110 2619 1259 2675 ὀποίο

235 2713 483 2789 Σταθμῷ
499 2751 516 2781 ,
544 2705 619 2774 δὶς
637 2709 691 2764 δέ
712 2729 763 2763 τι
785 2703 971 2764 τόσσον
995 2708 1047 2763 ἐν
1068 2705 1327 2784 α’ρτίσκοις
1350 2705 1504 2782 βάρος
1532 2701 1612 2774 εἴη

238 2803 449 2880 Πικρῆς
464 2801 523 2856 ἐκ
550 2796 793 2868 σκίλλης,
818 2793 1023 2872 μελίτος
1042 2793 1086 2851 δ’
1106 2793 1192 2851 ἐπὶ
1213 2801 1345 2850 πᾶσι
1366 2791 1610 2872 χέασθαι.

237 2887 537 2967 Ἧδυχρόου
552 2883 610 2943 δέ
628 2907 679 2942 τι
695 2881 883 2959 μάγμα
907 2879 1073 2961 μάρου
1089 2877 1185 2960 μὲν
1202 2880 1313 2961 ἔχει
1334 2879 1424 2939 δύο
1438 2880 1695 2960 δραχμὰς,

234 2976 288 3037 Ἰ
295 2999 393 3043 σας
412 2976 459 3035 δ’
478 2963 593 3031 αὖτ’
616 2972 813 3049 ἀσάρου
832 2992 909 3041 τε,
922 2968 1013 3027 καὶ
1031 2966 1282 3048 ἀμαράκ’,
1300 2968 1607 3026 ἀσπαλάθου
1621 2992 1695 3039 τε,

158 3086 209 3123 ss
238 3064 353 3123 Καὶ
370 3060 603 3141 σχοίνου,
626 3058 869 3134 καλάμου
892 3055 937 3114 τ’
958 3056 1199 3127 εὐώδεος,
1218 3058 1277 3113 ἐκ
1300 3053 1501 3113 Πόντου
1519 3078 1574 3111 τε

246 3154 393 3227 Φοῦ,
406 3147 829 3223 ξυλοὸαλσάμου,
840 3145 883 3202 τ’
896 3141 1275 3219 ὀποὸαλσάμου
1292 3140 1532 3222 δραχμὰς
1542 3151 1693 3222 τρεῖς·

240 3240 352 3301 Καὶ
374 3234 681 3313 κιναμώμου
707 3232 835 3294 εἰσὶν
858 3232 997 3305 ἴσαι,
1021 3232 1111 3290 καὶ
1130 3230 1316 3289 κόστου
1338 3233 1422 3289 ἐπ’
1446 3233 1615 3311 αὐτῷ·

241 3326 489 3404 Σμύρνης
510 3325 557 3381 θ’
581 3321 633 3390 ἓξ
659 3320 927 3399 δραχμὰς,
949 3318 1039 3377 καὶ
1064 3318 1234 3398 φύλλα
1260 3318 1621 3395 μαλαὸάθροιο
1636 3366 1653 3397 ,

234 3406 385 3475 Ἶσον
411 3413 455 3470 δ’
480 3401 595 3471 αὖτ’
620 3408 787 3479 Ἰνδῆς
808 3406 1021 3486 νάρδου,
1046 3406 1227 3473 ξανθοῦ
1251 3429 1309 3463 τε
1338 3406 1544 3485 κρόκοιο
1559 3429 1573 3443 ·

159 3525 213 3563 ιο
242 3502 355 3562 Καὶ
376 3500 483 3577 μὴν
500 3497 593 3559 καὶ
610 3496 801 3567 κασίης
812 3486 952 3567 ἶσαι,
976 3496 1159 3553 διπλαῖ
1179 3494 1235 3553 δέ
1253 3494 1299 3552 τ’
1324 3492 1569 3571 ἀμώμου,

242 3589 420 3661 Anaxi}
444 3588 489 3646 δ’
512 3590 571 3645 ἐκ
593 3589 827 3665 κραναῆς
851 3584 981 3645 Χίου
1008 3584 1251 3663 δραχμῆς
1277 3583 1433 3661 βάρος
1454 3580 1535 3652 εἴη

240 3676 501 3756 Μαστίχη
520 3697 533 3710 ·
554 3671 676 3753 οἴνῳ
699 3672 743 3730 δ’
767 3662 835 3730 αὗ
860 3668 1141 3749 Φαλερίνῳ
1170 3668 1516 3749 φυράσασθαι.

140 3784 274 3843 (Gal.
302 3778 468 3833 Antid.
496 3781 535 3837 1.
563 3792 611 3839 p.
638 3780 729 3825 438
747 3777 799 3824 et
820 3774 967 3835 439.)

764 3912 801 3919 ’-·
808 3905 1041 3927 ‘000‘—

654 4010 717 4075 H
766 4006 1176 4075 ΦΙΑΩΝΟΣ

686 4154 1140 4214 ΑΝΤΙΔΟἹῸΣ.

240 4320 477 4402 Τάρσεος
500 4320 697 4397 ἰητροῖο
721 4318 857 4393 μέγα
884 4320 1113 4387 θνητοῖσι
1139 4314 1377 4379 Φίλωνος

324 4407 543 4487 Εὖρεμα
565 4406 690 4485 πρὸς
709 4402 909 4471 πολλάς
930 4406 1040 4480 εἶμι
1066 4406 1245 4461 παθῶν
1273 4401 1459 4467 ὀδύνας
1476 4446 1491 4473 ,

252 4496 380 4558 Εἴτε
398 4496 549 4555 κόλον
570 4493 766 4571 πάσχει
789 4515 867 4558 τις
885 4538 903 4569 ‚
932 4490 1073 4559 ἅπαξ
1095 4489 1258 4563 δοθὲν,
1288 4488 1390 4547 εἴτε
1418 4513 1493 4555 τις
1515 4482 1662 4566 ἧπαρ
1676 4535 1692 4566 ,

328 4586 454 4649 Εἴτε
484 4585 728 4665 δυσουρίῃ
749 4584 987 4663 ἴσχεται,
1013 4582 1117 4643 εἴτε
1144 4584 1289 4664 λίθῳ.

174 4698 201 4733 ι
248 4676 441 4753 ’Ῑῶμαι
460 4674 552 4732 καὶ
576 4674 785 4744 σπλῆνα
800 4720 817 4745 ‚
839 4672 929 4730 καὶ
948 4671 1253 4753 ὀρθόπνοιαν
1273 4672 1495 4749 ἀναιρῶ,

326 4762 437 4823 Καὶ
466 4760 631 4843 φθίσιν
653 4762 833 4837 ἷῶμαι,
858 4758 1105 4836 σπασμὸν
1123 4758 1477 4833 ἐνιστάμενον,

256 4851 366 4915 Καὶ
385 4848 647 4932 σφαλερὴν
670 4851 951 4929 πλευρῖτιν·
972 4846 1253 4906 ἀποπτύων
1279 4844 1336 4904 δέ
1351 4869 1426 4912 τις
1446 4834 1576 4923 αἷμα

329 4938 407 5001 Ἢ
439 4936 625 5013 ἐμέων,
654 4935 755 5005 ἔξει
780 4940 837 5011 μ’
863 4936 1145 4996 ἀντίπαλον
1173 4932 1411 4993 θανάτου.

256 5025 443 5085 Πάντα
464 5024 509 5081 δ’
530 5022 628 5081 ὅσα
649 5022 1027 5103 σπλάγχνοισιν
1045 5022 1312 5081 ἐνίσταται
1332 5020 1495 5099 ἄλγεα
1520 5017 1694 5095 παύω,

185 5133 231 5171 ιο
330 5112 489 5191 Βῆχά
508 5134 565 5170 τε
586 5110 676 5168 καὶ
698 5109 947 5188 πνιγμὸν,
970 5109 1137 5191 λύγγα
1166 5132 1223 5168 τε
1247 5110 1336 5167 καὶ
1358 5107 1640 5186 κατάρουν.

256 5201 569 5286 Γέγραμμαι
582 5196 637 5256 δὲ
655 5206 878 5285 σοφοῖσι,
900 5196 1079 5282 μαθὼν
1094 5195 1150 5260 δέ
1167 5219 1243 5265 τις
1262 5198 1319 5255 οὗ
1339 5195 1506 5285 βραχύ
1524 5192 1579 5271 μ’
1596 5190 1696 5265 ἔξει

1781 511 1954 572 AEqua‚
1983 513 2032 559 et
2054 510 2261 573 duplicia
2282 510 2575 573 styracisque
2589 547 2603 570 ,
2623 522 2906 572 amensque,
2931 514 2981 559 et
3007 511 3145 570 anisi,

1779 597 1914 657 Phu,
1939 597 2149 660 poliique
2169 611 2321 647 comae
2345 599 2537 660 pariter,
2563 598 2782 658 meique,
2807 598 3058 660 acorique,

1780 687 1936 748 Atque
1959 686 2326 748 cbamaepityos‚
2351 687 2574 736 soliorum
2593 686 2764 736 itidem'
2782 687 3062 736 malabathri
3077 723 3092 748 ,

1781 776 1930 838 Sigilli
1949 790 2010 826 ex
2035 780 2244 839 Lemno,
2265 791 2378 826 mox
2403 779 2689 839 chalciteoS,
2715 779 2972 840 hypocistis

1781 863 2026 914 Flaventis
2042 865 2201 927 succi,
2220 866 2436 928 gummi,
2465 869 2516 916 et
2541 881 2685 928 quam
2705 868 2862 917 Gallia
2887 868 3034 918 donat

1779 953 1951 1014 Nardi,
1971 955 2200 1015 praeterea
2217 955 2380 1004 tenuis
2403 955 2606 1018 thlaspi,
2629 957 2774 1018 atque
2796 956 2993 1018 perinde

1782 1041 1988 1090 Seminis
2007 1055 2035 1090 e
2051 1043 2213 1101 seseli,
2231 1042 2459 1092 marathri
2479 1042 2610 1105 quod
2632 1047 2776 1094 creta
2795 1044 3051 1104 ministrat,

1780 1132 1843 1180 Et
1860 1131 2158 1180 cardamomi
2179 1131 2422 1181 drachmae
2440 1131 2678 1194 cuiusque
2695 1133 2926 1195 parantur

1782 1221 2040 1281 Quattuor,
2065 1221 2116 1268 at
2133 1219 2326 1281 myrrha
2347 1221 2396 1290 et
2423 1221 2612 1282 prasion
2625 1256 2640 1281 ,
2661 1233 2773 1270 cum
2792 1221 3036 1270 stoechade
3061 1223 3239 1281 costus,

1784 1306 2064 1356 Dictamnus
2087 1320 2226 1356 senas
2251 1308 2442 1370 capient
2464 1308 2572 1358 hoec
2595 1309 2781 1372 singula
2797 1310 3077 1370 drachmas,

1782 1396 1913 1452 Quin
1933 1395 2078 1444 etiam
2101 1395 2236 1457 piper
2251 1395 2539 1458 oblongum,
2559 1396 2725 1446 album
2737 1434 2753 1460 ,
2771 1401 3001 1460 praeterea
3021 1400 3138 1450 rheu
3157 1435 3172 1460 ,

1780 1485 1938 1546 Atque
1963 1497 2131 1533 crocus
2152 1484 2238 1547 qui
2257 1486 2462 1547 Corycio
2479 1485 2696 1535 defertur
2713 1486 2776 1536 ab
2798 1489 2966 1548 antro,

1783 1573 2012 1635 Quinque
2035 1571 2176 1622 simin
2207 1573 2308 1622 solii
2335 1573 2472 1623 radix
2495 1575 2544 1624 et
2560 1574 2736 1636 juncus
2753 1574 2956 1637 odonis,

1780 1661 1938 1723 Atque
1959 1660 2120 1724 nepita
2136 1660 2391 1711 drachmas
2408 1663 2634 1724 mqualoe,
2659 1664 2708 1712 et
2724 1664 2981 1712 terebinthi

1780 1747 1953 1798 Resina
1971 1749 2232 1811 accipient,
2257 1749 2394 1798 nardi
2412 1750 2554 1799 simul
2575 1750 2736 1800 Indica
2761 1751 2896 1800 radix
2911 1789 2926 1812 ,

1780 1837 1960 1886 Fistula
1972 1837 2072 1897 jam
2091 1838 2230 1886 casiae
2244 1874 2258 1898 ,
2277 1837 2512 1888 insectum
2536 1839 2674 1900 thus,
2701 1840 2970 1900 petroselini

1780 1925 1994 1975 Montani
2013 1925 2171 1974 tenuis
2186 1939 2351 1974 semen
2373 1939 2458 1975 sex
2479 1927 2664 1988 singula
2685 1923 2928 1976 drachmis
2941 1963 2958 1988 ,

1779 2015 1809 2061 J
1813 2026 1968 2074 unge;
1987 2013 2132 2062 modo
2151 2026 2322 2062 verum
2349 2013 2595 2076 duplicato
2613 2014 2834 2064 scordion
2853 2015 2994 2078 adde,

1781 2102 1842 2150 Et
1859 2113 1988 2162 rapae
2007 2113 2170 2150 semen
2189 2101 2462 2163 sylvestria,
2485 2103 2534 2150 et
2549 2102 2630 2150 iris
2652 2101 2814 2150 odorae
2829 2138 2844 2162 ,
2864 2103 2914 2151 et

1781 2188 1920 2236 Sicca
1941 2201 2064 2236 rosae
2092 2187 2225 2250 solia,
2251 2189 2522 2250 agaricum,
2549 2202 2724 2238 succus
2743 2190 3084 2252 glycyrrhizae,

1780 2276 2152 2338 Balsameusque
2175 2275 2350 2338 liquor,
2379 2275 2700 2325 cinamomum
2714 2312 2730 2338 ,
2753 2276 2966 2338 gingiber
2985 2277 3156 2326 ardens

1783 2364 1924 2413 Binas
1944 2364 2180 2428 accipient
2195 2364 2476 2426 drachmas3
2501 2367 2550 2414 et
2575 2365 2826 2427 magmatis
2847 2367 2950 2414 esto

1783 2453 1860 2502 Bis
1889 2455 2075 2500 tantum
2105 2453 2394 2515 hedychroi‚
2421 2453 2692 2518 piperisque
2717 2453 2867 2516 nigri,
2897 2454 3088 2516 insuper
3109 2453 3247 2504 orbes

1780 2540 2290 2616 Theriaci‘aequabunt
2311 2542 2476 2604 opium
2490 2579 2506 2604 ,
2529 2543 2616 2590 hos
2636 2543 2708 2591 bis
2734 2542 2925 2592 vincere
2949 2543 3102 2592 deben

1783 2628 1998 2678 Pondere
2019 2628 2218 2690 scillini,
2241 2632 2291 2679 et
2309 2630 2494 2679 cunctis
2511 2630 2604 2680 mel
2630 2630 2832 2692 doeuper
2849 2629 2988 2679 adde.

1782 2717 2051 2780 fledychroi
2073 2717 2180 2766 vult
2201 2731 2390 2779 magma
2415 2721 2537 2766 mari
2557 2718 2694 2767 binas
2709 2717 2800 2766 sibi
2817 2717 3096 2777 drachmaS,
3199 2709 3202 2713 ’

1784 2807 2007 2868 AEquales
2024 2809 2074 2856 et
2091 2805 2298 2856 amaraci
2327 2805 2531 2866 habeuS,
2551 2805 2675 2856 asari
2688 2841 2703 2866 ,
2723 2805 3050 2867 aspalathique
3063 2841 3078 2864 ,

1784 2897 1845 2945 Et
1864 2894 1999 2957 junci
2019 2895 2210 2957 teretis,
2235 2894 2407 2943 calami
2431 2895 2514 2957 qui
2537 2895 2697 2943 suavis
2714 2891 2860 2942 odore
2885 2895 2984 2953 est,

1784 2985 1883 3034 Phu
1906 2984 2069 3044 Ponti,
2091 2984 2201 3045 ligni
2235 2986 2285 3031 et
2309 2984 2438 3031 succi
2463 2994 2607 3044 quem
2636 2982 2882 3030 balsamon
2901 2981 3002 3030 edit

1782 3076 1898 3122 Tres
1923 3073 2069 3121 sunto
2092 3071 2334 3120 drachmae
2349 3108 2363 3132 ,
2391 3070 2588 3120 totidem
2616 3070 2765 3129 costi,
2787 3070 3070 3129 cinamomi;

1786 3161 1994 3223 Myrrhae
2016 3174 2102 3209 sex
2123 3159 2240 3209 alias
2266 3160 2460 3220 misces,
2491 3159 2590 3207 solii
2620 3157 2936 3219 malabathri,

1784 3250 2014 3300 indorum
2034 3248 2200 3308 nardi,
2225 3248 2432 3310 flavique
2449 3247 2578 3297 croci
2597 3247 2790 3309 insuper
2808 3260 3000 3309 mquas,

1782 3338 2056 3397 Quinetiam
2077 3338 2219 3387 casiae
2240 3336 2440 3386 totidem
2457 3372 2471 3392 ,
2497 3335 2579 3386 sed
2603 3336 2791 3397 pondus
2807 3335 2986 3384 amomi

1782 3433 1930 3478 Sume
1947 3425 2147 3489 duplum
2164 3461 2178 3485 ,
2203 3426 2484 3475 drachmam
2509 3424 2643 3474 Chiae
2660 3423 2740 3473 sed
2763 3424 3008 3473 'mastichae
3027 3422 3243 3482 habehit,

1786 3519 1904 3565 Haec
1924 3516 2036 3565 vino
2053 3514 2229 3563 debent
2249 3512 2494 3575 conspergi
2513 3517 2682 3561 cuncta
2707 3512 2924 3561 Falerno.
2944 3519 2950 3524 ·
3041 3562 3048 3569 ‚

2315 3988 2438 4053 PH
2457 3986 2552 4051 [L
2563 3988 2625 4052 O
2637 3986 2696 4052 Ν
2714 3984 2804 4050 IS

2324 4130 2780 4192 ANTIDOTUS.

1782 4271 1855 4317 En
1880 4278 1961 4315 me
1988 4266 2230 4315 Tarsensis
2251 4263 2424 4312 medici
2453 4261 2730 4324 praegrande
2759 4260 2969 4309 Philonis

1844 4346 2098 4394 inventum
2114 4379 2128 4402 ,
2149 4343 2276 4391 mala
2302 4340 2436 4404 quod
2460 4340 2612 4389 multa
2637 4339 2802 4388 dolore
2825 4339 2961 4397 levo,

1780 4423 1892 4473 Sive
1919 4422 2080 4470 colum
2099 4419 2259 4468 doleas
2274 4454 2288 4478 ,
2317 4430 2402 4467 seu
2425 4420 2479 4466 tu
2504 4416 2660 4477 jecur,
2681 4414 2962 4476 auxiliabor,

1841 4502 1936 4548 Seu
1961 4499 2080 4560 lapis
2098 4497 2311 4556 infestet,
2330 4494 2526 4543 difficile
2543 4495 2629 4543 aut
2649 4494 2838 4543 lotium.

1784 4578 1843 4626 Et
1860 4574 2056 4624 medeor
2078 4562 2391 4636 spleni'hinm
2409 4571 2816 4633 orthopnoeaeque
2833 4569 3046 4617 molestae
3059 4605 3074 4627 ,

1843 4652 2084 4703 convulsa
2105 4652 2252 4713 atque
2271 4650 2432 4699 tabem
2460 4646 2677 4710 protinus
2697 4659 2950 4708 exsupero.

1786 4730 2131 4790 pleuritimque
2149 4728 2323 4777 malam
2349 4728 2400 4776 et
2423 4729 2622 4788 sputum
2646 4723 2982 4785 vomitumque
3001 4723 3180 4771 cruoris

1846 4808 2023 4857 Evince
2035 4842 2050 4867 ,
2070 4805 2238 4855 mortis
2252 4806 2410 4855 terror
2431 4806 2481 4853 et
2502 4803 2650 4852 hostis
2667 4814 2756 4863 ego

1784 4889 1978 4939 Viscera
1997 4888 2236 4937 tentantes
2253 4897 2420 4934 omnes
2447 4896 2534 4947 ego
2551 4882 2665 4931 sedo
2687 4881 2902 4939 dolores,

1842 4969 2038 5014 interna
2054 4966 2104 5014 et
2131 4961 2358 5026 quicquid
2383 4959 2600 5011 membra
2617 4959 2783 5008 dolore
2805 4958 2980 5020 quatit.

1781 5043 1968 5093 Tussim
1982 5078 1996 5103 ,
2019 5041 2282 5103 singultum
2306 5038 2694 5097 destillantesque
2711 5036 2885 5085 fluores

1843 5121 1989 5180 sisto,
2013 5119 2157 5168 etiam
2175 5118 2214 5165 si
2239 5115 2358 5179 quid
2377 5115 2660 5175 strangulet,
2688 5113 2892 5175 excipio.

1783 5204 1861 5258 Me
1881 5199 2014 5252 dedit
2036 5199 2116 5255 ille
2137 5200 2306 5249 auctor
2325 5194 2528 5261 sapienti
2552 5206 2752 5251 munera
2769 5205 2940 5257 magna
