3767 5825
442 387 475 436 ⁵3
1316 379 1509 440 ΦῙΛΗ
1552 380 1822 441 ΣΤῘΧΟῘ
1866 381 2050 442 ΠΕΡΙ
2093 377 2304 442 ΖΩΩΝ
2346 379 2779 440 ῙΔΙΟΤΗΤΟΣ.

441 509 533 587 (ιο)
566 507 893 590 Βακχεύεται
920 508 976 568 δὲ
989 509 1101 578 ταῖς
1120 508 1355 578 ἀπίστοις
1374 509 1579 590 ἐλπίσι,

565 600 737 655 ποθῶν
757 595 989 677 ἀτεχνῶς
1002 595 1098 670 τὴν
1121 596 1313 680 φθορὰν
1356 600 1663 680 ἐπιτρέχειν.

560 682 826 756 Ἄνθρωπε
846 684 1212 766 φιλόψυχε,τὸν
1232 684 1418 746 κύκνον
1449 685 1676 768 βλέπων,

556 770 683 852 πρὸς
704 774 799 844 τὴν
818 771 1083 848 τελευτὴν,
1106 775 1151 832 εἰ
1172 777 1397 855 φρονεῖς,
1420 771 1496 854 μὴ
1526 771 1816 856 στυγνᾶσῃς

910 1081 1096 1143 ΠΕΡΙ
1137 1083 1513 1144 ΓΕΡΑΝΩΝ.

462 1244 543 1284 2³⁵
565 1222 660 1291 Τίς
683 1222 778 1296 τὴν
814 1221 1065 1304 στρατιὰν
1082 1226 1187 1282 τῶν
1217 1224 1449 1306 γεράνων
1480 1228 1702 1295 ὁπλίσας

555 1314 762 1392 θεσμοῖς
785 1321 1043 1395 φυσικοῖς,
1072 1312 1165 1372 καὶ
1188 1315 1396 1395 πτεροῖς
1418 1313 1729 1397 ὀξυδρόμοις,

557 1401 641 1461 ἐπὶ
663 1400 730 1460 τὰ
755 1405 876 1460 κατ’
898 1399 1162 1480 Αἴγυπτον
1182 1401 1352 1483 ἐξάγει
1376 1402 1539 1483 μέρη,

556 1489 618 1548 τὸ
636 1495 726 1548 τοῦ
754 1487 952 1570 ψύχους
978 1487 1268 1570 φεύγουσαν
1296 1489 1547 1571 εὐτέχνως
1586 1491 1759 1570 βέλος,

470 1579 533 1657 (ο)
560 1576 588 1636 ὃ
616 1575 901 1658 κρύπτεται
940 1577 1035 1654 μὲν
1060 1583 1129 1644 ὥς
1156 1575 1417 1659 φαρέτρα,
1458 1583 1524 1658 τῇ
1545 1578 1765 1660 Θράκῃ,

456 1687 537 1726 2⁴0
555 1666 864 1743 λυμαίνεται
888 1662 943 1724 δὲ
970 1665 1063 1736 τὴν
1090 1665 1375 1744 ὑπόπτερον
1399 1665 1571 1746 φύσιν,

555 1752 840 1834 ὑπαιθρίοις
862 1749 1155 1830 πνεύμασιν
1180 1753 1561 1832 ἐστομωμένον.

560 1841 657 1909 Τίς
686 1841 823 1921 ἕρμα
850 1849 989 1899 ποιεῖ
1015 1848 1129 1908 ταῖς
1150 1839 1384 1922 γεράνοις
1401 1839 1496 1908 τὰς
1522 1840 1720 1914 λίθους,

568 1929 628 1997 ἃς
656 1926 1108 2009 ἐγκαθειργνύουσι
1144 1937 1249 1996 τοῖς
1273 1929 1631 2009 παρισθμίοις,

438 2018 532 2096 (10)
558 2017 685 2100 πρὸς
708 2016 799 2084 τὰς
826 2015 954 2096 ὑπὲρ
986 2021 1081 2095 γῆς
1104 2015 1331 2094 ἐμὸολὰς
1357 2021 1458 2076 τῶν
1492 2019 1831 2098 πνευμάτων·

457 2124 536 2164 245
559 2102 839 2166 Δεδοίκασι
858 2103 958 2184 γὰρ
979 2106 1039 2162 ἐκ
1064 2108 1259 2185 τροπῆς
1283 2102 1523 2182 ἀταξίαν,

554 2191 678 2251 ὅταν
701 2195 729 2250 6
762 2191 951 2272 ταρσὸς
968 2194 1071 2249 τῶν
1094 2195 1297 2270 πτερῶν
1332 2201 1438 2260 τοῖς
1468 2190 1659 2274 ὀρνέοις

558 2279 749 2362 ἔρημον
780 2282 938 2359 ἰχνῶν
966 2283 1218 2357 παταγῶν
1251 2278 1413 2360 τέμνῃ
1441 2280 1637 2361 τρίὸον,

557 2370 627 2436 εἷς
649 2367 876 2450 δρμαθὸν
904 2365 1197 2449 τρίστοιχον
1220 2365 1514 2447 ὀξυγωνίου.

440 2455 531 2534 (1⁶)
563 2453 659 2520 Τίς
685 2445 827 2520 αὗθις
856 2455 1025 2513 αὐτῶν
1054 2453 1346 2523 ἐκδοθείσας
1368 2456 1462 2524 τὰς
1481 2455 1677 2531 λίθους,

451 2563 531 2603 250
546 2540 670 2601 ὅταν
694 2545 722 2600 6
750 2541 946 2623 μακρὸς
967 2545 1059 2602 τοῦ
1077 2548 1267 2624 πτεροῦ
1296 2543 1428 2624 λήξῃ
1458 2546 1647 2626 δρόμος
1662 2589 1679 2618 ,

553 2631 696 2689 ποιεῖ
713 2629 946 2711 κριτικὰς
963 2635 1053 2690 τοῦ
1080 2637 1280 2712 χρυσοῦ
1306 2633 1411 2700 τοῖς
1431 2633 1707 2716 ἐμπόροις;

554 2716 727 2778 ‘'O-rav
752 2715 807 2776 δὲ
834 2715 1123 2777 καθεύδωσι
1152 2718 1421 2800 ῥᾳστώνης
1445 2719 1621 2802 χάριν,

554 2805 703 2866 ποίου
728 2811 1021 2886 στρατηγοῦ
1036 2813 1281 2866 τακτικοῦ
1307 2813 1524 2886 γνοῦσαι
1557 2809 1739 2888 νόμους
1756 2853 1775 2884 ,

437 2895 525 2974 (so)
557 2893 784 2977 εἴργουσι
802 2902 909 2954 πᾶν
937 2893 1118 2963 ἔξωθεν
1134 2894 1406 2956 εἶσπίπτον
1434 2895 1544 2965 δέος

452 3003 530 3043 25⁵
546 2988 775 3063 σωτῆρσι
800 2986 1004 3050 πιστοῖς
1030 2981 1122 3041 καὶ
1142 2992 1355 3051 σκοποῖς
1378 2984 1707 3065 ἄνεσπέροις,

568 3070 655 3139 οὓς
673 3069 751 3139 τίς
771 3070 932 3129 πάλιν
952 3068 1130 3129 ἔπεισε
1151 3070 1278 3152 παρ’
1301 3070 1475 3140 ἄλλοις
1494 3072 1653 3143 λίθοις

562 3159 903 3229 ἀσκωλιάζειν
929 3162 1001 3227 εἰς
1016 3158 1290 3236 ἀκάματον
1314 3160 1524 3235 στάσινς

884 3453 1067 3513 ΠΕΡΙ
1106 3432 1528 3516 ΠΕΡΔΙΚΩΝ.

559 3584 764 3663 Λᾶγνον
792 3584 851 3644 τὸ
874 3584 1124 3667 φιλόθηλυ
1146 3588 1403 3669 περδίκων
1422 3589 1594 3667 γένος·

555 3672 623 3732 τὰ
651 3672 754 3754 γὰρ
782 3676 835 3732 ἐν
857 3675 976 3742 ὠοῖς
997 3675 1351 3755 ὄργανούμενα
1374 3677 1538 3760 βρέφη

460 3783 539 3823 260
559 3761 796 3842 συγκλῶν
812 3764 840 3819 6
858 3761 1036 3844 πατὴρ
1058 3768 1126 3845 τῇ
1152 3772 1348 3847 στροφῇ
1373 3771 1471 3826 τῶι
1602 3766 1793 3846 ροίκων,

553 3850 858 3931 κτείνειπρὸ
881 3858 1063 3933 καιροῦ
1092 3855 1356 3932 δυσμενῶς
1374 3856 1464 3915 καὶ
1488 3883 1509 3916 ι
1628 3857 1714 3916 έει·

454 3940 523 4019 (ο)
561 3939 650 3999 καὶ
676 3938 772 4012 τὴν
796 3938 1023 4021 φυσικὴν
1048 3946 1077 4001 6
1104 3943 1316 4025 φθορεὺς
1340 3944 1450 4004 λύει
1474 3962 1675 4025 σχεσιν,

551 4034 620 4096 ὥς
647 4026 709 4087 ἂν
740 4030 823 4087 ἐπ’
848 4030 1007 4101 αὖτ’ἥς
1034 4034 1233 4114 ερθυμῇ
1261 4038 1355 4105 τῆς
1373 4032 1620 4113 συζύγου,

548 4116 611 4176 τὸ
628 4116 879 4197 μητρικὸν
898 4116 1181 4199 τύρὸασμα
1205 4121 1359 4190 τιθεὶς
1389 4126 1449 4181 ἐκ
1478 4122 1657 4200 μέσου.

442 4226 519 4265 265
541 4204 666 4267 Εἰσὶ
689 4202 746 4263 δὲ
773 4204 967 4264 πολλαὶ
988 4206 1280 4287 φιλότεκνοι
1308 4208 1555 4290 μητέρες,

557 4291 617 4352 αἳ
638 4290 757 4359 τοὺς
783 4290 963 4360 τόκους
979 4294 1261 4356 κλέπτουσι
1279 4304 1371 4357 τοῦ
1395 4297 1573 4377 γένους
1592 4296 1767 4379 χάριν,

432 4381 521 4460 (10)
548 4378 639 4440 καὶ
660 4382 763 4438 τῶν
786 4383 991 4460 πτερῶν
1021 4382 1277 4443 θάλπουσι
1303 4389 1369 4466 τῇ
1393 4384 1530 4455 ζέσει
1547 4385 1749 4465 κρύφα,

545 4464 773 4533 καὶτοὺς
793 4468 993 4526 ἑαυτῶν
1021 4472 1297 4551 εὐτυχοῦσι
1324 4472 1619 4554 φιλτάτους.

546 4556 617 4615 Εἰ
634 4553 738 4637 γὰρ
766 4556 1131 4636 ἐπεκράτησαν
1160 4564 1207 4618 οἳ
1233 4560 1591 4633 παιδοκτόνοι,

446 4662 527 4703 270
542 4644 645 4701 τῶν
672 4640 939 4723 περδίκων-
960 4644 1151 4726 ἔρημος
1172 4640 1236 4720 ἧν
1261 4648 1325 4707 ἂν
1344 4653 1379 4720 ἡ
1402 4648 1587 4715 κτίσις.

551 4729 679 4791 Εἰσὶ
696 4729 752 4789 δὲ
778 4728 911 4798 τινὲς
930 4733 1020 4792 καὶ
1039 4736 1246 4813 γλυκεῖς
1266 4735 1579 4818 φυτοσπόροι
1599 4781 1615 4809 ,

444 4818 520 4903 (15)
551 4817 603 4877 οἳ
624 4817 715 4877 καὶ
744 4820 1078 4881 συνωδίνουσι
1116 4832 1230 4891 ταῖς
1258 4824 1587 4907 θηλυτέραις,

544 4904 635 4965 καὶ
652 4906 1065 4976 συνεπωᾶζουσιν
1095 4911 1147 4981 ἐξ
1184 4912 1593 4993 εὐσπλαγχνίας,

548 4993 638 5053 καὶ
672 4994 1115 5077 συνδιατρίὸουσιν
1138 4999 1190 5069 ἐξ
1224 5002 1544 5074 ἀπληστίας,

446 5102 525 5145 275
544 5082 633 5141 καὶ
661 5078 776 5149 τοὺς
792 5083 1025 5151 νεοττοὺς
1046 5090 1288 5148 ἑστιῶσιν
1316 5088 1547 5170 ἀφθόνως
1563 5134 1580 5166 ,

553 5168 615 5241 ἂν
638 5172 741 5237 τῶν
766 5176 1031 5262 πνιγηρῶν
1058 5178 1347 5259 ἐκραγῶσιν
1372 5177 1659 5259 ὀστράκων.

3341 383 3416 462 ‹ae
3443 385 3624 465 -ιω

2081 517 2348 569 Baoehatur
2367 517 2528 568 autem
2544 516 2726 568 ineerta
2741 529 2827 581 spe
2835 551 2852 579 ,

2083 607 2220 671 plane
2241 606 2437 670 cupiens
2455 607 2506 656 iu
2521 607 2766 657 interitum
2783 606 3040 656 incurrere.

2083 697 2244 746 Romo
2261 695 2377 746 vitoe
2399 707 2593 758 amans,
2616 708 2821 758 cygnum
2837 693 3134 758 adspiciens,

2083 784 2143 834 ad
2167 783 2308 834 tinem
2329 784 2471 846 vitae,
2490 783 2530 833 si
2553 783 2780 847 sapis‚ne
2805 795 3024 834 moereas.

2555 1071 2642 1121 ιι.
2685 1061 2786 1122 DE
2825 1062 3176 1125 GRUIBIJS.

2083 1246 2202 1305 Quis
2215 1247 2472 1298 exereitum
2491 1259 2664 1310 gruum
2681 1260 2874 1298 armans

2083 1335 2264 1398 legibus
2285 1335 2584 1386 naturalibus
2596 1371 2612 1396 ,
2631 1339 2682 1384 et
2697 1335 2785 1385 alis
2805 1335 3049 1386 velocibus
3061 1371 3078 1399 ,

2083 1423 2141 1472 ad
2167 1424 2358 1488 AEgypti
2378 1423 2594 1486 regiones
2613 1423 2804 1484 educit,

2085 1512 2298 1562 sollerter
2321 1513 2582 1574 rugientem
2607 1512 2794 1575 frigoris
2817 1513 3005 1564 telum?

2083 1600 2213 1664 quod
2229 1599 2423 1664 quidem
2445 1601 2743 1652 reconditum
2759 1601 2852 1662 est,
2866 1604 3096 1665 tanquam
3111 1603 3160 1654 in
3175 1603 3415 1668 phar-em,
3429 1606 3478 1655 iu
3497 1607 3616 1656 Thra-

2081 1689 2212 1739 laedit
2245 1691 2408 1739 autem
2425 1689 2666 1739 volatilem
2687 1689 2982 1753 progeniem,
3518 1695 3613 1759 [αἐ,

2083 1777 2238 1826 ventis
2251 1777 2576 1826 acuminatum
2595 1777 2686 1826 sub
2711 1777 2828 1828 divo
2839 1777 3082 1829 flantibus.

2082 1866 2202 1925 Quis
2223 1865 2468 1915 saburram
2485 1865 2682 1928 gruibus
2705 1867 2815 1916 facit
2827 1865 3011 1930 lapides

2082 1967 2204 2016 quos
2221 1953 2272 2003 in
2292 1953 2498 2004 tonsillis
2519 1953 2796 2015 includunt,

2082 2043 2244 2092 eontra
2265 2045 2522 2091 ventorum
2541 2055 2690 2105 supra
2711 2047 2887 2092 terram
2911 2041 3150 2106 impetus?

2083 2130 2304 2179 Metuant
2323 2128 2450 2178 euim
2469 2142 2498 2178 a
2520 2130 2664 2192 tergis
2701 2130 2852 2180 versis
2875 2131 3276 2193 perturbationem
3295 2167 3311 2192 ,

2083 2217 2464 2280 quandoquidem
2489 2218 2564 2267 bis
2581 2217 2844 2280 avibusssala
2859 2231 3068 2281 expansa

2081 2309 2298 2370 strepens
2319 2306 2555 2356 desertam
2578 2307 2789 2368 vestigiis
2811 2307 2938 2356 viam
2960 2308 3130 2370 euadit,

2082 2395 2374 2447 volantibus
2393 2395 2444 2445 in
2461 2395 2678 2446 ordinem
2697 2396 2984 2460 triquetrum
3003 2401 3095 2462 qui
3119 2400 3198 2448 est
3211 2399 3368 2450 acutis
3389 2399 3578 2462 angulis.

2081 2485 2201 2543 Quis
2217 2499 2359 2549 porro
2377 2484 2544 2534 harum
2563 2484 2744 2548 lapides
2771 2485 2951 2546 editoS,

2082 2573 2274 2636 quando
2291 2573 2462 2636 longus
2483 2573 2572 2623 alae
2594 2587 2765 2624 cursus
2783 2572 2950 2624 finitus
2967 2577 3066 2637 est,

2082 2662 2185 2712 auri
2204 2661 2392 2724 judiees
2405 2662 2518 2712 fecit
2539 2661 2908 2712 mercatoribus?

2082 2749 2284 2809 Quando
2305 2753 2466 2801 autem
2491 2749 2738 2800 dormiunt
2758 2749 3052 2800 remissionis
3067 2763 3212 2800 causa
3225 2787 3242 2812 ,

2081 2839 2218 2901 euius
2235 2838 2372 2889 ducis
2389 2838 2572 2888 bellieoe
2593 2839 2708 2889 artis
2723 2837 2864 2902 periti
2881 2837 3008 2902 leges
3019 2838 3206 2888 edoctae

2083 2929 2361 2993 propulsant
2380 2941 2572 2978 omnem
2589 2931 2773 2977 metum
2797 2927 2912 2978 roris
2927 2928 3230 2991 ingruentem
3305 2988 3313 2995 ‚

2081 3016 2511 3080 propugnatoribus
2532 3016 2752 3067 fidelibus
2775 3018 2827 3067 et
2849 3016 3224 3080 speculatoribus
3244 3016 3562 3068 exsomnibus?

2081 3118 2202 3169 quas
2223 3104 2332 3169 quis
2349 3114 2492 3168 porro
2507 3104 2674 3155 docuit
2695 3095 2828 3159 ³P⁰d
2843 3096 2964 3146 alim*
2987 3092 3174 3157 hvid&

2083 3193 2166 3243 uni
2189 3188 2298 3257 pedi
2317 3193 2452 3243 inniti
2473 3192 2532 3242 ad
2551 3192 2839 3243 indefessum
2863 3194 3073 3243 statum?

2483 3454 2573 3504 12.
2619 3444 2725 3503 DE
2767 3444 3236 3505 PERDICIBUS.

2079 3595 2408 3647 Libidinosum
2422 3598 2497 3645 est
2511 3594 2756 3657 perdicum
2775 3595 3084 3646 mulierosum
3102 3610 3252 3659 genus
3271 3613 3285 3647 :

2081 3684 2205 3735 fetus
2221 3683 2348 3733 enim
2367 3684 2415 3732 in
2433 3684 2538 3733 ovis
2553 3684 2637 3746 qui
2656 3683 2919 3733 formantur

2080 3778 2214 3837 pater
2232 3771 2532 3833 confringens
2554 3771 2864 3821 conversione
2885 3776 3110 3823 testarum
3129 3810 3144 3835 ,

2079 3860 2250 3911 infeste
2261 3865 2402 3910 necat
2423 3864 2534 3908 ante
2551 3862 2744 3921 tempus
2769 3862 2820 3908 et
2835 3858 3110 3919 confundit,

2079 3962 2136 3999 ae
2157 3947 2421 3998 naturalem
2437 3946 2653 3997 habitum
2675 3950 2927 4011 corruptor
2945 3946 3109 4008 solvit,

2079 4038 2200 4088 utin
2219 4036 2324 4100 ipsa
2347 4035 2610 4086 delectetur
2631 4036 2856 4098 conjuge,

2077 4124 2244 4175 matris
2265 4124 2606 4187 impedimento
2622 4136 2681 4173 ex
2697 4123 2857 4173 medio
2879 4124 3084 4173 sublato.

2078 4217 2200 4265 Sunt
2215 4218 2374 4262 temen
2388 4212 2552 4262 multae
2569 4216 2749 4262 matres
2771 4212 3028 4262 liberorum
3051 4217 3262 4263 amantes
3275 4249 3288 4273 ,

2078 4314 2188 4367 quae
2207 4302 2332 4350 setus
2350 4300 2638 4349 subtrahunt
2663 4300 2981 4361 generationis
2999 4312 3166 4363 rausa,

2077 4394 2126 4440 et
2150 4400 2417 4453 pennarum
2439 4389 2596 4439 calore
2613 4386 2734 4436 clam
2751 4386 2940 4449 fovent,

2076 4482 2126 4528 et
2143 4477 2300 4542 pullos
2317 4490 2434 4527 suos
2457 4475 2652 4527 feliciter
2674 4474 2910 4525 obtinent.

2075 4570 2193 4617 Nam
2216 4566 2256 4615 si
2278 4564 2566 4615 infanticidae
2592 4563 2905 4628 praevalerent
2919 4598 2935 4625 ‚

2075 4654 2322 4719 perdicum
2347 4653 2608 4717 procreatio
2633 4652 2822 4701 deserta
2845 4652 2986 4703 esset.

2073 4745 2194 4796 Sunt
2215 4755 2330 4793 vero
2356 4742 2499 4791 etiam
2517 4740 2710 4804 quidam
2729 4740 2965 4801 genitores
2983 4738 3142 4800 mites,

2073 4831 2156 4896 qui
2176 4831 2293 4881 etin
2317 4830 2626 4895 parturitione
2643 4828 2844 4879 seminas
2865 4828 3092 4891 adjuvant
3103 4862 3119 4890 ,

2071 4925 2120 4971 et
2144 4934 2253 4970 eum
2266 4919 2335 4970 eis
2351 4917 2455 4968 ovis
2473 4917 2700 4967 incubant
2721 4931 2780 4967 ex
2799 4917 2961 4966 animo
2981 4915 3104 4966 bene
3123 4920 3258 4977 nato,

2071 5012 2251 5058 etcum
2271 5008 2340 5057 eis
2359 5007 2718 5056 commorantur
2739 5018 2802 5055 ox
2833 5017 2996 5056 amore
3013 5000 3305 5068 inexplebili,

2071 5100 2119 5145 et
2137 5096 2295 5159 pullos
2315 5094 2612 5145 abundanter
2625 5098 2838 5158 pascunt
2851 5129 2870 5155 ‚

2069 5184 2268 5255 quando
2289 5197 2350 5235 ex
2365 5183 2582 5249 angustis
2601 5166 2930 5264 putaminibus
2942 5180 3222 5251 eruperunt-
