3767 5825
1140 333 1559 396 Tflssocm‘rt
1601 333 1974 397 IDYLLION
2017 335 2200 397 XXV.
3178 349 3247 400 58

153 459 313 532 εἱστήκει
327 458 467 540 παρὰ
499 459 677 539 βουσὶν
706 458 837 540 ἀνὴρ
862 459 1177 542 κεχρημένος
1206 461 1381 542 ἔργου·

150 549 233 606 ἀλλ’
250 551 273 606 ὁ
292 545 372 624 μὲν
400 544 535 628 ἀμφὶ
563 545 809 607 πόδεσσιν
839 545 1165 624 ἐυτμήτοισιν
1193 552 1373 627 ἱμᾶσιν

150 633 371 692 ιαλοπίδιλ’
403 631 682 714 ἀράρισκε,
706 632 1040 714 παρασταδὸν
1069 634 1216 713 ἐγγὺς
1243 636 1511 713 ἀμέλγειν,

152 721 259 788 ἄλλος
278 722 314 778 δ’
338 711 401 779 αὗ
422 720 548 801 φίλα
572 719 725 779 τέκνα
764 720 937 804 φίλαις
966 720 1064 780 ὑπὸ
1092 722 1351 802 μητράσιν
1374 720 1443 780 ἵει

98 807 349 886 ιιπινέμεναι
366 809 547 887 λαροῖο
574 807 815 885 μεμαότα
837 809 1017 888 πάγχυ
1045 809 1329 887 γάλακτος,

148 895 258 962 ἄλλος
272 893 499 972 ἅμόλγιον
522 885 645 975 εἶχ’,
671 895 826 962 ἄλλος
848 896 1001 977 τρέφε
1024 895 1181 956 πίονα
1208 897 1383 976 τυρόν,

142 982 255 1050 ἄλλος
274 985 425 1062 ἦγεν
452 981 557 1042 ἔσω
578 981 797 1062 ταύρους
825 983 947 1064 δίχα
970 983 1245 1056 θηλειοίων.

146 1069 313 1148 Αὖγείης
334 1072 373 1130 δ’
399 1071 490 1130 ἐπὶ
511 1070 711 1138 πάντας
732 1069 824 1130 ἰὼν
848 1077 1019 1144 θηεῖτο
1046 1072 1322 1152 βοαῦλους,

140 1155 275 1226 ἥντινά
292 1159 331 1216 οἱ
353 1157 577 1217 κτεάνων
601 1157 821 1235 κομιδὴν
849 1157 1073 1218 ἐτίθεντο
1099 1163 1288 1236 νομῆες
1302 1181 1316 1194 ·

92 1244 207 1303 ιιοσὺν
230 1246 266 1303 δ’
283 1243 370 1314 υἱός
386 1268 445 1304 τε
470 1245 559 1324 βίη
586 1269 644 1304 τε
676 1245 991 1328 βαρύφρονος
1018 1245 1317 1328 Ἡρακλῆος

137 1331 348 1412 ὦμάρτειη
378 1335 593 1413 βασιλῆι
625 1331 942 1414 διερχομένῳ
969 1333 1135 1412 μέγαν
1164 1333 1336 1394 ὄλὸον.

138 1417 225 1476 ἔνθα
249 1417 321 1478 καὶ
344 1418 594 1501 ἄῤῥηκτόν
616 1443 715 1501 περ
743 1418 880 1500 ἔχων
906 1423 960 1478 ἐν
986 1421 1196 1493 στήθεσι
1221 1421 1381 1500 θυμόν

136 1493 543 1587 Ἀμφιτρυωνιάδης
570 1506 662 1566 καὶ
688 1507 917 1588 ἀρηρότα
946 1509 1173 1586 νωλεμὲς
1199 1510 1303 1568 αἰεί

132 1594 349 1672 ἐκπάγλως
373 1594 603 1673 θαύμαζε
630 1599 765 1674 βοῶν
786 1593 903 1654 τόδε
928 1596 1112 1677 μυρίον
1146 1597 1288 1666 ἔθνος

84 1681 329 1762 ιιιείςορόων.
351 1683 405 1740 οὔ
436 1681 542 1763 γάρ
565 1704 651 1740 κεν
686 1680 883 1764 ἔφασκέ
905 1707 982 1751 τις
1006 1684 1124 1743 οὐδὲ
1148 1685 1337 1745 ἐώλπει

130 1767 267 1847 ἀνδρὸς
279 1769 397 1842 ληίδ’
421 1768 536 1836 ἑνὸς
556 1769 747 1842 τόσσην
771 1769 894 1848 ἔμεν
918 1769 1033 1830 οὐδὲ
1062 1769 1167 1829 δέκ’
1191 1771 1383 1844 ἄλλων,

128 1853 206 1914 dr:
224 1856 364 1939 πολόῤ
426 1881 512 1926 νες
537 1857 747 1918 πάντων
777 1857 899 1918 ἔσαν
928 1860 988 1917 ἐκ
1016 1858 1303 1938 βασιλήων.

125 1940 282 2011 Ἠέλιος
302 1943 345 2002 δ’
380 2003 393 2026 ⁸
431 1943 587 2004 παιδὶ
612 1945 721 2024 τόγ’
744 1943 920 2026 ἔξοχον
946 1943 1132 2007 ὤπασε
1154 1949 1355 2028 δῶρον,ι

124 2029 283 2108 ἀφνειὸν
304 2030 481 2110 μήλοις
499 2031 622 2114 περὶ
642 2032 852 2092 πάντων
874 2032 1097 2112 ἔμμεναι
1126 2037 1346 2116 ἀνδρῶν,

66 2117 193 2174 Μαί
210 2118 265 2198 ῥά
287 2121 331 2178 οἱ
355 2120 509 2188 αὐτὸς
538 2121 725 2196 ὄφελλε
753 2121 1081 2203 διαμπερέως
1108 2121 1239 2203 βοτὰ
1266 2126 1439 2185 πάντα

120 2205 155 2270 t<
172 2206 305 2274 τέλος·
326 2209 381 2268 οὗ
404 2207 500 2286 μὲν
523 2208 628 2289 γάρ
653 2233 730 2276 τις
753 2208 979 2280 ἐπήλυθε
1006 2215 1183 2276 νοῦσος
1210 2211 1402 2272 ἐκείνου

115 2294 381 2368 βουκολίοις,
412 2294 520 2355 αἵτ’
547 2294 677 2376 ἔργα
704 2297 1072 2378 καταφθίνουσι
1098 2297 1325 2375 νομήων,

115 2380 192 2437 αἰεὶ
215 2380 262 2438 δὲ
287 2381 487 2451 πλέονες
514 2383 705 2464 κερααὶ
736 2382 877 2463 βόες,
902 2383 1011 2444 αἰὲν
1041 2387 1280 2462 ἀμείνους

114 2465 153 2532 ἕξ
173 2465 287 2534 ἔτεος
309 2471 503 2548 γίνοντο
532 2469 661 2548 μάλ’
689 2473 760 2538 εἷς
786 2470 914 2539 ἔτος·
942 2465 977 2544 ἦ
1004 2471 1107 2555 γὰρ
1131 2471 1333 2533 ἅπασαι

54 2555 309 2622 ῢζωοτόκοι
333 2559 377 2616 τ’
402 2551 541 2632 ἦσαν
570 2556 825 2640 περιώσια
850 2559 1124 2632 θηλυτόκοι
1144 2585 1222 2623 τε.

108 2643 195 2709 ταῖς
222 2644 271 2703 δὲ
296 2645 585 2726 τριηκόσιοι
604 2651 786 2728 ταῦροι
814 2646 1004 2726 σύναμ’
1034 2649 1343 2730 ἐστιχόωντο

100 2729 351 2812 κνήμαργοί
371 2733 415 2793 θ’
444 2731 615 2801 ἕλικές
640 2757 725 2807 τε,
753 2733 1006 2807 διηκόσιοί
1024 2759 1085 2815 γε
1113 2735 1208 2812 μὲν
1234 2737 1383 2798 ἄλλοι

102 2816 299 2892 φοίνικες·
324 2820 517 2891 πάντες
540 2821 589 2880 δ’
616 2820 919 2902 ἐπιὸήτορες
942 2821 1040 2902 οἵγ’
1069 2823 1193 2883 ἔσαν
1222 2825 1343 2898 ἤδη.

96 2900 215 2965 Ωλοι
240 2907 284 2967 δ’
304 2897 374 2969 αὖ
399 2909 543 2989 μετὰ
568 2918 704 2971 τοῖσι
726 2908 957 2971 δυώδεκα
985 2911 1315 2992 βουκολέοντο

50 2993 198 3070 ῑῖῠὶεροὶ
218 2994 436 3057 Ἠελίου·
458 2996 653 3081 χροιὴν
682 2998 727 3057 δ’
756 2998 880 3059 ἔσαν
904 2998 1030 3071 ἠύτε
1058 3000 1234 3059 κύκνοι

94 3080 342 3159 ἆργησταί,
368 3094 541 3146 πᾶσιν
576 3084 631 3144 δὲ
665 3085 989 3167 μετέπρεπον
1016 3088 1380 3149 εἰλιπόδεσσιν·

90 3166 129 3223 οἳ
152 3168 231 3227 καὶ
256 3174 339 3231 ἇτι
386 3174 585 3251 αγέλαι
612 3173 851 3253 βόσκοντ’
877 3174 1117 3255 ἐριθηλέα
1146 3176 1298 3249 ποίην

90 3255 131 3311 ἓν
152 3260 295 3339 νομῷ·
372 3262 419 3319 δ’
444 3260 715 3341 ἔκπαγλον
743 3262 831 3321 ἐπί
858 3285 1002 3343 σφισι
1028 3264 1359 3344 γαυριόωντο.
1462 3294 1465 3299 ·

82 3345 156 3402 καί
176 3346 216 3427 ῥ’
238 3348 381 3407 ὁπότ’
402 3352 469 3409 ἐκ
494 3348 707 3408 λασίοιο
736 3350 843 3409 θοοὶ
868 3349 1205 3431 προγενοίατο
1228 3357 1376 3432 θῆρες

49 3430 125 3494 Ιὲς
144 3432 303 3493 πεδίον
330 3436 563 3516 δρυμοῖο
592 3440 725 3515 βοῶν
755 3436 887 3496 ἕνεκ’.
914 3438 1267 3519 ἀγροτεράων,

74 3521 243 3597 πρῶτοι
262 3522 405 3603 τοίγε
431 3522 685 3603 μάχηνδε
710 3524 849 3584 κατὰ
872 3524 1027 3605 χροὸς
1052 3526 1213 3607 ᾔεσαν
1240 3527 1423 3605 ὀδμήν,

76 3604 210 3665 δεινὸν
236 3610 279 3667 δ’
309 3610 625 3691 ἐὸρυχῶντο
652 3611 804 3691 φόνον
830 3612 1049 3672 λεῦσσόν
1075 3637 1133 3673 τε
1160 3614 1432 3696 προςώπῳ.

70 3696 153 3751 τῶν
176 3694 264 3771 μέν
285 3721 345 3757 τε
374 3696 716 3780 προφέρεσκε
743 3698 891 3781 βίῃφί
914 3724 970 3758 τε
993 3701 1085 3759 καὶ
1112 3700 1277 3761 σθένεϊ
1298 3692 1343 3783 ᾧ

72 3781 139 3849 ἧδ’
161 3785 447 3866 &expunxi-9
473 3784 711 3847 Φαέθων
737 3790 926 3864 μέγας,
954 3787 1009 3845 ὅν
1036 3791 1101 3869 ῥα
1129 3792 1341 3870 βοτῆρες

44 3868 221 3951 'timim
246 3870 447 3939 πάντες
468 3871 673 3945 ἔισκον,
696 3870 939 3935 ὅόουνικα
962 3876 1155 3934 πολλὸν
1178 3878 1229 3935 ἐν
1255 3877 1427 3945 ἄλλοις

66 3958 217 4033 βουσὶν
242 3958 333 4018 ἰὼν
360 3959 709 4037 λάμπεσκεν,
734 3964 977 4041 ἀρίζηλος
1004 3964 1049 4021 δ’
1084 3964 1342 4025 ἐτέτυκτο.

62 4040 107 4111 ὅς
127 4044 169 4103 δ’
191 4046 303 4119 ἤτοι
332 4046 543 4117 σκύλος
579 4039 705 4107 αὖον
728 4048 851 4107 ἰδὼν
872 4050 1125 4129 χαροποῖο
1155 4051 1355 4119 λέοντος

60 4134 181 4213 ιῦτῷ
208 4134 375 4195 ἔπειτ’
399 4134 705 4216 ἐπόρουσεν
729 4136 971 4217 ἐυσκόπῳ
1000 4138 1263 4219 Ἡρακλῆι

56 4220 363 4304 χρίμψασθαι
394 4224 533 4284 ποτὶ
564 4221 770 4303 πλευρὰ
796 4224 933 4305 κάρη
964 4226 1211 4307 στιὸαρόν
1237 4252 1293 4287 τε
1318 4228 1577 4307 μέτωπον.

44 4313 131 4369 »τοῦ
154 4310 245 4385 μὲν
268 4311 407 4381 ἄναξ
440 4310 755 4393 προςιόντος
776 4312 1025 4393 ἐδράξατο
1046 4314 1183 4395 χειρὶ
1206 4316 1402 4396 παχείῃ

56 4402 211 4455 mm*
238 4398 387 4481 ἄφαρ
414 4398 658 4481 κέραος,
680 4397 820 4458 κατὰ
846 4401 893 4458 δ’
918 4401 1113 4481 αὐχένα
1132 4403 1264 4483 νέρθ’
1292 4405 1376 4462 ἐπὶ
1394 4406 1545 4484 γαίης

50 4482 225 4544 aliem
248 4488 425 4567 βαρύν
453 4510 575 4567 περ
606 4484 757 4546 ἐόντα
771 4532 789 4565 ,
818 4487 976 4547 πάλιν
1002 4489 1059 4547 δέ
1087 4513 1174 4567 μιν
1203 4480 1335 4549 ὦσεν
1360 4491 1561 4551 ὀπίσσω

50 4566 163 4651 ὤμῳ
183 4574 493 4656 ἐπιόρίσας·
530 4578 569 4633 ὁ
600 4574 659 4632 δέ
682 4577 732 4633 οἱ
758 4575 881 4655 περὶ
907 4582 1062 4657 νεῦρα
1088 4578 1356 4645 τανυσθείς

46 4656 171 4731 μῶν
196 4661 247 4730 ἕ
270 4662 519 4723 ὑπάτοιο
554 4662 837 4741 βραχίονος
866 4664 1013 4745 ὀρθὸς
1039 4665 1251 4737 ἀνέστη.

50 4746 283 4823 θαύμαζεν
316 4753 369 4810 δ’
392 4749 579 4817 αὗτός
605 4772 665 4807 τε
695 4748 823 4819 ἄναξ
850 4750 959 4819 υἱός
983 4774 1039 4811 τε
1068 4752 1297 4834 δαΐφρων

47 4834 231 4905 Φυλεὺς
253 4836 313 4899 οἵ
332 4839 385 4898 τ’
418 4838 525 4900 ἐπὶ
564 4837 726 4918 βουσὶ
754 4838 995 4918 κορωνίσι
1029 4842 1265 4919 βουκόλοι
1294 4840 1499 4920 ἄνδρες,

45 4918 541 5004 Ἀμφιτρυωνιάδη
573 4924 707 5005 βίην
738 4926 1029 5007 ὑπέροπλον
1060 4930 1261 4997 ἰδόντες.

106 5009 175 5071 τὸ
194 5014 243 5074 δ’
262 5017 339 5084 εἰς
371 5015 529 5076 ἄστυ
556 5012 785 5073 λιπόντε
805 5016 1083 5076 καταυτόθι
1110 5017 1285 5085 πίονας
1308 5021 1493 5099 ἀγρούς

50 5097 313 5181 {uqi-mv,
336 5100 588 5167 Φυλεύς
625 5122 685 5159 τε
714 5101 801 5179 βίη
830 5102 875 5160 θ’
902 5102 1243 5184 Ἡρακληείη.

1705 471 1865 522 stabat
1876 471 2008 535 apud
2029 471 2176 522 boves
2191 473 2348 535 operis
2362 471 2601 534 indigens3

1706 558 1789 608 sed
1807 558 1930 609 alius
1947 558 2144 622 pedibus
2159 559 2274 610 loris
2289 558 2412 610 bene
2425 558 2587 610 incisis

1706 647 1883 709 ligneas
1907 649 2185 711 sculponeae
2201 648 2475 710 adaptabat,
2495 649 2550 698 ut
2565 647 2784 710 proxime
2800 646 2993 698 adsum
3008 649 3258 712 mulgeret3

1706 734 1827 784 alius
1848 735 2011 784 autem
2025 747 2164 784 caros
2182 735 2326 784 soetus
2341 734 2464 785 caris
2480 733 2716 783 matribus
2730 733 3048 785 submittebat

1706 817 1853 880 tepidi
1869 818 2006 869 lactis
2021 818 2214 869 bibendi
2231 819 2669 882 appetentissimum

1705 906 1827 956 alius
1842 907 2100 956 mulctram
2117 906 2326 969 tenebat,
2337 907 2460 956 alius
2474 904 2796 955 condensabat
2811 907 3037 970 pinguem
3047 921 3260 968 caseum.

1706 993 1828 1043 alius
1842 993 2178 1046 introducebat
2195 995 2358 1044 tauros
2370 1030 2386 1055 ‚
2403 993 2646 1055 sejunctos
2667 1005 2698 1041 a
2713 993 2892 1044 vaccis.

1706 1081 1877 1144 Augias
1894 1093 2010 1130 vero
2028 1081 2190 1131 omnia
2206 1080 2356 1130 boum
2373 1081 2564 1132 stabula
2579 1081 2744 1144 obiens
2761 1082 3007 1144 spectabat
3017 1119 3032 1145 ,

1705 1181 1852 1231 quem
1868 1168 1958 1218 sibi
1976 1181 2126 1231 opum
2144 1169 2434 1231 proventum
2452 1169 2772 1232 reposuissent
2787 1171 3026 1232 pastores;

1704 1257 1756 1306 et
1772 1269 1869 1306 una
1884 1255 2012 1306 filius
2027 1259 2078 1305 et
2092 1255 2518 1318 gravia-meditans
2535 1257 2762 1307 Hercules

1706 1342 2058 1392 comitabantur
2077 1355 2236 1406 regem
2253 1343 2626 1406 perlustrantem
2649 1357 2846 1407 magnas
2859 1343 3067 1394 divitias.

1705 1430 1771 1480 ibi
1782 1467 1798 1492 ,
1816 1429 2074 1480 immotum
2095 1432 2320 1495 quamvis
2340 1443 2509 1494 gerens
2523 1431 2576 1480 in
2590 1433 2784 1494 pectore
2799 1432 3015 1482 animum

1707 1518 2152 1581 Amphitryoniades
2173 1531 2455 1582 semperque
2471 1518 2668 1568 firmum
2679 1555 2695 1581 ,
2883 1519 3260 1584 [multitudinem

1706 1605 2014 1656 vehementer
2047 1609 2221 1656 tamen
2255 1606 2522 1656 mimbatur
2560 1606 2710 1656 boum
2741 1607 2924 1658 hancce
2957 1607 3258 1658 innumeram

1706 1692 1914 1743 intuens.
1932 1706 2029 1742 non
2047 1694 2180 1744 enim
2195 1693 2373 1744 dixerit
2388 1693 2564 1757 aliquis
2577 1707 2734 1758 neque
2750 1694 3032 1759 crediderit,

1706 1780 1865 1830 virum
1883 1793 2036 1830 unum
2057 1782 2250 1830 tantum
2271 1781 2455 1844 pecoris
2475 1781 2718 1844 possidere
2733 1794 2891 1844 neque
2907 1781 3076 1832 decem
3099 1782 3218 1834 alios
3231 1820 3246 1846 ,

1704 1869 1789 1932 qui
1810 1881 1873 1919 ex
1893 1867 2116 1920 omnibus
2132 1868 2318 1931 regibus
2340 1869 2550 1918 maxime
2568 1868 2867 1920 abundarent
2887 1883 3076 1932 pecore.

1644 1999 1649 2004 .
1705 1957 1969 2008 solantem
1986 1956 2085 2006 filio
2103 1969 2191 2006 suo
2209 1957 2440 2006 eximium
2459 1956 2580 2006 illud
2596 1956 2780 2006 donum
2798 1957 3096 2030 praebuerat,

1706 2046 1763 2094 ut
1777 2057 1950 2108 pecore
1973 2043 2237 2095 abundaret
2253 2057 2356 2107 prae
2376 2044 2600 2094 omnibus
2623 2045 2925 2109 hominibus,

1706 2133 1849 2194 eique
1864 2131 1966 2195 ipse
1983 2131 2286 2206 continenter
2307 2132 2514 2196 augebat
2529 2133 2748 2182 amenta
2763 2132 2928 2182 omnia

1706 2219 1769 2268 ad
1784 2232 2056 2282 summum3
2075 2232 2176 2270 non
2197 2219 2326 2270 enim
2348 2219 2549 2270 morbus
2565 2219 2741 2269 invasit
2755 2220 2886 2269 illius

1706 2308 1949 2370 armenta,
1969 2307 2054 2372 qui
2071 2307 2240 2358 morbi
2263 2307 2472 2370 perdunt
2495 2309 2744 2370 pastorum
2769 2307 2954 2358 labores
2968 2347 2983 2371 ‚

1706 2396 1791 2446 sed
1807 2408 1993 2460 semper
2008 2395 2170 2459 plures
2186 2395 2402 2446 cornutae
2419 2395 2567 2446 boves
2577 2431 2594 2458 ,
2615 2408 2804 2459 semper
2827 2397 3045 2447 meliores

1706 2496 1769 2532 ex
1784 2496 1912 2532 anno
1929 2483 2533 2545 inannumnssoebantur3
2553 2495 2720 2533 omnes
2742 2483 2872 2533 enim

1706 2571 1843 2620 vivos
1861 2571 2006 2621 soetus
2021 2571 2234 2621 maximo
2250 2583 2453 2622 numero
2470 2572 2521 2620 et
2537 2570 2750 2622 femellas
2766 2569 3030 2634 pariebant.

1706 2671 1821 2707 cum
1844 2657 1938 2708 illis
1954 2658 2158 2708 trecenti
2175 2657 2302 2706 tauri
2319 2671 2418 2707 una
2441 2657 2752 2720 incedebant,

1708 2746 1928 2796 cruribus
1948 2747 2095 2808 albis,
2115 2745 2328 2796 incurvis
2345 2746 2571 2796 cornibus
2585 2783 2601 2808 ,
2621 2747 2670 2796 et
2685 2745 2881 2795 ducenti
2897 2744 2978 2795 alii

1708 2833 1799 2882 rufi
1812 2870 1827 2896 ‚
1854 2834 1939 2896 qui
1957 2845 2126 2884 omues
2141 2834 2242 2896 jam
2263 2844 2436 2882 vaccas
2455 2832 2816 2882 inscendebant.

1708 2922 1788 2971 elii
1804 2934 1970 2971 rursus
1985 2922 2111 2971 inter
2131 2921 2220 2970 hos
2236 2920 2490 2971 duodecim
2515 2920 2850 2983 pascebantur,

1707 3009 1827 3059 sacri
1844 3009 1944 3059 soli
1955 3045 1970 3071 ‚
1988 3008 2074 3071 qui
2091 3010 2228 3059 erant
2243 3008 2404 3059 colore
2419 3008 2570 3057 veluti
2589 3008 2724 3069 cycni

1709 3095 1902 3146 candidi
1911 3132 1928 3159 ,
1944 3098 1996 3146 et
2011 3096 2135 3146 inter
2151 3108 2318 3145 omnes
2339 3095 2489 3145 boves
2502 3094 2830 3156 excellebant,

1707 3185 1952 3247 iidemque
1965 3184 2168 3246 sejuncti
2185 3184 2247 3235 ab
2263 3184 2480 3233 umento
2497 3183 2757 3245 pascebant
2779 3182 3016 3232 virentem
3031 3180 3230 3231 herbam

1708 3276 1759 3323 ln
1776 3272 1990 3335 μεσοίη
2011 3272 2079 3321 ibi
2097 3272 2402 3321 vehementer
2418 3284 2506 3319 sua
2523 3271 2702 3321 virtute
2717 3270 3038 3321 exsultabant.

1710 3374 1958 3424 quumque
1977 3373 2040 3410 ex
2061 3359 2221 3409 densis
2238 3358 2382 3409 celeri
2398 3358 2580 3421 impetu
2598 3357 2944 3420 proveniebant
2963 3358 3078 3408 t'eroe

1709 3448 1910 3498 saltibus
1927 3448 1977 3497 in
1993 3460 2220 3510 campum
2236 3448 2430 3509 propter
2446 3445 2594 3495 boves
2616 3448 2822 3508 agrestes
2833 3483 2849 3508 ,

1709 3536 1759 3585 hi
1776 3535 1919 3598 primi
1934 3534 1997 3585 ad
2013 3548 2222 3598 pugnam
2241 3535 2365 3583 cutis
2387 3534 2586 3583 odorem
2602 3534 2756 3583 secuti
2773 3533 3004 3595 ruebant,

1709 3622 2092 3687 horrendamque
2109 3622 2290 3673 caedem
2307 3622 2500 3672 fremitu
2517 3622 2567 3671 et
2590 3621 2730 3670 vultu
2746 3620 3029 3683 prodebant.

1710 3725 1773 3762 ex
1787 3712 1861 3761 his
1876 3711 2141 3761 excellebat
2156 3710 2341 3760 viribus
2357 3711 2408 3761 et
2428 3709 2600 3759 robore
2616 3721 2705 3759 suo

1709 3800 1964 3861 animoque
1977 3798 2102 3848 elato
2111 3798 2356 3847 Phaethon
2369 3796 2550 3859 ingens,
2565 3809 2710 3859 quem
2721 3795 2918 3858 quidem
2929 3796 3140 3857 pastores

1708 3888 1860 3939 stellae
1874 3900 2042 3937 omnes
2059 3884 2426 3949 comparabant,
2449 3886 2702 3949 propterea
2717 3881 2851 3947 quod
2863 3882 3074 3937 multum
3092 3880 3142 3931 in
3159 3880 3262 3931 aliis

1709 3976 1863 4027 bobus
1876 3974 2100 4025 incedens
2114 3973 2333 4035 lucebat,
2351 3972 2690 4034 insigniterque
2706 3969 2993 4032 conspicuus
3008 3970 3126 4019 erat.

1710 4064 1797 4126 qui
1822 4076 1974 4125 quum
1993 4062 2174 4112 aridam
2193 4061 2366 4123 pellem
2385 4060 2534 4109 leonis
2557 4059 2686 4109 torvi
2702 4058 3024 4121 conspexisset
3036 4094 3052 4119 ,

1709 4152 1761 4200 in
1777 4151 1935 4215 ipsum
1959 4151 2066 4200 tum
2085 4148 2223 4197 irruit
2245 4147 2596 4211 speculatorem
2612 4146 2870 4218 Herculem
2883 4182 2898 4207 ,

1713 4241 1769 4288 ut
1790 4239 2077 4301 impingeret
2093 4236 2324 4286 lateribus
2341 4236 2486 4299 caput
2509 4234 2816 4298 validamque
2833 4235 3058 4285 frontem.

1710 4327 1853 4389 hujus
1868 4324 2066 4389 quidem
2083 4323 2350 4374 accedentis
2366 4322 2509 4373 heros
2523 4318 2773 4385 prehendit
2787 4332 2938 4369 manu
2953 4318 3149 4369 robusta

1712 4415 1963 4465 sinistrum
1980 4412 2142 4463 statim
2160 4423 2342 4473 cornu,
2360 4411 2412 4461 et
2426 4409 2648 4459 deorsum
2667 4407 2902 4458 cervicem
2917 4408 2968 4456 in
2985 4408 3162 4457 terram

1709 4500 1894 4552 inflexit
1906 4537 1921 4563 ,
1941 4500 2160 4565 quamvis
2177 4499 2348 4549 duram
2361 4535 2376 4561 ,
2400 4498 2508 4548 tum
2525 4499 2718 4546 taurum
2738 4495 2912 4558 repulit
2930 4496 3191 4547 retrorsum

1709 4590 1911 4639 humero
1929 4585 2203 4649 connitens;
2221 4589 2371 4649 atque
2388 4586 2431 4635 ei
2449 4585 2577 4633 circa
2594 4596 2766 4633 nervos
2787 4584 3016 4632 extensus

1708 4678 1958 4727 musculus
1973 4688 2035 4727 ex
2051 4687 2242 4726 summo
2265 4674 2461 4722 brachio
2483 4674 2641 4721 rectus
2657 4670 2890 4719 exstabat.

1710 4764 2009 4814 mirabantur
2029 4764 2079 4812 et
2100 4763 2198 4824 ipse
2221 4773 2308 4811 rex
2325 4762 2375 4809 et
2398 4758 2652 4808 bellicosus
2670 4757 2798 4805 filius

1710 4852 1916 4913 Phyleus
1937 4849 2114 4913 quique
2131 4846 2258 4910 apud
2277 4849 2502 4896 cornutas
2519 4846 2666 4895 boves
2682 4847 2893 4907 pastores
2910 4846 3045 4894 erant
3055 4880 3071 4905 ,

1708 4936 2115 5002 Amphitryonidae
2135 4936 2232 4985 vim
2251 4932 2509 4983 immanem
2526 4933 2800 4995 conspicati.

1769 5030 1875 5076 tum
1900 5024 1971 5075 illi
1994 5022 2172 5073 relictis
2187 5022 2252 5071 ibi
2270 5021 2526 5084 pinguibus
2540 5021 2668 5070 arvis
2684 5020 2733 5069 in
2752 5020 2922 5069 urbem

1708 5114 1848 5165 ibant
1857 5112 2064 5175 Phyleus
2081 5113 2130 5161 et
2148 5109 2375 5161 Hercules
2391 5108 2591 5159 validus.
