3767 5825
536 348 641 429 ιιὸ
1324 367 1727 430 ΣΕΡΒῙΛΙΟΥ
1769 369 2344 433 amenum-2
2385 376 2487 435 ΤΑ
2531 368 2911 436 Anulum.

624 498 889 559 Ἀποτίθου
918 498 1213 579 φυλάττων,
1242 499 1454 579 οέρματ’
1482 500 1895 577 ἐσκεπασμένην·

628 591 779 649 Ποιεῑ
804 586 905 665 γὰρ
934 587 1189 665 ἐπίπαγόν
1218 611 1274 645 τε
1297 588 1387 646 καὶ
1414 589 1751 668 τραχύνεται.

624 767 695 824 Αἱ
726 764 790 823 δι’
819 764 959 823 ἁλῶν
988 766 1353 847 ὃιαιρορητικαὶ
1382 766 1775 844 Δαμοκράτους.

545 878 597 914 w
628 852 857 924 Σκεύαζε
883 854 972 912 καὶ
1000 856 1162 925 τοῦθ’,
1188 859 1257 920 ὡς
1287 855 1561 933 κράτιστον
1590 856 1883 935 φάρμακον.

629 944 806 1001 Καλοῦ
832 942 1075 1021 ψιμυθίου
1105 941 1196 999 καὶ
1225 943 1389 1012 καλῆς
1410 942 1717 1023 λιθαργύρου

626 1029 815 1109 Λίτρας
838 1029 1061 1088 ἑκάστου
1086 1030 1175 1088 καὶ
1198 1030 1339 1088 ἆλῶν
1368 1029 1475 1089 δέκ’
1502 1032 1711 1109 οὖγγίας
1732 1056 1745 1067 ·

622 1114 785 1185 Ἅλας
805 1118 861 1175 δέ
885 1120 995 1176 ἐστι
1022 1126 1126 1175 πᾶν
1150 1118 1209 1175 τὸ
1235 1118 1419 1176 λευκὸν
1448 1120 1497 1183 ἐς
1520 1119 1795 1197 φάρμακον

622 1204 838 1271 Ἱκανῶς
867 1204 1179 1286 εὔχρηστον,
1207 1205 1342 1264 ἀλλὰ
1373 1204 1573 1283 βέλτιον
1604 1205 1737 1265 πολὺ

544 1313 597 1352 45
625 1292 983 1369 Ἀμμωνιακόν
1008 1316 1064 1350 τε
1088 1293 1178 1350 καὶ
1200 1294 1427 1373 καθαρὸν
1456 1294 1735 1352 θαλάσσιον
1752 1319 1765 1332 ·

626 1381 733 1440 Καὶ
753 1386 889 1459 τρεῖς
914 1380 1086 1439 ἐλαίου
1115 1383 1391 1447 πολυετοῦς
1417 1382 1596 1460 λίτρας
1619 1381 1872 1459 σταθμόν.

624 1466 767 1547 Ἔψε
792 1470 845 1526 δὲ
871 1468 1041 1527 ἔλαιον
1062 1469 1152 1527 καὶ
1178 1468 1245 1527 τὰ
1265 1467 1428 1528 λοιπὰ
1455 1468 1550 1527 λεῖ’
1576 1472 1743 1547 ὁμῶς,

618 1554 765 1623 Ἕως
793 1556 1006 1633 γένηται
1034 1556 1355 1635 σκληρότερα
1383 1557 1749 1631 μαλάγματος·

620 1645 981 1721 Ἀποκείμενον
1010 1649 1110 1727 γὰρ
1136 1644 1331 1721 γίνεται
1356 1644 1746 1725 μαλακώτερον.

542 1843 594 1879 ου
625 1815 788 1889 Ἄλλη
820 1818 1044 1891 ἀμείνων
1063 1842 1076 1855 ·
1107 1820 1343 1898 διαφορεῖ
1365 1820 1465 1898 γὰρ
1490 1818 1741 1897 σκληρίας

622 1910 819 1967 Πασῶν
846 1908 1055 1981 ἄμεινον
1084 1905 1175 1973 τὰς
1200 1906 1332 1982 ἄγαν
1362 1906 1792 1986 κεχρονισμὲνας,

622 1995 730 2055 Καὶ
756 1995 1115 2075 βρογχοκήλας
1143 1994 1233 2051 καὶ
1262 1996 1493 2071 μεγάλας
1524 1994 1890 2073 μελικηρίδας,

618 2082 730 2150 Τὰς
752 2082 1166 2159 δυσμεταὸόλους
1188 2080 1458 2161 χοιράδας,
1484 2082 1573 2147 τάς
1596 2085 1643 2139 τ’
1666 2080 1912 2157 ἀγκύλας.

625 2172 857 2239 Σκευάζε
880 2172 926 2228 δ’
950 2169 1111 2237 οὕτως
1128 2194 1142 2208 ·
1172 2170 1361 2238 ἅλατος
1382 2172 1649 2230 λειοτάτου
1674 2171 1874 2249 λίτραν,

542 2282 593 2319 οε
620 2260 768 2320 Μίαν
795 2283 851 2317 τε
878 2260 1060 2339 λίτραν
1080 2257 1351 2339 ψιμυθίου,
1382 2259 1471 2317 καὶ
1494 2258 1767 2339 χαλὸάνης

616 2348 847 2427 Οὖγγίας
876 2348 981 2407 δύω
998 2370 1013 2385 ·
1037 2348 1097 2405 τὸ
1122 2346 1165 2405 δ’
1192 2348 1317 2405 αὐτὸ
1340 2354 1571 2427 καθαρᾶς
1599 2347 1930 2426 προπόλεως·

618 2435 1027 2515 Ἀριστολοχίας,
1056 2433 1329 2515 χαλὸάνης
1351 2433 1462 2493 ἴσον
1494 2434 1671 2514 μέρος·

624 2526 803 2583 Καλοῦ
827 2529 875 2582 τ’
898 2526 1071 2582 ἐλαίου
1102 2524 1379 2588 πολυετοῦς
1406 2523 1584 2602 λίτρας
1608 2523 1714 2581 δύο·

618 2608 709 2671 Ἂν
740 2602 841 2692 δ’ᾖ
870 2612 1192 2691 παχύτατον,
1216 2608 1533 2689 προσὸαλεῖς
1559 2610 1722 2683 ἄλλην
1754 2610 1896 2686 μίαν.

538 2720 593 2760 ου
617 2698 779 2779 σΕψει
808 2700 850 2757 δ’
879 2699 1093 2776 ὁμοίως,
1116 2698 1207 2757 καὶ
1230 2701 1403 2764 καλῶς
1424 2699 1751 2779 κεκραμένην

619 2787 745 2847 Ἀπὸ
768 2791 857 2845 τοῦ
881 2785 1038 2865 πυρὸς
1071 2786 1295 2865 βάσταζε
1312 2831 1328 2861 ,
1356 2786 1445 2845 καὶ
1466 2786 1609 2845 λείαν
1640 2788 1753 2846 τότε

622 2875 1006 2955 Ἀριστολοχίαν
1035 2875 1396 2955 παραπάσεις,
1426 2874 1812 2955 προσεμὸαλὼν

618 2963 1050 3044 Μεμαλαγμένην
1074 2963 1326 3043 πρόπολίν
1343 2987 1401 3022 τε
1427 2963 1518 3024 καὶ
1542 2964 1634 3034 τὴν
1660 2965 1950 3044 χαλὸάνην.

620 3138 785 3209 Ἄλλη
816 3137 1158 3220 διαφορητικὴ
1182 3139 1557 3218 Δαμοκράτους
1587 3140 1651 3196 δι’
1682 3138 1940 3198 ἀσὸέστου

542 3249 593 3287 05
624 3227 756 3287 Δίαν
780 3227 951 3305 ἀγαθὴ
969 3273 985 3300 ,
1004 3229 1361 3308 διαπφοροῦσα
1387 3231 1447 3306 (Ρ)
1473 3229 1749 3308 χοιράδας,

620 3315 922 3375 Στέλλουσα
950 3325 1051 3373 πᾶν
1080 3314 1303 3390 οἴδημα,
1334 3315 1425 3373 καὶ
1451 3317 1544 3384 τὰς
1566 3315 1765 3388 ἥπατος

620 3401 695 3464 Ἢ
730 3402 958 3474 σπληνός
983 3407 1032 3480 γ’
1062 3404 1264 3481 ὑδαρεῖς
1287 3404 1535 3470 διαθέσεις
1564 3404 1780 3480 ἰωμένη,

624 3492 811 3573 Οὔρων
837 3491 1035 3569 ἄγουσα
1060 3492 1289 3570 δαψιλεῖς
1314 3490 1408 3556 τὰς
1435 3491 1711 3570 ἐκκρίσεις,

618 3582 669 3639 Τ
671 3579 729 3644 ὰς
760 3577 1000 3658 ἴσχιάδας
1020 3577 1132 3636 λύει
1152 3601 1211 3636 τε
1231 3577 1325 3645 τὰς
1356 3579 1775 3658 κεχρονισμένας.

536 3687 591 3728 70
620 3666 803 3746 Ταύτῃ
828 3665 1122 3733 Οὗλὸιάνος
1146 3664 1335 3745 εὐφυὴς
1354 3666 1558 3733 νεανίας

626 3755 910 3835 Χρώμενος
938 3756 1199 3830 ἐπιμελῶς
1220 3751 1409 3832 ὠφέλει
1432 3754 1653 3821 πολλοὺς
1676 3756 1829 3816 πάνυ.

613 3839 769 3925 Ἔχει
798 3843 851 3902 δὲ
872 3843 1054 3924 λίτραν
1084 3845 1340 3902 Ποντικοῦ
1363 3849 1524 3921 κηροῦ
1551 3843 1698 3920 μίαν,

623 3937 771 3997 Μίαν
796 3958 851 3992 τε
880 3937 1106 4014 φρυκτῆς
1135 3931 1225 3990 καὶ
1258 3931 1381 4010 μίαν
1408 3937 1501 4004 τῆς
1526 3933 1761 4004 πιτυίνης
1778 3958 1790 3972 ·

621 4022 899 4082 Ἀσὸἑστου
928 4045 981 4079 τε
1014 4019 1264 4099 [τιτάνου]
1296 4020 1596 4101 προσφάτου
1625 4023 1837 4099 οὖγγίαν
1868 4023 2010 4100 μίαν·

536 4135 591 4174 75
621 4115 855 4190 Σχιστῆς
878 4109 1065 4186 ὁμοίως
1087 4109 1299 4186 οὖγγίαν
1322 4111 1640 4190 στυπτηρίας
1657 4134 1669 4147 ·

618 4197 763 4259 Ἴσον
786 4201 831 4256 δ’
856 4198 930 4256 ἑνὶ
956 4196 1149 4256 τούτων
1182 4200 1452 4279 ἀρρενικοῦ
1475 4205 1566 4256 τοῦ
1592 4201 1865 4260 Ποντικοῦ.

617 4291 667 4348 Τ
668 4287 831 4353 ούτοις
854 4285 1127 4366 παραχέας
1156 4285 1264 4352 ὄξος
1290 4289 1471 4352 εὐῶδες
1503 4286 1669 4364 βραχὺ

617 4373 795 4435 Δίων’
819 4375 898 4455 ἐφ’
922 4373 1099 4432 ἱκανὸν
1121 4375 1172 4430 ἐν
1203 4373 1347 4452 θυείᾳ
1378 4373 1595 4448 μείζονι,

620 4467 784 4545 Κηρῷ
807 4487 863 4521 τε
895 4462 1121 4543 ῥητίναις
1146 4485 1201 4519 τε
1225 4459 1536 4540 προσὸαλὼν
1570 4460 1739 4540 βραχὺ

538 4566 593 4604 oo
619 4543 861 4618 Ἔλαιον,
886 4541 1042 4613 τήξας
1072 4540 1156 4599 ἐπὶ
1184 4541 1341 4618 πυρὸς
1370 4541 1564 4616 λάὸρου
1594 4543 1804 4620 φλογὸς,

620 4630 817 4709 Μνιγνύς
845 4635 889 4688 τ’
914 4632 1176 4704 ἐπιμελῶς
1198 4629 1398 4698 πάντα,
1428 4630 1516 4686 καὶ
1546 4629 1886 4705 μαλάγματος

622 4723 796 4780 Ποιῶν
828 4718 1116 4792 ἀμολύντου
1145 4717 1203 4776 τὸ
1231 4717 1432 4796 πάχος,
1462 4715 1539 4796 ἔχ’
1572 4718 1933 4794 ἀποκείμενον,

618 4803 901 4884 Χρώμενος
928 4807 1008 4883 ἐφ’
1036 4795 1108 4862 ὧν
1133 4806 1211 4862 δεῖ
1226 4803 1510 4886 προσφάτῳ
1538 4808 1611 4885 τῷ
1642 4805 1892 4884 σπληνίῳ.

617 4891 811 4969 Ἔλεγε
838 4895 883 4950 δ’
909 4895 936 4949 ὁ
965 4892 1237 4971 κράτιστος
1265 4892 1355 4949 καὶ
1383 4892 1557 4970 πατὴρ
1581 4899 1671 4950 τοῦ
1696 4893 1972 4972 φαρμάκου

540 5000 592 5036 85
625 4978 733 5036 Καὶ
760 4979 885 5056 πρὸς
908 4979 1069 5037 νόσων
1093 5002 1149 5037 τε
1172 4984 1276 5037 τῶν
1305 4984 1516 5058 μακρῶν
1540 4981 1851 5058 ἀπαλλαγὰς

624 5063 928 5143 Εὕχρηστον
954 5059 1083 5124 εἶναι
1113 5067 1201 5125 καὶ
1224 5068 1383 5126 καλὸν
1411 5068 1467 5126 τὸ
1499 5068 1793 5148 φάρμακον,

625 5149 749 5232 Ἐφ’
768 5145 839 5212 ὧν
863 5177 918 5212 τε
940 5157 1139 5234 χρόνιος
1165 5154 1427 5235 φλεγμονὴ
1454 5155 1766 5236 σπλάγχνων
1794 5156 1927 5229 τινὰς

2165 512 2560 573 Commiscueris,
2580 514 2858 562 contectum
2879 513 3004 575 pelle
3029 512 3222 563 condito

2165 602 2286 647 Nam
2313 600 2643 663 exasprantur,
2673 600 2890 651 crustula
2907 602 3054 663 atque
3069 600 3348 652 obducitur.

2165 776 2465 825 Damoeratis
2482 775 2740 839 emplastra
2756 790 2817 826 ex
2839 778 2938 827 sale
2959 778 3262 829 dissuasoria.

2173 865 2278 911 Hoc
2299 868 2566 925 praeparato
2591 862 2764 925 simul,
2785 868 2840 913 ut
2858 868 3094 927 praeatans
3117 867 3454 929 pharmacum.

2169 952 2314 999 Bonoe
2331 964 2537 1000 cerussae
2557 952 2606 1000 et
2627 952 3015 1015 argenti'spumae
3031 954 3171 1005 bonae

2165 1036 2414 1100 cnjusque
2439 1038 2624 1101 pondo,
2654 1040 2900 1102 denasque
2922 1042 3032 1091 salis
3051 1043 3240 1103 uncias;

2165 1126 2337 1175 Omnis
2359 1140 2473 1175 vero
2491 1130 2562 1175 est
2583 1128 2651 1176 sal
2680 1126 2820 1178 albus
2837 1130 3048 1179 multum
3068 1130 3326 1192 pharmaco

2164 1216 2343 1262 Futuro
2361 1214 2490 1263 utilis
2502 1251 2516 1275 ,
2535 1216 2670 1277 atqui
2689 1216 2827 1278 longe
2848 1219 3152 1278 praestantior

2163 1302 2532 1363 Ammoniacus,
2560 1303 2806 1353 consectus
2828 1306 2880 1353 et
2897 1308 3218 1368 purus-mark

2164 1390 2224 1437 Et
2251 1390 2349 1437 trae
2375 1390 2551 1439 vetusti
2567 1390 2714 1440 libras
2729 1392 2820 1442 olei
2845 1393 3070 1455 pondere.

2164 1475 2334 1524 Oleum
2355 1476 2548 1538 coquito
2567 1478 2750 1540 reliqua
2771 1482 2819 1527 et
2839 1480 2955 1529 trita
2977 1480 3120 1530 simili
3139 1480 3283 1531 modo
3295 1518 3314 1545 ,

2166 1567 2275 1621 Quo
2293 1562 2490 1613 duriora
2505 1564 2724 1627 adusque
2741 1566 2838 1615 sint
2853 1567 3168 1631 malagmata

2163 1650 2432 1713 Seposituin
2451 1652 2582 1701 enim
2605 1653 2763 1703 multo
2783 1656 3074 1706 remollescit
3091 1658 3256 1719 magis.

2166 1826 2300 1875 Aliud
2329 1826 2500 1877 melius
2513 1864 2528 1888 ,
2548 1830 2774 1890 quoniam
2797 1829 3002 1881 duritias
3021 1832 3216 1883 diswiit

2165 1912 2415 1963 Valentius
2432 1916 2620 1965 cunctis
2637 1916 2926 1968 inveteratas
2941 1919 3084 1971 nimis
3095 1958 3110 1983 ,

2171 2004 2230 2049 lit
2247 2002 2588 2053 broneliocelas
2605 2008 2654 2053 et
2671 2018 2868 2067 magnas
2885 2007 3203 2069 meliceridas,

2161 2092 2222 2138 Et
2243 2090 2550 2141 contumaces
2573 2096 2785 2142 stmmas
2800 2131 2814 2155 ,
2836 2108 2926 2143 neo
2943 2109 3040 2145 non
3056 2096 3266 2159 ancylas.

2159 2176 2238 2225 Sic
2261 2178 2514 2227 conficitur
2535 2198 2548 2227 :
2575 2180 2746 2229 libram
2763 2182 2874 2230 salis
2891 2182 3160 2246 laevissimi,

2161 2267 2378 2315 cerussae
2403 2280 2546 2316 unam
2573 2268 2770 2331 libram,
2799 2273 2946 2333 atque
2967 2272 3155 2335 galbani
3173 2272 3338 2323 uncis

2161 2355 2318 2414 Duas,
2346 2366 2402 2401 ac
2424 2367 2560 2418 puroe
2580 2357 2833 2419 propoleos
2861 2358 2980 2408 item
3005 2359 3154 2423 duas;

2161 2440 2491 2492 Aristolochiae
2513 2442 2648 2492 binas
2671 2444 2848 2505 pariter
2871 2446 3060 2507 uncias;

2164 2529 2438 2579 Proestantis
2457 2530 2552 2581 olei
2571 2531 2717 2580 libras
2741 2534 2905 2583 annosi
2925 2534 3071 2595 duas;

2163 2616 2519 2666 Crassissimum
2546 2618 2584 2666 si
2615 2620 2784 2682 fuerit,
2809 2620 2956 2670 addoe
2973 2622 3188 2671 alteram.

2163 2703 2342 2754 Eodem
2371 2720 2528 2769 coque
2545 2706 2692 2755 modo
2707 2709 2855 2770 atque
2877 2708 3186 2757 commistum
3205 2706 3324 2757 bene

2163 2789 2235 2841 Ab
2259 2792 2368 2853 igne
2389 2792 2508 2842 tolle
2520 2829 2535 2854 ‚
2557 2794 2828 2855 laevigatam
2844 2796 2962 2843 tunc
2981 2808 3174 2857 quoque

2161 2880 2527 2932 Aristolochiam
2547 2882 2786 2944 insperges
2799 2920 2814 2944 ,
2839 2880 3056 2942 injeceris
3079 2881 3158 2930 ubi

2162 2971 2343 3020 Mollita
2357 3007 2371 3032 ‚
2403 2971 2636 3033 propolim
2656 2970 2839 3019 scilicet
2853 2973 2997 3034 atque
3015 2969 3292 3031 galbanum.

2163 3146 2306 3195 calce
2330 3159 2392 3196 ex
2420 3147 2532 3194 viva
2554 3145 2683 3194 aliud
2711 3145 2944 3208 dissipans
2970 3147 3266 3194 Damocratis

2165 3234 2312 3282 Valde
2333 3234 2540 3294 bonuau
2561 3237 2769 3283 strumas
2790 3247 2878 3296 per
2903 3233 3102 3283 halitum
3122 3235 3316 3296 digerit,

2159 3325 2364 3372 Omnem
2384 3326 2626 3372 tumorem
2646 3323 2890 3384 reprimit,
2913 3337 3002 3372 nec
3032 3336 3130 3371 non
3150 3321 3334 3385 hepatis

2159 3409 2245 3459 vel
2269 3410 2444 3471 splenis
2457 3411 2662 3458 affectus
2680 3423 2886 3472 aquosos
2905 3413 3043 3459 curat
3055 3447 3068 3472 ,
3093 3413 3141 3460 et

2163 3497 2493 3546 Exci-ationem
2513 3501 2666 3547 urinoe
2695 3497 2834 3546 valde
2857 3501 3137 3559 promovet,

2161 3588 2220 3634 Et
2236 3586 2530 3635 inveteratas
2554 3585 2772 3635 dissolvit
2803 3585 3104 3634 coxendices.

2158 3675 2336 3735 Nempe
2357 3674 2585 3734 Ulpianus
2610 3674 2700 3722 hoo
2715 3673 2909 3735 juvenis
2933 3673 3200 3723 industrius

2166 3765 2316 3811 Utens
2341 3761 2663 3811 auxiliabatur
2682 3763 2820 3824 aegris
2845 3759 3086 3824 plurimis.

2157 3851 2386 3900 Continet
2402 3853 2563 3898 aulem
2583 3849 2754 3898 libram
2783 3863 2930 3898 unam
2954 3863 3077 3898 cerm
3109 3851 3342 3907 Pontio-15

2159 3939 2410 4000 Unamque
2427 3938 2579 3986 frictae
2593 3972 2606 3994 ,
2627 3939 2858 3998 praeterea
2884 3951 3028 3985 unam
3050 3937 3241 3998 pityinoe
3253 3971 3266 3995 ,

2157 4024 2313 4074 ealcis
2336 4027 2538 4074 recentis
2558 4024 2684 4074 vivae
2698 4039 2892 4087 quoque
2913 4025 3072 4086 pondo
3099 4024 3284 4073 unciam
3298 4061 3310 4084 ,

2157 4112 2389 4162 Aluminis
2408 4113 2538 4161 scissi
2555 4111 2774 4162 similiter
2799 4113 2995 4164 unciam
3012 4147 3026 4169 ,

2155 4200 2353 4263 :Equale
2375 4199 2533 4262 pondo
2554 4203 2666 4250 ilem
2687 4200 2984 4263 arsenicique
3011 4201 3214 4250 Pontici.

2159 4290 2239 4337 llis
2260 4289 2584 4338 suaveolentis
2609 4289 2807 4352 paulum
2834 4291 2956 4338 aceti
2982 4289 3242 4349 anundum

2153 4376 2332 4435 Majore
2355 4379 2459 4426 tere
2475 4377 2524 4426 in
2550 4376 2805 4436 mortario,
2833 4375 2950 4426 dum
2975 4376 3039 4426 sit
3060 4377 3200 4438 satis;

2155 4468 2387 4527 Ceraeque
2407 4465 2667 4527 resinisque
2685 4463 2890 4514 miscens
2915 4465 3159 4527 paululum

2156 4553 2261 4603 Olei
2276 4588 2291 4612 ,
2321 4553 2452 4614 liqua
2475 4551 2670 4600 flamma
2693 4553 2812 4614 ignis
2831 4565 2978 4614 quam
3007 4551 3250 4612 acerrimi,

2155 4645 2222 4690 Ac
2246 4643 2518 4703 temperans
2535 4639 2723 4700 omnia,
2752 4641 2927 4690 faciens
2954 4641 3251 4702 malagmatis

2155 4731 2252 4778 Nec
2279 4729 2520 4790 pharmaci
2541 4729 2833 4791 inquinanlis
2855 4728 3211 4778 crassitudinem
3227 4765 3240 4787 ,

2155 4815 2390 4876 Reponito
2404 4853 2416 4875 ‚
2439 4818 2674 4878 utensque
2693 4817 2859 4878 excipe
2879 4807 3005 4865 novo
3023 4817 3216 4878 splenio.

2154 4902 2325 4963 Aiebat
2343 4901 2555 4966 optimus
2572 4903 2908 4953 medicamenti
2934 4907 3067 4964 pater

2154 4989 2332 5038 Morbis
2349 4989 2587 5039 diuturnis
2607 4990 2881 5052 praesidium
2905 4991 3081 5052 suscipi

2155 5078 2289 5127 Istud
2313 5078 2490 5126 bonum
2506 5116 2519 5137 ,
2540 5079 2714 5140 quibus
2738 5079 2852 5128 item
2881 5079 3019 5139 longa
3041 5078 3234 5128 visceris

2118 5222 2127 5227 ⁵
2155 5165 2423 5228 Cujuslibet
2441 5165 2752 5215 inflammatio
2777 5166 3042 5228 praecordia
