3767 5825
532 1020 550 1082 (

560 460 615 499 ιο
640 440 759 519 Ἐφ’
782 434 853 499 ὧν
879 442 923 499 δ’
945 444 1161 505 ἐπινοεῖς
1184 438 1270 497 τὸν
1298 438 1507 520 σκιῤῥὸν
1530 435 1821 517 σπλάγχνῳ
1842 436 1940 495 τινὶ

644 529 948 607 Ἐσόμενον,
972 530 1137 594 ἀδεῶς
1156 526 1385 608 κέχρησο
1406 530 1483 608 τῷ
1513 526 1827 605 μαλάγματι

972 678 1143 724 ΑΡΧΗ
1182 678 1307 723 ΤΗΣ
1344 676 1430 721 Δί’
1464 675 1657 722 ΑΔΩΝ.

636 810 728 871 Ἂν
754 812 797 869 δ’
823 810 1043 889 ἐπιμένῃ
1074 808 1269 867 τούτων
1295 832 1397 867 τινι
1420 806 1627 865 πλείοσι
1650 805 1886 887 χρόνοις,

638 898 871 967 Σκευάζε
891 896 983 957 καὶ
1004 900 1143 956 τοῦθ’
1172 901 1241 963 ὡς
1263 896 1544 956 κάλλιστον
1566 894 1861 975 φάρμακον.

562 1024 666 1070 Sec.
688 1033 814 1082 gen:
840 1021 951 1079 vn,
972 1022 1028 1068 P.
1049 1021 1095 1069 11
1121 1032 1170 1083 p.
1196 1021 1289 1067 ⁴12
1308 1020 1359 1068 et
1385 1021 1530 1091 με.)

1060 1168 1371 1229 ΧΑΛΑΣΤ
1376 1168 1395 1226 Ι
1406 1170 1449 1227 K
1460 1168 1562 1228 Al.

535 1315 575 1362 H
600 1316 705 1362 ΔΙΑ
726 1315 947 1363 ΧΥΔΩΝ
976 1314 1439 1363 ΔΑΜΟΚΡΑΤΟΥΣ
1463 1314 1595 1363 Ano
1624 1312 2046 1361 ΜΕΝΕΚΡΑΤΟΥ
2047 1311 2100 1359 Σ.

640 1438 887 1505 Εἷπόντες
916 1428 1003 1496 οὖν
1032 1436 1346 1517 ἔμπροσθεν,
1374 1440 1485 1503 πῶς
1512 1436 1579 1495 τὰ
1608 1435 1889 1517 τραύματα

644 1526 784 1605 Δίχα
810 1528 1104 1605 φλεγμονῆς
1128 1525 1348 1602 μένοντα
1373 1524 1783 1597 κολληθήσεται,

612 1614 769 1685 Ἑξῆς
798 1616 1037 1693 ἐροῦμεν,
1068 1618 1177 1680 πῶς
1201 1612 1269 1673 τὰ
1296 1612 1659 1695 φλεγμαίνοντ’
1688 1612 1821 1691 ἄγαν

638 1704 871 1761 Δυνατὸν
892 1700 1193 1783 θεραπεύειν
1214 1702 1509 1783 φαρμάκοις
1532 1700 1682 1761 ἔσται
1708 1704 1901 1767 καλῶς.

557 1816 583 1851 5
638 1792 814 1853 Ὅταν
843 1792 971 1869 μυὸς
994 1790 1279 1873 τρωθέντος
1296 1836 1314 1864 ,
1340 1790 1375 1863 ἦ
1396 1788 1588 1869 νεύρων
1608 1792 1843 1863 πυκνῶν,

636 1882 711 1941 Ἤ
736 1880 828 1939 καὶ
850 1879 1087 1959 νυγέντος
1116 1878 1297 1954 ὑμένος
1333 1880 1483 1956 ἔγγὺς
1512 1878 1694 1937 ὀστέου
1710 1925 1726 1957 ‚

648 1967 803 2029 Μετὰ
832 1967 926 2039 τὴν
947 1966 1201 2049 τετάρτην
1232 1966 1437 2048 ἡμέραν
1464 1966 1655 2025 πυκνοὶ
1682 1966 1834 2025 πόνοι

644 2058 752 2117 Καὶ
776 2055 1099 2137 φλεγμοναὶ,
1126 2055 1341 2137 πυρετοί
1368 2077 1425 2113 τε
1450 2053 1583 2131 μετὰ
1614 2052 2024 2130 συμπτωμάτων

644 2146 891 2217 Πολλῶν,
920 2144 1229 2226 ἀγρυπνίας,
1258 2148 1601 2224 παρακοπῆς,
1632 2142 1809 2224 δίψους
1839 2144 2062 2221 σφοδροῦ
2082 2186 2097 2217 ,

562 2256 609 2293 iu
638 2224 794 2315 Κᾷτα
820 2232 977 2312 ξηρᾶς
1000 2231 1237 2312 γλώττης
1260 2232 1474 2311 γένηται
1500 2234 1800 2312 πρόσθεσις,

644 2324 774 2383 Καθ’
806 2322 1009 2402 ἡμέραν
1034 2320 1260 2403 ῥέποντα
1292 2320 1425 2403 πρὸς
1448 2320 1515 2379 τὰ
1540 2320 1781 2400 χείρονα,

626 2410 783 2491 Ἰχὼρ
810 2409 1105 2491 τρυγώδης,
1128 2410 1315 2478 λεπτὸς
1331 2454 1347 2483 ,
1378 2409 1568 2489 ἐρυθρὰ
1590 2408 1871 2488 τραύματα
1887 2452 1903 2480 ,

638 2499 725 2559 Τά
748 2502 794 2557 τ’
822 2498 973 2577 ἐγγὺς
995 2500 1164 2558 αὐτῶν
1193 2497 1346 2557 πάντ’
1374 2498 1564 2577 ἔχοντα
1592 2496 1817 2575 σώματα

636 2583 861 2665 Ὀργδις,
886 2585 1181 2663 διατάσεις,
1214 2584 1536 2667 φλεγμονὰς,
1560 2584 1857 2662 οἰδήματα,

564 2692 611 2734 ιε
636 2674 771 2733 Τότε
796 2672 871 2751 μὴ
896 2673 1243 2733 κατάπλασσε
1270 2672 1524 2740 ποικίλοις
1546 2674 2018 2751 καταπλάσμασιν·

634 2758 795 2828 Ἔθος
814 2762 916 2842 γάρ
942 2764 1053 2821 ἐστι
1080 2766 1235 2821 τοῦτο
1258 2761 1423 2819 ποιεῖν
1454 2768 1563 2829 τοῖς
1586 2759 1743 2833 νέοις,

634 2848 733 2937 Ἵν’
756 2850 1059 2934 ἐκφυγόντες
1085 2850 1180 2918 τὰς
1204 2848 1379 2929 ἀκμὰς
1403 2853 1506 2908 τῶν
1530 2850 1834 2932 φλεγμονῶν

636 2941 763 3005 Τοῖς
786 2938 1133 3021 συκοφάνταις
1157 2937 1232 3012 μὴ
1261 2937 1567 3018 παρέχωσιν
1600 2937 1773 2996 αἰτίαν
1790 2961 1803 2974 ·

635 3031 732 3086 Δεῖ
752 3026 806 3086 δὲ
829 3027 915 3086 τὸν
939 3027 1127 3106 ἔχοντα
1153 3031 1247 3098 τῆς
1266 3028 1397 3094 ἰδίας
1421 3025 1597 3084 πίστιν
1624 3025 1807 3105 τριὸἧς

556 3135 611 3174 20
640 3117 749 3174 Καὶ
774 3114 1208 3192 συγκαταὸαίνειν
1237 3108 1574 3180 τοῖς’νοσοῦσ’
1598 3115 1669 3180 εἷς
1696 3111 1813 3180 τοὺς
1842 3111 2060 3193 φόὸους,

640 3203 739 3273 Μὴ
763 3203 1107 3281 περιμένοντα
1127 3201 1221 3272 τὴν
1242 3200 1407 3282 τυχὴν
1437 3201 1528 3260 καὶ
1550 3201 1646 3264 τὴν
1666 3201 1843 3282 φύσιν.

638 3293 872 3360 Σκευάζε
899 3289 1069 3348 τοίνυν
1092 3291 1219 3370 πρὸς
1244 3289 1278 3348 ἃ
1306 3290 1614 3370 προείρηται
1637 3289 1779 3362 πάθη

640 3378 745 3438 Καὶ
767 3377 873 3443 τοῖς
896 3378 1231 3456 ποδαγρικοῖς
1254 3377 1481 3456 ἁρμόζον
1502 3377 1562 3435 τὸ
1590 3377 1888 3458 φάρμακον,

640 3465 736 3524 Ἔν
760 3464 919 3522 παντὶ
941 3467 1110 3545 καιρῷ
1138 3473 1244 3530 τοῖς
1265 3463 1469 3523 νοσοῦσ’
1495 3465 1836 3541 ἐπικείμενον·

556 3573 609 3614 15
636 3556 687 3614 Τ
690 3561 763 3619 οῖς
790 3550 893 3631 γὰρ
921 3551 1294 3628 διαλείμμασιν
1323 3551 1419 3629 μὲν
1440 3551 1738 3622 εὗκινησίαν

638 3639 879 3721 Παρέχον
906 3643 1119 3716 ἑτοίμην
1142 3639 1233 3698 καὶ
1260 3639 1319 3696 τὸ
1344 3638 1418 3717 μὴ
1442 3638 1637 3720 πώροις
1659 3641 1795 3722 ταχὺ

634 3732 864 3794 Πυκναῖς
887 3727 933 3787 τ’
962 3727 1227 3792 ἐπιὸολαῒς
1254 3728 1690 3806 παρενοχλεῖσθαι
1722 3730 1938 3810 ῥαδίως,

635 3819 734 3878 Ἐν
758 3821 874 3884 ταῖς
902 3817 1213 3897 παρακμαῖς
1242 3815 1287 3872 δ’
1312 3817 1407 3874 οὐκ
1429 3819 1528 3873 ἐῶν
1552 3815 1747 3892 μεγέθη
1778 3818 1979 3892 λαὸεῖν,

636 3907 731 3967 Ἐν
760 3907 875 3972 ταῖς
901 3907 1096 3982 ἀκμαῖς
1122 3903 1176 3963 δὲ
1201 3903 1291 3971 τὰς
1319 3904 1609 3983 παρακμὰς
1626 3911 1805 3965 ποιοῦν
1830 3907 1997 3988 ταχὺ,

554 4017 608 4055 30
632 3992 725 4053 ’Ἂν
752 3993 827 4070 μὴ
853 3991 1147 4072 μεταδαίνῃ
1180 3992 1369 4074 ῥαδίως
1386 4017 1461 4059 τις
1489 3996 1570 4072 ἐφ’
1600 3991 1774 4073 ἕτερα.

635 4083 715 4143 Τὸ
738 4081 792 4140 δὲ
817 4081 1093 4162 φάρμακον
1118 4081 1339 4150 σκευάζε
1362 4086 1542 4140 τοῦτον
1570 4081 1659 4140 τὸν
1689 4085 1877 4162 τρόπον
1897 4107 1910 4121 ·

633 4170 963 4250 Λιθαργύρου
988 4170 1084 4248 μὲν
1111 4171 1383 4242 λειοτάτης
1402 4169 1698 4250 χρυσίτιδος

632 4259 827 4339 Λίτρας
848 4258 955 4316 δύω
980 4257 1156 4338 βαλὼν
1184 4255 1440 4339 τέσσαρας
1470 4258 1739 4338 ἀξουγγίου

631 4345 793 4424 Ἄγαν
820 4349 1048 4404 παλαιοῦ
1066 4389 1082 4417 ,
1116 4344 1241 4421 μίαν
1272 4345 1325 4404 δὲ
1350 4345 1441 4404 καὶ
1468 4355 1591 4422 μιᾶς
1618 4346 1799 4425 λίτρας

552 4457 603 4495 35
631 4435 820 4512 Τρίτον
840 4433 937 4513 [γ’]
967 4434 1141 4493 ἐλαίου
1166 4433 1472 4512 παχυτάτου
1503 4433 1595 4493 καὶ
1618 4436 1894 4500 πολυετοῦς

636 4521 743 4582 Καὶ
773 4521 847 4598 μὴ
878 4520 1162 4594 δυσώδους,
1185 4522 1260 4598 μὴ
1286 4521 1537 4598 μέλανος,
1565 4521 1638 4599 μὴ
1664 4521 1908 4602 τραχέος·

633 4609 792 4670 Οὕτω
812 4609 913 4690 γὰρ
936 4609 1083 4668 ἔσται
1107 4609 1381 4689 δραστικὸν
1403 4610 1463 4668 τὸ
1482 4610 1553 4692 φοί
1591 4634 1775 4687 μακον.

634 4693 684 4750 Τ
685 4689 812 4761 ήξας
840 4689 884 4748 δ’
905 4691 1165 4766 ἕπιμελῶς
1192 4693 1245 4748 ἐν
1274 4689 1466 4748 λοπάδι
1489 4633 1807 4768 τάἕούγγιον,

633 4775 855 4857 Ἷζπαιρ’
883 4781 977 4836 ἀπ’
1007 4780 1165 4836 αὐτοῦ
1191 4777 1307 4844 τοὺς
1332 4779 1523 4855 ὑμένας
1552 4779 1641 4836 καὶ
1668 4779 1784 4844 τοὺς
1816 4779 1972 4852 ἅλας,

556 4885 609 4924 ⁴0
637 4866 823 4946 ἸΙθμῷ
849 4867 1035 4936 διηθῶν
1066 4867 1135 4932 εἰς
1160 4864 1340 4945 ἑτέραν
1372 4867 1532 4942 μείζω
1557 4863 1778 4945 χιῗτραν·

636 4954 745 5013 Καὶ
773 4952 1087 5033 προσὸαλὼν
1116 4955 1288 5012 ἔλαιον
1314 4955 1561 5022 ἀνάζεσον
1586 4955 1770 5030 πάλιν,

634 5042 729 5111 Μὴ
754 5050 857 5098 πᾶν
885 5043 929 5099 δ’
960 5041 1151 5116 ἔλαιον,
1184 5042 1319 5100 ἀλλὰ
1347 5042 1415 5100 τὰ
1443 5043 1520 5100 δύ’
1552 5045 1707 5100 αὐτοῦ
1738 5043 1891 5123 μέρη·

636 5129 717 5190 Τὸ
743 5129 913 5211 τρίτον
942 5130 986 5188 δ’
1006 5129 1291 5205 ὑπολιπὼν,
1314 5129 1395 5210 ἔχ’
1420 5133 1473 5190 ἐν
1498 5131 1692 5210 ἑτοίμῳ
1716 5131 1977 5209 κείμενον.

1356 306 1759 367 ΣΕΡΒΙΛΙΟΥ
1800 304 2380 365 ΔΛΜΟΚΡΑΤΟΥΣ
2421 306 2526 365 ΤΑ
2569 304 2939 363 ΛΕῙΨΑΝΑ.

2197 442 2289 493 Ubi
2315 442 2572 506 suspicaris
2587 444 2824 493 scirrhum
2849 441 3077 505 cuiquam
3103 442 3272 492 visceri

2197 534 2436 581 Futurum
2450 570 2466 593 ‚
2485 531 2752 595 intrepidus
2777 532 2929 581 utitor
2947 533 3250 593 malagmate.

2411 680 2672 723 mrum!
2709 680 3150 723 ussnlcufflwrx
3191 682 3226 722 Β
3265 682 3544 721 saumis.

2195 816 2245 865 si
2272 817 2322 865 in
2351 816 2525 865 horum
2545 818 2708 879 aliquo
2731 820 2923 867 manent
2941 817 3112 867 diebus
3139 819 3395 879 plusculis,

2195 906 2257 953 Et
2279 902 2372 953 hoc
2395 906 2566 967 parato
2587 904 2993 955 medicamentum
3013 919 3158 968 quam
3187 906 3444 967 optimum.

2713 1168 3228 1228 RELAXAN'HA.

2278 1314 2600 1353 amoenus
2621 1314 3042 1355 mutuamus!
3067 1314 3100 1352 B
3121 1313 3292 1351 succis
3317 1315 3346 1351 k:
3369 1314 3648 1351 maumam

2195 1422 2384 1473 Praesau
2408 1422 2550 1483 igitur
2575 1436 2674 1485 quo
2691 1423 2886 1473 tandem
2909 1424 3050 1485 pacto
3073 1423 3274 1472 vulnera

2197 1517 2232 1561 Α
2255 1512 2537 1574 phlegmone
2557 1526 2723 1561 secura
2743 1514 2874 1561 recte
2901 1512 3134 1574 glutines,

2197 1600 2400 1649 Posthac
2421 1600 2640 1650 dicemus
2653 1637 2667 1662 ,
2687 1600 2938 1663 quomodo
2955 1614 3072 1649 cum
3091 1598 3378 1663 phlegmone

2194 1689 2340 1739 Gravi
2361 1692 2679 1751 occupentur,
2701 1692 2937 1738 curentur
2955 1688 3293 1737 medicamine.

2195 1780 2356 1836 Quum
2385 1778 2608 1825 musculo
2636 1778 2752 1826 loeso
2775 1777 2940 1826 nervis
2957 1776 3062 1827 sive
3079 1776 3270 1839 solidis,

2198 1862 2284 1913 Vel
2304 1868 2353 1913 et
2371 1865 2640 1927 propinqua
2661 1864 2858 1927 quando
2873 1865 2970 1914 ossi
2999 1866 3332 1915 membranula

2195 1955 2382 2003 Puncta
2397 1954 2499 2003 dies
2517 1956 2626 2016 post
2647 1956 2875 2015 quattuor
2903 1954 3127 2017 trequens
3151 1953 3307 2014 dolor,

2197 2046 2258 2091 Et
2276 2042 2564 2105 phlegmone
2593 2042 2845 2105 febresque
2863 2055 2978 2091 cum
2997 2042 3329 2105 symptomatis

2195 2132 2358 2181 Multis
2375 2132 2447 2179 uti
2469 2130 2627 2193 vigilia
2641 2168 2656 2193 ‚
2677 2130 2898 2181 delirium
2917 2133 2968 2181 et
2983 2130 3086 2181 sitis
3099 2168 3114 2191 ,

2195 2225 2264 2270 Ac
2282 2219 2444 2282 lingua
2461 2220 2586 2269 sicca
2603 2218 2740 2279 dein,
2763 2222 2986 2269 crescunt
3003 2221 3151 2283 atque
3171 2221 3331 2268 omnia

2193 2306 2420 2365 Quotidie
2443 2310 2622 2357 etcum
2647 2308 2798 2369 inagis
2817 2308 3012 2357 malain
3033 2308 3172 2371 pejus
3189 2310 3364 2369 ruunt,

2197 2400 2256 2447 Et
2281 2398 2536 2446 foeculenta
2553 2397 2710 2445 sanies
2725 2432 2738 2455 ,
2759 2396 2948 2457 tenuis,
2969 2398 3170 2446 vulnera
3191 2399 3241 2447 et

2193 2484 2358 2535 Rubra
2373 2488 2520 2547 atque
2539 2487 2698 2547 partes
2717 2484 2791 2534 his
2808 2486 2981 2534 vicinas
2999 2498 3167 2535 omnes
3185 2485 3362 2535 inalient

2195 2574 2542 2632 Distensiones,
2563 2574 2892 2635 phlegmonas,
2917 2573 3182 2634 oedemau,

2193 2664 2457 2725 Turgores,
2480 2664 2627 2711 variis
2649 2666 2754 2712 tum
2774 2662 2962 2713 abstine
2980 2663 3333 2725 cataplasmatis
3357 2676 3372 2710 ε

2193 2750 2334 2808 Quod
2357 2764 2460 2799 mos
2471 2750 2734 2813 juvenibus
2751 2754 2825 2800 est
2843 2750 3001 2800 facere
3015 2788 3028 2811 ,
3061 2764 3160 2814 quo
3183 2750 3522 2813 phlegmona-

2193 2842 2355 2890 Status
2371 2839 2653 2901 effugientes
2681 2852 2776 2887 non
2796 2839 2914 2889 dent
2936 2838 3196 2889 calumniis

2192 2929 2523 2978 occasionem.
2546 2932 2609 2979 At
2633 2929 2724 2978 arti
2747 2929 2832 2991 qui
2853 2929 2958 2978 fidit
2977 2943 3080 2978 suae

2193 3021 2334 3068 Hunc
2351 3018 2578 3066 devenire
2602 3031 2714 3066 cum
2737 3017 3078 3079 languentibus
3102 3019 3150 3066 in
3169 3020 3325 3070 metus

2191 3109 2420 3168 Oportet,
2441 3105 2572 3155 haud
2587 3107 2947 3168 exspectantem
2971 3105 3088 3153 dum
3116 3106 3282 3154 vicerit

2191 3198 2372 3245 Natura
2392 3195 2469 3244 vel
2495 3195 2688 3244 fortuna
2706 3193 2929 3256 quaedam
2942 3193 3142 3256 juverit.

2193 3287 2319 3346 Ergo
2347 3297 2485 3346 pares
2507 3283 2684 3346 quibus
2707 3283 2928 3332 consului
2949 3283 3205 3332 affectibus

2191 3373 2329 3431 Quod
2348 3374 2398 3422 et
2425 3371 2688 3434 podagricis
2711 3371 3119 3420 medicamentum
3137 3369 3352 3420 convenit

2191 3461 2344 3522 AEgris
2367 3461 2416 3510 in
2434 3461 2565 3510 omni
2585 3463 2803 3522 tempore
2821 3459 3099 3522 impositum
3119 3473 3334 3518 manen53

2193 3551 2470 3612 promptam
2493 3549 2753 3610 agilitatem
2774 3545 3328 3596 namintermiaeionibus

2190 3637 2242 3686 ld
2266 3637 2414 3698 gignit
2431 3637 2618 3698 corpori
2634 3672 2649 3695 ,
2673 3636 2770 3685 cito
2789 3650 2879 3685 nec
2901 3637 3175 3698 permiserit

2190 3725 2394 3788 Tophis‚
2427 3738 2516 3773 nec
2534 3725 2672 3774 facile
2699 3724 2879 3773 crebris
2900 3727 3007 3786 angi
3028 3725 3306 3784 insultibuS,

2191 3815 2414 3864 Morbum
2437 3812 2670 3876 principio
2693 3813 3014 3876 prohibetque
3035 3814 3318 3872 incr-scere,

2191 3903 2286 3952 Nisi
2305 3901 2366 3951 ad
2383 3901 2476 3950 alia
2495 3901 2756 3950 descendas
2775 3901 2914 3950 facile
2931 3901 3260 3951 medicamina.

2193 3994 2331 4040 llunc
2353 3989 2600 4052 pharmaci
2628 3991 2676 4038 in
2702 3989 2902 4038 modum
2927 3991 3012 4039 fiat
3030 3990 3301 4040 confec-tio:

2193 4079 2456 4140 Lithargyri
2481 4078 2722 4129 laevissimi
2741 4078 3016 4141 chrysitidis

2191 4167 2356 4216 Libras
2373 4167 2492 4216 duas
2511 4167 2715 4216 miscens
2727 4203 2742 4228 ,
2765 4169 2978 4230 quatuor
3000 4167 3220 4228 axungiae

2189 4256 2341 4304 Valde
2359 4257 2590 4316 vetustae,
2616 4255 2789 4304 libram
2815 4268 2934 4306 vero
2951 4269 3099 4305 unam
3124 4259 3172 4304 et
3195 4255 3318 4304 librae

2188 4344 2399 4393 Tertiam
2429 4347 2614 4405 partem
2631 4344 2725 4393 olei
2747 4344 2914 4393 annosi
2949 4346 3097 4407 atque
3115 4340 3398 4400 crassissimi,

2188 4434 2250 4482 Et
2267 4445 2364 4481 non
2385 4433 2592 4482 foetentis
2605 4467 2621 4492 ‚
2641 4446 2738 4482 non
2761 4433 2910 4494 nigri,
2931 4445 3028 4482 non
3046 4433 3226 4495 asperi3

2187 4521 2266 4570 Sic
2283 4534 2492 4583 namque
2509 4523 2670 4571 sumet
2689 4522 3006 4583 pharmacum
3029 4521 3301 4570 efficaciam

2185 4609 2402 4672 Liquatae
2419 4608 2670 4672 diligenter
2687 4612 2851 4672 patina
2867 4611 3090 4672 axungim

2187 4698 2542 4748 Membranulas
2557 4700 2802 4760 salemque
2819 4713 2934 4748 mox
2957 4699 3196 4748 sustollite
3207 4733 3222 4758 ,

2189 4791 2240 4836 ln
2262 4800 2349 4836 vas
2366 4787 2493 4836 aliud
2515 4788 2666 4848 ipsam
2696 4789 2944 4850 percolaris
2961 4788 3190 4848 amplius;

2187 4876 2476 4938 Adjectoque
2494 4877 2601 4925 oleo
2625 4889 2792 4924 rursus
2811 4889 2929 4924 cura
2949 4876 3159 4935 ferveat,

2183 4969 2288 5014 Non
2307 4979 2450 5014 omne
2469 4979 2650 5026 ponens
2667 4966 2828 5013 oleum
2845 5001 2858 5026 ,
2878 4964 2962 5014 sed
2993 4967 3146 5026 partes
3161 4962 3298 5022 duan

2183 5053 2344 5102 Tertia
2363 5053 2576 5102 manebit
2595 5053 2641 5102 in
2667 5053 2892 5115 expedito
2911 5053 3102 5102 condita
3115 5089 3128 5110 ,

2183 5143 2232 5191 Sl
2250 5140 2448 5203 iungere
2465 5143 2526 5190 sit
2545 5156 2733 5190 necesse
2745 5177 2758 5201 ,
2783 5156 2843 5191 ne
2865 5141 2992 5191 absit
3009 5140 3214 5204 ionius}
