3767 5825
383 320 457 370 811
1453 317 1607 374 ΤΟΥ
1650 317 1843 376 ΦΙΛΗ
1890 316 2076 376 ΠΕΡΙ
2119 319 2492 379 ΒΟΤΡΥΟΣ.

508 465 806 546 στηρίζεται
829 467 931 550 γὰρ
953 469 1175 551 εὐχερῶς
1199 473 1297 528 κάν
1318 479 1421 536 τοῖς
1450 472 1630 538 λίθοις·

511 555 785 615 ἐντείνεται
814 557 867 615 δὲ
897 557 988 616 καὶ
1018 559 1233 640 προάγει
1264 561 1358 630 τὴν
1388 559 1583 637 κόμην·

507 644 597 704 καὶ
622 645 725 726 γὰρ
746 646 805 705 τὸ
826 647 1009 705 πιστὸν
1033 649 1251 723 ἕμπεδοῖ
1271 653 1383 716 ταῖς
1405 649 1657 728 ο11ἰγ1ιύρτ1ιις
1677 697 1691 724 ,

414 755 489 794 11111
508 733 599 792 καὶ
624 743 729 802 τοῖς
756 735 1081 794 ἐπιπνέουσιν
1110 737 1323 816 ἀντέχει
1350 739 1553 809 σάλοις,

506 824 683 902 ὥσπερ
707 847 784 890 τις
818 823 975 891 ὁλκὰς
997 825 1261 902 ἱδρυθεῖσαι
1287 835 1390 892 τοῖς
1416 825 1610 892 κάλοις.

506 909 675 970 Ἐπὰν
706 912 759 969 δὲ
789 913 962 979 καλῶς
990 913 1261 995 ὀργανὼσῃ
1290 914 1377 973 τὸν
1400 913 1614 986 κλάδον,

506 1006 635 1056 κινεῖ
664 999 787 1057 καθ’
818 998 997 1080 εἱρμὸν
1030 1000 1123 1066 τὰς
1156 1001 1310 1078 γονὰς
1340 1007 1373 1073 ἡ
1408 1003 1692 1080 θερμότης,

491 1085 543 1154 ἐξ
572 1077 645 1146 ῶν
675 1110 725 1145 τι
752 1088 941 1146 λεπτὸν
972 1090 1017 1146 εἷ
1045 1087 1301 1170 προκύψει
1332 1091 1614 1168 σπαρτίον,

407 1192 483 1232 ιω
502 1175 611 1232 ἰδοῦ
642 1175 879 1255 σταφυλὴ
906 1174 997 1234 καὶ
1024 1175 1126 1258 φυὴ
1158 1177 1535 1257 καρποτρόφος.

509 1260 617 1321 Καὶ
638 1261 884 1338 τέμνεται
909 1262 1002 1340 μὲν
1029 1269 1061 1335 ἡ
1086 1264 1242 1342 χλιδὴ
1267 1269 1370 1323 τῶν
1396 1267 1616 1344 ἀκρίδων
1633 1290 1644 1302 ·

502 1349 561 1406 οὐ
583 1349 663 1407 δεῖ
686 1349 789 1429 γὰρ
818 1349 980 1420 αὐτὴν
1010 1352 1330 1428 προσλαὸεῖν
1360 1351 1451 1417 τὰς
1484 1352 1734 1428 ἰκμάδας,

503 1437 587 1517 ὑφ’
611 1427 682 1495 ῶν
714 1437 929 1497 δυνατὸν
962 1441 1281 1521 ἐκτραφῆναι
1317 1439 1409 1506 τὰς
1446 1441 1633 1519 ῥάγας·

504 1523 821 1605 προέρχεται
845 1526 897 1584 δὲ
924 1533 1195 1606 συγγενοῦς
1218 1527 1397 1594 ἄνθους
1420 1529 1548 1607 χνόη
1568 1575 1583 1600 ,

410 1633 485 1672 16⁸
506 1611 597 1670 καὶ
620 1615 775 1672 πάλιν
804 1616 968 1685 αὐτῆς
993 1617 1261 1693 ἔκρυείσης
1292 1616 1501 1675 αὐτόθεν

502 1705 535 1771 ἡ
566 1701 899 1780 κεγχροειδὴς
923 1706 1024 1760 τῶν
1052 1705 1195 1761 ὀπῶν
1226 1703 1375 1774 πῆξις
1409 1706 1572 1784 βρύει·

505 1789 719 1869 σφαιροῖ
754 1788 856 1869 γὰρ
888 1788 1047 1860 αὐτὴν
1078 1793 1171 1862 τῆς
1200 1800 1368 1870 πυρᾶς
1396 1797 1429 1862 ἡ
1461 1793 1735 1873 γοργότης·

504 1875 784 1935 ἔκτείνεται
812 1875 866 1934 δὲ
894 1876 983 1935 καὶ
1011 1877 1071 1935 τὸ
1101 1881 1203 1936 τῶν
1236 1877 1441 1958 φύλλων
1477 1879 1654 1960 δέρας,

502 1965 594 2024 καὶ
620 1969 682 2046 ζῇ
710 1968 947 2046 καθαρῶς
972 1965 1061 2024 καὶ
1084 1966 1372 2047 προκόπτει
1396 1966 1461 2025 τὰ
1490 1969 1654 2048 βρέφη

409 2073 487 2114 170
506 2055 577 2118 εἷς
601 2054 835 2134 αὐτοφυῆ
859 2052 1301 2134 σπαργανούμενα
1326 2054 1549 2124 σκέπην.

508 2140 825 2221 Ἀνείργεται
856 2147 977 2220 γοῦν
1008 2146 1043 2212 ἡ
1076 2141 1219 2222 βολὶς
1246 2149 1337 2202 τοῦ
1366 2147 1668 2224 φωσφόρου·

502 2229 594 2289 καὶ
617 2228 720 2310 γὰρ
744 2232 949 2288 ἀπειλεῖ
970 2230 1064 2302 τὴν
1092 2229 1281 2310 βολὴν,
1308 2237 1377 2299 ὡς
1412 2233 1620 2304 τοξότης
1642 2279 1657 2308 ,

504 2309 639 2396 αἷμα
668 2319 935 2399 σταφυλῆς
962 2319 1156 2377 ἐκπιεῖν
1186 2321 1523 2398 ἠπειγμένος·

508 2407 815 2466 ἀνθίσταται
844 2406 897 2464 δὲ
920 2411 1013 2478 τῆς
1046 2408 1283 2488 χαλάζης
1312 2418 1417 2474 τοῖς
1443 2411 1601 2474 λίθοις

406 2516 482 2556 1711
502 2500 535 2566 ἡ
559 2500 651 2555 τοῦ
677 2494 889 2572 στέγους
912 2495 1225 2571 σύμπτυξις,
1252 2498 1465 2564 ἀσπίδος
1493 2499 1670 2576 δίκην,

501 2581 627 2642 ὅταν
655 2585 856 2662 ἐπαρθῇ
880 2587 983 2641 τῶν
1008 2587 1173 2664 νεφῶν
1198 2589 1231 2656 ἡ
1264 2587 1535 2665 σφενδόνη.

502 2669 640 2738 Τοὺς
666 2671 910 2753 ὄμφακας
936 2671 990 2730 δὲ
1014 2670 1150 2730 κατὰ
1178 2673 1361 2751 μικρὸν
1388 2673 1602 2754 ἁδρύνει

502 2761 689 2840 ψυχρῷ
711 2759 771 2819 τὸ
794 2758 981 2839 θερμὸν
1002 2759 1285 2839 συγκραθὲν
1312 2762 1449 2820 κατὰ
1473 2763 1675 2842 χρόνον·

508 2847 616 2915 θεὸς
647 2846 701 2907 δὲ
730 2849 883 2929 τηρεῖ
908 2848 1237 2915 συντεθείσας
1260 2849 1352 2917 τὰς
1378 2850 1566 2930 ῥάγας,

406 2958 485 2997 180
502 2936 727 3017 γίγαρτα
757 2935 953 3014 πηγνὺς
981 2939 1179 3019 εὐφυῶς
1210 2938 1321 2995 ἀντ’
1350 2939 1576 3018 ὀστέων,

504 3016 584 3092 αἶς
606 3026 747 3083 ἐστιν
771 3030 803 3097 ἡ
830 3024 960 3104 σὰρξ
982 3025 1209 3095 εὐπαθὴς
1227 3070 1243 3097 ,
1272 3029 1316 3083 εἷ
1341 3028 1613 3109 περκάσει.

500 3112 583 3173 Ὦ
612 3117 821 3188 θαῦμαΙ
852 3112 941 3171 καὶ
970 3116 1082 3178 πῶς
1110 3118 1173 3191 τῇ
1208 3114 1437 3193 τοσαύτῃ
1470 3114 1703 3174 συνθέσει

502 3200 695 3267 θλιὸεὶς
718 3205 745 3259 ὁ
762 3199 925 3278 χιτὼν
952 3202 1195 3276 οὐδαμῶς
1232 3203 1506 3281 ἅπορρέει;

502 3287 592 3344 καὶ
622 3284 698 3351 τίς
722 3292 897 3366 ἀραιοῖ
927 3290 989 3366 τῇ
1016 3288 1211 3355 συνέξει
1239 3288 1334 3355 τὰς
1363 3290 1556 3370 ῥάγας,

408 3394 484 3433 1811
502 3371 537 3443 ἢ
561 3373 639 3440 τίς
667 3372 826 3431 πάλιν
852 3373 1109 3453 πήγνυσιν
1132 3378 1202 3442 εἶς
1226 3378 1552 3449 διαστάσεις;

504 3463 703 3538 μᾶλλον
727 3460 782 3519 δὲ
810 3466 921 3529 πῶς
944 3462 1215 3538 κλήματος
1244 3464 1388 3535 ἁπλῆ
1418 3489 1492 3531 τις
1527 3464 1675 3543 φύσις

502 3553 644 3607 ποιεῖ
670 3548 982 3630 μερισμούς,
1016 3546 1078 3607 ἂν
1110 3554 1358 3629 μερισθῇ,
1390 3555 1649 3629 βοτρύων,

503 3636 732 3704 καὶτοὺς
760 3636 855 3715 μὲν
884 3641 953 3705 ὡς
976 3635 1168 3717 ὄνυχας
1196 3636 1230 3709 ἢ
1259 3637 1442 3718 ῥάμφη
1470 3639 1682 3719 τρέφει,

504 3723 622 3793 τούς
650 3723 706 3785 δῖ
733 3724 1021 3803 στεγανούς
1044 3728 1116 3792 εἶς
1142 3726 1443 3804 κυλίνδρους
1472 3726 1673 3806 ἐξάγει,

406 3834 481 3873 190
497 3811 533 3885 ἢ
562 3812 847 3879 κωνοειδεῖς
868 3810 903 3883 ἢ
928 3812 1205 3891 τριγώνους
1233 3813 1483 3892 δεικνύει,

510 3898 602 3958 καὶ
627 3897 744 3967 τούς
768 3898 863 3976 μὲν
889 3902 960 3968 εἷς
983 3900 1183 3982 ἔρευθος
1205 3901 1381 3982 ἠρέμα
1403 3902 1619 3983 γράφει,

504 3986 622 4054 τοὺς
642 3989 698 4045 δὲ
722 3988 867 4067 βρύει
889 3988 1117 4065 μέλανας
1132 4036 1149 4065 ,
1169 3987 1205 4061 ἢ
1230 3987 1425 4049 τούτων
1455 3990 1673 4071 μέσους,

506 4075 623 4142 τοὺς
652 4076 697 4133 δ’
730 4078 997 4157 αὐτοφυεῖς
1028 4077 1381 4159 ἀκναφεύτους
1412 4080 1667 4160 ἀχρόους,

507 4163 587 4243 ἐφ’
610 4153 685 4230 οἷς
707 4162 767 4221 τὸ
794 4164 977 4222 λευκὸν
1004 4164 1407 4246 ἐγκρατέστερον
1438 4166 1605 4245 μένει.

406 4272 483 4311 1911
508 4254 633 4317 Πῶς
654 4257 829 4329 γεῦσις
850 4254 1023 4319 αὐτοῖς
1050 4263 1210 4311 πᾶσιν
1240 4254 1420 4322 ἅπλῶς
1449 4257 1506 4313 οὐ
1534 4256 1662 4334 μίας

506 4338 834 4398 ποικίλλεται
856 4337 957 4419 γὰρ
988 4342 1217 4421 ἅκριὸῶς
1244 4342 1370 4423 πρὸς
1397 4340 1490 4409 τὰς
1516 4343 1681 4424 χρόας

513 4427 605 4485 καὶ
634 4424 728 4497 τὴν
762 4427 1224 4502 *μεταλλεύουσαν
1255 4430 1491 4510 ἀρρήτως
1520 4431 1677 4492 θέσιν.

510 4515 648 4575 Ἀλλ’
675 4512 720 4573 ὦ
747 4516 972 4575 κιὸωτοῧ
997 4524 1257 4587 σωστικῆς
1281 4518 1539 4577 ἐπιστάτα

508 4604 598 4662 καὶ
622 4608 713 4661 τοῦ
739 4604 854 4663 καθ’
880 4609 1022 4679 ἡμᾶς
1045 4607 1353 4683 ἀμπελῶνος
1382 4607 1577 4685 ἐργάτα

406 4694 562 4769 9011(δ
584 4690 688 4771 γὰρ
710 4691 861 4769 λόγος
882 4692 976 4763 τὴν
1000 4692 1118 4774 ὄψιν
1144 4698 1212 4762 εἶς
1236 4694 1295 4753 σὲ
1317 4699 1404 4752 νῦν
1430 4694 1696 4775 στρέφει),

509 4779 572 4838 σὺ
604 4780 696 4857 μὲν
727 4790 1027 4861 φυτουργεῐς
1056 4785 1108 4840 ἐν
1139 4787 1302 4864 στενῷ
1332 4788 1427 4862 γῆς
1458 4786 1517 4841 τὸ
1548 4783 1725 4857 ξύλον,

508 4867 567 4926 τὸ
593 4868 648 4927 δὲ
678 4870 927 4948 προελθὸν
956 4872 1028 4936 εἰς
1053 4870 1206 4949 γονὰς
1234 4872 1557 4951 πολυχρόους

512 4958 585 5023 εἷς
613 4957 812 5035 μακρὸν
842 4956 1055 5027 ἐξέτεινε
1078 4959 1170 5026 τὰς
1194 4960 1539 5036 κληματίδας·

514 5043 610 5103 καὶ
639 5050 727 5103 νῦν
756 5044 868 5125 ἔχει
895 5046 953 5104 τὸ
980 5049 1161 5122 κλῆμα
1189 5050 1281 5119 τῆς
1310 5052 1403 5118 σῆς
1434 5048 1671 5122 ἀμπέλου

414 5150 495 5193 205
514 5140 661 5192 πᾶσα
687 5132 852 5201 κτίσις
880 5133 971 5192 καὶ
994 5136 1209 5210 σύμπαν
1241 5134 1525 5214 ἀνθρώπων
1548 5134 1690 5213 γένος

2029 481 2204 544 quippe
2225 496 2374 544 quum
2397 483 2470 532 vel
2497 482 2554 531 ad
2576 483 2754 545 lapides
2777 483 2914 532 facile
2937 485 3213 542 annitatur;

2026 565 2172 624 atque
2189 563 2408 613 extendit
2425 577 2476 613 se
2491 567 2544 612 et
2561 577 2752 612 comam
2773 563 2979 613 effundit
3002 585 3013 612 :

2027 665 2236 714 namque
2255 665 2391 701 suam
2415 653 2722 702 securitatem
2747 655 2909 702 servat
2927 652 3029 702 istis
3047 653 3234 702 ancoris
3251 690 3268 712 ,

2027 744 2073 791 ct
2101 743 2279 791 resistit
2297 741 2574 790 afflantibus
2593 741 2988 804 tempestatibus,

2025 830 2166 879 sicuti
2191 831 2432 892 navigium
2453 830 2648 879 funibus
2666 830 2903 879 innixum.

2030 922 2194 976 Quum
2219 932 2333 966 vero
2362 919 2472 967 vitis
2498 919 2620 968 bene
2647 918 2930 981 produxerit
2954 918 3204 981 palmites,

2027 1007 2186 1055 calore
2205 1007 2458 1056 eliciuntur
2479 1007 2624 1056 foetus
2641 1007 2803 1056 baccae
2825 1021 2912 1055 suo
2935 1009 3158 1068 tempore
3181 1019 3194 1048 ε

2027 1109 2054 1144 e
2072 1094 2245 1156 quibus
2262 1093 2300 1142 si
2321 1095 2606 1157 prominobit
2627 1096 2786 1145 tenuis
2804 1094 3095 1156 cauliculuS,

2030 1195 2090 1231 en
2111 1182 2248 1231 adest
2268 1197 2361 1230 uva
2383 1187 2430 1232 et
2449 1196 2642 1244 germen
2664 1183 2958 1244 frugiferum.

2029 1274 2176 1319 Porro
2201 1272 2413 1320 luxuries
2431 1273 2708 1332 amputat-ur
2729 1275 3055 1320 extremorum
3086 1273 3492 1330 sarmentorum;

2027 1373 2123 1408 non
2147 1358 2288 1408 debet
2310 1359 2438 1408 enim
2467 1360 2570 1410 liaec
2593 1358 2654 1406 ad
2679 1373 2730 1409 se
2755 1360 2944 1419 trabere
2971 1371 3180 1409 succum

2030 1448 2299 1498 nutriendis
2317 1448 2478 1497 baccis
2499 1449 2860 1496 inserviturum.

2027 1539 2151 1596 Tum
2173 1536 2358 1598 cognati
2379 1535 2506 1585 floris
2525 1538 2699 1598 lanugo
2717 1537 2944 1600 emergit;

2035 1625 2118 1688 qui
2141 1625 2178 1674 si
2199 1639 2362 1674 rursus
2383 1624 2492 1676 inde
2511 1625 2768 1686 deciderit,

2027 1714 2326 1774 protruditur
2345 1727 2536 1777 gemma
2561 1715 2693 1764 milio
2715 1713 2882 1763 similis
2905 1727 2934 1762 e
2954 1713 3264 1764 consolidatis
3284 1713 3456 1763 succis
3475 1727 3492 1761 :

2027 1815 2140 1850 nam
2160 1805 2293 1864 vigor
2311 1803 2466 1850 innati
2484 1804 2658 1852 coloris
2675 1815 2783 1852 eam
2802 1801 3150 1862 corrotundat3

2029 1895 2172 1939 etiam
2193 1892 2533 1952 pampinorum
2551 1891 2762 1940 ambitus
2779 1903 2832 1940 se
2847 1889 3018 1939 dilatat
3029 1927 3043 1951 ,

2030 1993 2085 2027 ac
2109 1981 2249 2030 foetus
2271 1993 2476 2028 uvarum
2497 1993 2610 2028 vere
2629 1979 2803 2028 vivunt
2819 1991 2878 2027 ac
2895 1977 3152 2041 proficiunt

2029 2068 2236 2129 tegmine
2255 2071 2462 2117 connato
2476 2105 2490 2129 ,
2511 2067 2662 2116 veluti
2683 2067 2915 2128 fasciolis,
2935 2066 3158 2116 involuti.

2030 2159 2191 2218 Atque
2217 2156 2286 2205 ita
2310 2155 2472 2217 jacula
2501 2155 2708 2206 Luciferi
2733 2157 2977 2215 arcentur,

2033 2245 2114 2298 :tui
2133 2243 2280 2292 veluti
2303 2244 2576 2304 sagittarius
2593 2243 2808 2293 minatur
2823 2244 2980 2304 jactus
2993 2279 3007 2303 ,

2031 2345 2140 2381 uvae
2167 2332 2445 2394 sanguinem
2475 2331 2733 2381 exsorbere
2756 2342 3031 2393 properans.

2029 2419 2219 2469 Resistit
2243 2419 2390 2469 etiam
2409 2419 2696 2481 grandinum
2717 2419 2962 2483 lapidibus

2032 2507 2135 2557 liare
2159 2509 2382 2570 tegminis
2413 2509 2716 2571 complexio,
2743 2511 2978 2572 tanquam
3001 2508 3222 2570 clypeus,

2035 2609 2182 2656 1,·1111111
2213 2596 2431 2644 turbinos
2459 2593 2662 2643 nubium
2685 2597 2934 2656 surgentes
2959 2593 3250 2656 impendent.

2031 2689 2098 2733 Ac
2123 2683 2372 2744 paullatim
2397 2683 2594 2732 roborat
2615 2695 2736 2731 uvas
2757 2681 2918 2731 adbuc
2940 2683 3228 2732 immaturas

2031 2773 2212 2820 alterno
2237 2771 2410 2832 frigore
2434 2771 2564 2820 calor
2587 2773 2911 2834 temperatus;

2033 2862 2162 2909 Deus
2185 2861 2348 2910 autem
2371 2861 2532 2908 servat
2552 2859 2726 2908 baccas
2749 2857 2842 2908 rite
2862 2861 3192 2921 constructae,

2031 2948 2148 2997 dum
2173 2947 2478 2997 duriusculos
2504 2947 2672 2997 acinos
2703 2946 2812 2997 loco
2843 2948 3024 2997 ossium
3053 2948 3170 2997 scite
3194 2948 3444 3011 ingenerat
3461 2984 3478 3007 ,

2031 3036 2207 3097 quibus
2226 3036 2390 3085 baccis
2409 3049 2523 3085 caro
2545 3036 2708 3085 suavis
2725 3038 2801 3085 est
2818 3073 2833 3096 ,
2857 3049 3014 3099 quum
3035 3036 3249 3087 colorem
3273 3035 3472 3086 duxerit
3487 3050 3608 3085 ura.

2033 3129 2072 3173 0
2089 3138 2188 3173 rem
2205 3124 2534 3174 admirabilem
2551 3126 2564 3173 1
2582 3126 2633 3175 et
2644 3124 2891 3188 quomodo
2903 3138 2932 3173 a
2949 3130 3046 3175 lam
3063 3124 3208 3174 variis
3221 3127 3346 3175 inter
3357 3139 3410 3175 se
3425 3124 3614 3186 iunctis

2031 3212 2224 3261 differta
2240 3214 2405 3262 tunica
2425 3212 2624 3263 folliculi
2641 3213 2926 3276 neutiquam
2945 3211 3152 3261 diffluit?
3435 3212 3610 3275 [rebus

2033 3307 2080 3349 ct
2108 3303 2218 3363 quis
2244 3301 2529 3363 conjunctas
2555 3301 2834 3363 vicinasque
2857 3301 3030 3350 baccas
3051 3300 3314 3351 intervallis
3341 3301 3604 3363 disjungit.

2032 3390 2118 3437 aut
2135 3390 2240 3453 quis
2260 3389 2468 3439 vicissim
2485 3390 2536 3438 in
2554 3388 2854 3452 disiunctum
2871 3388 3166 3451 compingit?

2031 3476 2132 3525 imo
2153 3490 2266 3525 vero
2291 3491 2388 3540 quo
2409 3480 2550 3540 pacto
2571 3477 2684 3527 vitis
2703 3478 2904 3540 simplex
2926 3480 3102 3526 natura

2033 3564 2079 3612 in
2095 3564 2305 3613 diversas
2319 3565 2419 3614 abit
2436 3578 2646 3615 uvarum
2663 3567 2859 3625 formas,
2875 3565 2914 3614 si
2929 3566 2992 3615 ab
3005 3578 3057 3615 se
3073 3568 3242 3615 mutuo
3259 3566 3567 3613 secernantur
3579 3588 3592 3610 .-

2033 3666 2241 3715 namque
2263 3653 2380 3703 alias
2399 3667 2566 3703 earum
2591 3654 2746 3704 nutrit
2769 3654 2962 3716 unguite
2979 3654 3159 3703 similes
3173 3690 3187 3713 ,
3207 3656 3292 3703 aut
3311 3654 3478 3711 rostri,

2035 3740 2150 3790 alias
2169 3742 2414 3803 protrudit
2432 3744 2626 3805 opertas
2645 3744 2694 3792 in
2719 3741 2924 3805 cylindri
2947 3741 3186 3804 speciem,

2031 3830 2148 3880 alias
2174 3832 2282 3879 coni
2311 3833 2396 3880 aut
2422 3832 2645 3892 trianguli
2665 3831 2816 3893 ligura
2835 3832 3009 3891 ornat;

2017 3921 2179 3969 -porro
2198 3908 2317 3957 alias
2333 3908 2430 3958 leni
2449 3908 2625 3958 rubore
2644 3912 2911 3971 purpurat,

2032 3997 2147 4046 alias
2166 3996 2324 4046 fundit
2341 3998 2524 4059 nigras,
2546 3994 2666 4046 alias
2688 3996 2844 4046 medio
2865 3997 3040 4046 borum
3060 3996 3224 4045 colore
3243 4031 3260 4055 ,

2032 4087 2080 4135 et
2096 4087 2214 4135 alias
2233 4086 2421 4135 nativas
2433 4122 2447 4147 ,
2463 4084 2646 4149 absque
2665 4084 2894 4134 fullonica
2912 4088 3016 4134 arte
3028 4123 3042 4147 ,
3063 4085 3240 4134 coloris
3255 4084 3416 4134 omnis
3431 4097 3598 4147 exper-

2031 4173 2078 4222 in
2103 4172 2278 4235 quibus
2303 4176 2469 4222 manet
2495 4174 2631 4221 albor
2657 4173 2890 4235 superior.
3487 4174 3600 4235 [tes,

1948 4322 1954 4329 .
2035 4260 2292 4319 Quomodo
2315 4261 2408 4310 illis
2430 4262 2659 4311 omnibus
2682 4261 2879 4311 minime
2902 4274 3028 4309 unus
3052 4260 3282 4323 idemque
3307 4274 3448 4324 sapor
3473 4264 3572 4311 oet?

2032 4350 2111 4399 bic
2134 4350 2260 4399 enim
2285 4350 2425 4413 plane
2448 4350 2600 4398 variat
2627 4348 2893 4399 secundum
2917 4349 3102 4399 colores

2032 4439 2081 4487 et
2101 4437 2366 4487 secundum
2386 4438 2533 4487 situm
2557 4438 2742 4487 infinite
2770 4439 2976 4486 varium.

2032 4526 2123 4577 Sed
2142 4540 2173 4576 o
2203 4527 2425 4589 praefecte
2447 4540 2574 4575 arcae
2597 4526 2839 4588 salutaria,

2032 4616 2081 4665 et
2101 4614 2254 4663 vineoe
2268 4651 2281 4673 ,
2302 4628 2397 4678 qua
2415 4628 2544 4664 nunc
2567 4614 2792 4675 fruimur,
2819 4614 2978 4663 cultor

2037 4703 2115 4764 (in
2140 4706 2190 4752 te
2211 4702 2340 4752 enim
2369 4717 2474 4752 mea
2506 4704 2659 4753 oratio
2688 4715 2820 4752 nunc
2849 4703 3015 4752 oculos
3037 4702 3340 4764 convertit),

2031 4793 2086 4840 tu
2106 4790 2298 4853 quidem
2319 4791 2506 4853 plantas
2525 4805 2579 4840 su
2588 4792 2777 4841 reulum
2798 4790 2848 4840 in
2864 4793 3010 4841 terrae
3027 4788 3206 4851 angulo
3219 4826 3234 4850 ,

2033 4878 2111 4927 hic
2130 4892 2246 4927 vero
2270 4892 2544 4941 progressus
2567 4880 2615 4927 in
2641 4880 2856 4929 sobolem
2876 4880 3142 4928 multorum
3168 4876 3392 4926 colorum

2034 4967 2262 5017 latissime
2291 4967 2508 5016 extendit
2534 4968 2842 5031 porrexitque
2871 4968 3090 5031 palmites
3116 4980 3130 5015 :

2031 5056 2079 5102 et
2103 5066 2232 5101 nunc
2253 5055 2458 5116 possidet
2481 5056 2628 5103 vitem
2651 5059 2748 5105 tute
2767 5056 2920 5104 vineae

2031 5141 2188 5191 omnis
2211 5145 2432 5193 creatura
2451 5146 2649 5205 totaque
2670 5143 2920 5194 hominum
2941 5142 3251 5202 universitas,
