<?xml version="1.0" encoding="UTF-8"?>
<!DOCTYPE html PUBLIC "-//W3C//DTD XHTML 1.0 Transitional//EN"
    "http://www.w3.org/TR/xhtml1/DTD/xhtml1-transitional.dtd">
<html xmlns="http://www.w3.org/1999/xhtml" xml:lang="en" lang="en">
 <head>
  <title>
</title>
<meta http-equiv="Content-Type" content="text/html;charset=utf-8" />
  <meta name='ocr-system' content='tesseract 3.04.00' />
  <meta name='ocr-capabilities' content='ocr_page ocr_carea ocr_par ocr_line ocrx_word'/>
</head>
<body>
  <div class='ocr_page' id='page_1' title='image "./poetbucolicietd00ameigoog_0344.png"; bbox 0 0 3767 5825; ppageno 0'>
   <div class='ocr_carea' id='block_1_1' title="bbox 492 383 529 438">
    <p class='ocr_par' dir='ltr' id='par_1_1' title="bbox 492 383 529 438">
     <span class='ocr_line' id='line_1_1' title="bbox 492 383 529 438; baseline 0 0"><span class='ocrx_word' id='word_1_1' title='bbox 492 383 529 438; x_wconf 80' lang='lat'><strong>6</strong></span> 
     </span>
    </p>
   </div>
   <div class='ocr_carea' id='block_1_2' title="bbox 486 542 1838 1164">
    <p class='ocr_par' dir='ltr' id='par_1_2' title="bbox 486 542 1838 1164">
     <span class='ocr_line' id='line_1_2' title="bbox 494 542 1838 636; baseline 0.013 -37"><span class='ocrx_word' id='word_1_2' title='bbox 494 559 572 600; x_wconf 73' lang='lat' dir='ltr'>us</span> <span class='ocrx_word' id='word_1_3' title='bbox 594 549 703 609; x_wconf 85' lang='grc' dir='ltr'>τοῖς</span> <span class='ocrx_word' id='word_1_4' title='bbox 722 542 1050 622; x_wconf 84' lang='grc' dir='ltr'>ἓκτιναγμοῖς</span> <span class='ocrx_word' id='word_1_5' title='bbox 1074 549 1179 605; x_wconf 82' lang='grc' dir='ltr'>τῶν</span> <span class='ocrx_word' id='word_1_6' title='bbox 1206 549 1378 608; x_wconf 80' lang='grc' dir='ltr'>ποδῶν</span> <span class='ocrx_word' id='word_1_7' title='bbox 1404 552 1514 620; x_wconf 81' lang='grc' dir='ltr'>τοῖς</span> <span class='ocrx_word' id='word_1_8' title='bbox 1539 553 1808 636; x_wconf 82' lang='grc' dir='ltr'>εὖστόχοις</span> <span class='ocrx_word' id='word_1_9' title='bbox 1822 577 1838 594; x_wconf 89' lang='grc'><em>·</em></span> 
     </span>
     <span class='ocr_line' id='line_1_3' title="bbox 583 629 1617 722; baseline 0.014 -33"><span class='ocrx_word' id='word_1_10' title='bbox 583 629 675 690; x_wconf 78' lang='grc' dir='ltr'>καὶ</span> <span class='ocrx_word' id='word_1_11' title='bbox 701 631 797 704; x_wconf 71' lang='grc' dir='ltr'>τὴν</span> <span class='ocrx_word' id='word_1_12' title='bbox 818 633 1007 692; x_wconf 83' lang='grc' dir='ltr'>καλιὰν</span> <span class='ocrx_word' id='word_1_13' title='bbox 1034 642 1141 704; x_wconf 88' lang='grc' dir='ltr'>τοῖς</span> <span class='ocrx_word' id='word_1_14' title='bbox 1167 637 1291 698; x_wconf 80' lang='grc' dir='ltr'>ποσὶ</span> <span class='ocrx_word' id='word_1_15' title='bbox 1316 641 1617 722; x_wconf 88' lang='grc' dir='ltr'>διαγλύφειν</span> 
     </span>
     <span class='ocr_line' id='line_1_4' title="bbox 584 720 1629 814; baseline 0.014 -38"><span class='ocrx_word' id='word_1_16' title='bbox 584 720 655 786; x_wconf 82' lang='grc' dir='ltr'>εἷς</span> <span class='ocrx_word' id='word_1_17' title='bbox 673 720 957 800; x_wconf 81' lang='grc' dir='ltr'>ἀνέχουσαν</span> <span class='ocrx_word' id='word_1_18' title='bbox 982 724 1202 803; x_wconf 81' lang='grc' dir='ltr'>ψάμμον</span> <span class='ocrx_word' id='word_1_19' title='bbox 1226 728 1281 787; x_wconf 72' lang='grc' dir='ltr'>ἐν</span> <span class='ocrx_word' id='word_1_20' title='bbox 1308 731 1389 812; x_wconf 77' lang='grc' dir='ltr'>τῷ</span> <span class='ocrx_word' id='word_1_21' title='bbox 1415 727 1629 814; x_wconf 73' lang='grc' dir='ltr'>δαπέδῳ</span> 
     </span>
     <span class='ocr_line' id='line_1_5' title="bbox 486 806 1816 898; baseline -0.003 -20"><span class='ocrx_word' id='word_1_22' title='bbox 486 819 575 898; x_wconf 73' lang='grc' dir='ltr'>(ιο)</span> <span class='ocrx_word' id='word_1_23' title='bbox 602 806 711 885; x_wconf 56' lang='lat' dir='ltr'><strong>*iic</strong></span> <span class='ocrx_word' id='word_1_24' title='bbox 733 808 828 876; x_wconf 75' lang='grc' dir='ltr'>καὶ</span> <span class='ocrx_word' id='word_1_25' title='bbox 846 811 917 874; x_wconf 69' lang='grc' dir='ltr'>τὰ</span> <span class='ocrx_word' id='word_1_26' title='bbox 940 814 1127 896; x_wconf 83' lang='grc' dir='ltr'>νευρὰ,</span> <span class='ocrx_word' id='word_1_27' title='bbox 1159 817 1407 894; x_wconf 78' lang='grc' dir='ltr'>βασιλεῦ,</span> <span class='ocrx_word' id='word_1_28' title='bbox 1426 815 1601 876; x_wconf 76' lang='grc' dir='ltr'>καὶτὸ</span> <span class='ocrx_word' id='word_1_29' title='bbox 1624 813 1816 898; x_wconf 75' lang='grc' dir='ltr'>στέαρ,</span> 
     </span>
     <span class='ocr_line' id='line_1_6' title="bbox 602 904 1623 986; baseline 0 -20"><span class='ocrx_word' id='word_1_30' title='bbox 602 908 813 966; x_wconf 83' lang='grc' dir='ltr'>πολλῶν</span> <span class='ocrx_word' id='word_1_31' title='bbox 839 905 1033 966; x_wconf 77' lang='grc' dir='ltr'>ὀδυνῶν</span> <span class='ocrx_word' id='word_1_32' title='bbox 1057 907 1327 986; x_wconf 78' lang='grc' dir='ltr'>εὑρεθῆναι</span> <span class='ocrx_word' id='word_1_33' title='bbox 1345 904 1623 986; x_wconf 84' lang='grc' dir='ltr'>φάρμακα.</span> 
     </span>
     <span class='ocr_line' id='line_1_7' title="bbox 488 991 1670 1076; baseline -0.003 -20"><span class='ocrx_word' id='word_1_34' title='bbox 488 1017 563 1056; x_wconf 73' lang='lat'>150</span> <span class='ocrx_word' id='word_1_35' title='bbox 610 994 827 1068; x_wconf 82' lang='grc' dir='ltr'>Ταύτην</span> <span class='ocrx_word' id='word_1_36' title='bbox 850 991 1124 1072; x_wconf 74' lang='grc' dir='ltr'>ἀνατεμών</span> <span class='ocrx_word' id='word_1_37' title='bbox 1146 1016 1227 1061; x_wconf 90' lang='grc' dir='ltr'>τις</span> <span class='ocrx_word' id='word_1_38' title='bbox 1246 992 1453 1076; x_wconf 76' lang='grc' dir='ltr'>εὑρήσει</span> <span class='ocrx_word' id='word_1_39' title='bbox 1474 993 1670 1068; x_wconf 82' lang='grc' dir='ltr'>λίθους,</span> 
     </span>
     <span class='ocr_line' id='line_1_8' title="bbox 616 1079 1739 1164; baseline 0.002 -22"><span class='ocrx_word' id='word_1_40' title='bbox 616 1082 668 1142; x_wconf 78' lang='grc' dir='ltr'>οἳ</span> <span class='ocrx_word' id='word_1_41' title='bbox 706 1081 823 1151; x_wconf 74' lang='grc' dir='ltr'>τοὺς</span> <span class='ocrx_word' id='word_1_42' title='bbox 844 1081 1033 1150; x_wconf 80' lang='grc' dir='ltr'>πόνους</span> <span class='ocrx_word' id='word_1_43' title='bbox 1053 1079 1285 1142; x_wconf 78' lang='grc' dir='ltr'>παύουσι</span> <span class='ocrx_word' id='word_1_44' title='bbox 1310 1087 1405 1154; x_wconf 77' lang='grc' dir='ltr'>τῆς</span> <span class='ocrx_word' id='word_1_45' title='bbox 1426 1082 1739 1164; x_wconf 80' lang='grc' dir='ltr'>ὀφθαλμίας.</span> 
     </span>
    </p>
   </div>
   <div class='ocr_carea' id='block_1_3' title="bbox 614 1362 1645 1600">
    <p class='ocr_par' dir='ltr' id='par_1_3' title="bbox 614 1362 1645 1600">
     <span class='ocr_line' id='line_1_9' title="bbox 961 1362 1533 1423; baseline -0.005 0"><span class='ocrx_word' id='word_1_46' title='bbox 961 1363 1147 1423; x_wconf 79' lang='grc' dir='ltr'><strong>ΠΕΡΙ</strong></span> <span class='ocrx_word' id='word_1_47' title='bbox 1188 1362 1533 1422; x_wconf 82' lang='grc' dir='ltr'>ΕΡΩΔΙΩΝ.</span> 
     </span>
     <span class='ocr_line' id='line_1_10' title="bbox 614 1515 1645 1600; baseline -0.007 -20"><span class='ocrx_word' id='word_1_48' title='bbox 614 1515 893 1600; x_wconf 75' lang='grc' dir='ltr'>Ἐρωδιοὺς</span> <span class='ocrx_word' id='word_1_49' title='bbox 912 1515 1068 1590; x_wconf 77' lang='grc' dir='ltr'>νῆσός</span> <span class='ocrx_word' id='word_1_50' title='bbox 1088 1541 1166 1586; x_wconf 92' lang='grc' dir='ltr'>τις</span> <span class='ocrx_word' id='word_1_51' title='bbox 1182 1516 1432 1590; x_wconf 82' lang='grc' dir='ltr'>Ἑλληνὶς</span> <span class='ocrx_word' id='word_1_52' title='bbox 1452 1515 1645 1598; x_wconf 82' lang='grc' dir='ltr'>τρέφει·</span> 
     </span>
    </p>
   </div>
   <div class='ocr_carea' id='block_1_4' title="bbox 482 1603 1783 2481">
    <p class='ocr_par' dir='ltr' id='par_1_4' title="bbox 623 1603 1587 1685">
     <span class='ocr_line' id='line_1_11' title="bbox 623 1603 1587 1685; baseline -0.005 -18"><span class='ocrx_word' id='word_1_53' title='bbox 623 1606 677 1667; x_wconf 77' lang='grc' dir='ltr'>οἳ</span> <span class='ocrx_word' id='word_1_54' title='bbox 702 1605 798 1680; x_wconf 75' lang='grc' dir='ltr'>τὴν</span> <span class='ocrx_word' id='word_1_55' title='bbox 824 1609 1023 1665; x_wconf 80' lang='grc' dir='ltr'>ἑαυτῶν</span> <span class='ocrx_word' id='word_1_56' title='bbox 1049 1606 1391 1685; x_wconf 81' lang='grc' dir='ltr'>εὖγενίζοντες</span> <span class='ocrx_word' id='word_1_57' title='bbox 1414 1603 1587 1685; x_wconf 88' lang='grc' dir='ltr'>φύσιν,</span> 
     </span>
    </p>

    <p class='ocr_par' dir='ltr' id='par_1_5' title="bbox 486 1689 1747 1951">
     <span class='ocr_line' id='line_1_12' title="bbox 614 1689 1691 1773; baseline -0.004 -20"><span class='ocrx_word' id='word_1_58' title='bbox 614 1692 765 1760; x_wconf 81' lang='grc' dir='ltr'>ὅσους</span> <span class='ocrx_word' id='word_1_59' title='bbox 789 1690 883 1771; x_wconf 80' lang='grc' dir='ltr'>μὲν</span> <span class='ocrx_word' id='word_1_60' title='bbox 911 1692 974 1752; x_wconf 73' lang='grc' dir='ltr'>ἂν</span> <span class='ocrx_word' id='word_1_61' title='bbox 1003 1692 1156 1752; x_wconf 78' lang='grc' dir='ltr'>ἴδωσι</span> <span class='ocrx_word' id='word_1_62' title='bbox 1185 1693 1337 1773; x_wconf 76' lang='grc' dir='ltr'>δεῦρο</span> <span class='ocrx_word' id='word_1_63' title='bbox 1368 1689 1691 1772; x_wconf 74' lang='grc' dir='ltr'>βαρὸάρους,</span> 
     </span>
     <span class='ocr_line' id='line_1_13' title="bbox 486 1777 1747 1863; baseline -0.004 -19"><span class='ocrx_word' id='word_1_64' title='bbox 486 1805 559 1844; x_wconf 74' lang='lat' dir='ltr'><strong>iss</strong></span> <span class='ocrx_word' id='word_1_65' title='bbox 614 1789 829 1861; x_wconf 76' lang='grc' dir='ltr'>μισοῦσι</span> <span class='ocrx_word' id='word_1_66' title='bbox 850 1781 940 1840; x_wconf 78' lang='grc' dir='ltr'>καὶ</span> <span class='ocrx_word' id='word_1_67' title='bbox 966 1779 1240 1863; x_wconf 79' lang='grc' dir='ltr'>φεύγουσιν</span> <span class='ocrx_word' id='word_1_68' title='bbox 1268 1784 1339 1848; x_wconf 85' lang='grc' dir='ltr'>ὡς</span> <span class='ocrx_word' id='word_1_69' title='bbox 1360 1779 1554 1850; x_wconf 82' lang='grc' dir='ltr'>πτηνὸν</span> <span class='ocrx_word' id='word_1_70' title='bbox 1583 1777 1747 1856; x_wconf 81' lang='grc' dir='ltr'>γένος.</span> 
     </span>
     <span class='ocr_line' id='line_1_14' title="bbox 502 1865 1689 1951; baseline -0.006 -20"><span class='ocrx_word' id='word_1_71' title='bbox 502 1875 567 1950; x_wconf 73' lang='grc'>(5)</span> <span class='ocrx_word' id='word_1_72' title='bbox 618 1870 797 1932; x_wconf 82' lang='grc' dir='ltr'>Ὅταν</span> <span class='ocrx_word' id='word_1_73' title='bbox 822 1869 877 1930; x_wconf 79' lang='grc' dir='ltr'>δὲ</span> <span class='ocrx_word' id='word_1_74' title='bbox 908 1868 1114 1951; x_wconf 84' lang='grc' dir='ltr'>κατάρῃ</span> <span class='ocrx_word' id='word_1_75' title='bbox 1137 1892 1215 1935; x_wconf 90' lang='grc' dir='ltr'>τις</span> <span class='ocrx_word' id='word_1_76' title='bbox 1234 1869 1296 1943; x_wconf 71' lang='grc' dir='ltr'>ἐκ</span> <span class='ocrx_word' id='word_1_77' title='bbox 1318 1871 1410 1938; x_wconf 69' lang='grc' dir='ltr'>τῆς</span> <span class='ocrx_word' id='word_1_78' title='bbox 1440 1865 1689 1938; x_wconf 79' lang='grc' dir='ltr'>Ἀτθίδος,</span> 
     </span>
    </p>

    <p class='ocr_par' dir='ltr' id='par_1_6' title="bbox 615 1952 1680 2040">
     <span class='ocr_line' id='line_1_15' title="bbox 615 1952 1680 2040; baseline -0.004 -22"><span class='ocrx_word' id='word_1_79' title='bbox 615 1960 717 2018; x_wconf 80' lang='grc' dir='ltr'>εἶσὶ</span> <span class='ocrx_word' id='word_1_80' title='bbox 742 1965 1021 2040; x_wconf 82' lang='grc' dir='ltr'>προσηνεῖς</span> <span class='ocrx_word' id='word_1_81' title='bbox 1053 1957 1143 2016; x_wconf 78' lang='grc' dir='ltr'>καὶ</span> <span class='ocrx_word' id='word_1_82' title='bbox 1166 1956 1469 2037; x_wconf 71' lang='grc' dir='ltr'>φιλέλληνες</span> <span class='ocrx_word' id='word_1_83' title='bbox 1496 1952 1680 2014; x_wconf 85' lang='grc' dir='ltr'>πάλιν.</span> 
     </span>
    </p>

    <p class='ocr_par' dir='ltr' id='par_1_7' title="bbox 617 2042 1756 2128">
     <span class='ocr_line' id='line_1_16' title="bbox 617 2042 1756 2128; baseline -0.007 -21"><span class='ocrx_word' id='word_1_84' title='bbox 617 2046 784 2115; x_wconf 73' lang='grc' dir='ltr'>Εὐθὺς</span> <span class='ocrx_word' id='word_1_85' title='bbox 800 2049 903 2128; x_wconf 82' lang='grc' dir='ltr'>γὰρ</span> <span class='ocrx_word' id='word_1_86' title='bbox 928 2048 1071 2126; x_wconf 75' lang='grc' dir='ltr'>αύτῷ</span> <span class='ocrx_word' id='word_1_87' title='bbox 1094 2042 1519 2126; x_wconf 80' lang='grc' dir='ltr'>προσδραμόντες</span> <span class='ocrx_word' id='word_1_88' title='bbox 1547 2043 1725 2122; x_wconf 79' lang='grc' dir='ltr'>ἀθρόοι</span> <span class='ocrx_word' id='word_1_89' title='bbox 1740 2087 1756 2116; x_wconf 95' lang='grc'>,</span> 
     </span>
    </p>

    <p class='ocr_par' dir='ltr' id='par_1_8' title="bbox 482 2131 1730 2393">
     <span class='ocr_line' id='line_1_17' title="bbox 613 2131 1730 2215; baseline 0 -22"><span class='ocrx_word' id='word_1_90' title='bbox 613 2134 834 2195; x_wconf 79' lang='grc' dir='ltr'>τείνουσι</span> <span class='ocrx_word' id='word_1_91' title='bbox 856 2133 951 2203; x_wconf 77' lang='grc' dir='ltr'>τὰς</span> <span class='ocrx_word' id='word_1_92' title='bbox 973 2133 1259 2215; x_wconf 87' lang='grc' dir='ltr'>πτέρυγας,</span> <span class='ocrx_word' id='word_1_93' title='bbox 1284 2137 1353 2200; x_wconf 81' lang='grc' dir='ltr'>ὡς</span> <span class='ocrx_word' id='word_1_94' title='bbox 1370 2137 1551 2213; x_wconf 83' lang='grc' dir='ltr'>χεῖρας</span> <span class='ocrx_word' id='word_1_95' title='bbox 1574 2131 1730 2213; x_wconf 87' lang='grc' dir='ltr'>φίλοι.</span> 
     </span>
     <span class='ocr_line' id='line_1_18' title="bbox 486 2214 1710 2300; baseline -0.005 -17"><span class='ocrx_word' id='word_1_96' title='bbox 486 2245 560 2283; x_wconf 82' lang='lat' dir='ltr'>mo</span> <span class='ocrx_word' id='word_1_97' title='bbox 612 2223 729 2284; x_wconf 76' lang='grc' dir='ltr'>Κᾶν</span> <span class='ocrx_word' id='word_1_98' title='bbox 754 2214 901 2291; x_wconf 68' lang='grc' dir='ltr'>οὗτος</span> <span class='ocrx_word' id='word_1_99' title='bbox 928 2225 1104 2290; x_wconf 81' lang='grc' dir='ltr'>αὐτοῖς</span> <span class='ocrx_word' id='word_1_100' title='bbox 1124 2225 1194 2288; x_wconf 80' lang='grc' dir='ltr'>ὡς</span> <span class='ocrx_word' id='word_1_101' title='bbox 1222 2220 1339 2287; x_wconf 77' lang='grc' dir='ltr'>ἐθὰς</span> <span class='ocrx_word' id='word_1_102' title='bbox 1360 2221 1681 2300; x_wconf 83' lang='grc' dir='ltr'>προσεγγίσῃ</span> <span class='ocrx_word' id='word_1_103' title='bbox 1696 2265 1710 2290; x_wconf 88' lang='grc'>,</span> 
     </span>
     <span class='ocr_line' id='line_1_19' title="bbox 482 2308 1637 2393; baseline -0.002 -21"><span class='ocrx_word' id='word_1_104' title='bbox 482 2312 583 2392; x_wconf 85' lang='grc' dir='ltr'>(ιο)</span> <span class='ocrx_word' id='word_1_105' title='bbox 614 2310 882 2391; x_wconf 78' lang='grc' dir='ltr'>στέγουσιν</span> <span class='ocrx_word' id='word_1_106' title='bbox 905 2311 1044 2393; x_wconf 78' lang='grc' dir='ltr'>ἁφὴν</span> <span class='ocrx_word' id='word_1_107' title='bbox 1072 2312 1320 2388; x_wconf 80' lang='grc' dir='ltr'>εὐμενοῦς</span> <span class='ocrx_word' id='word_1_108' title='bbox 1343 2308 1637 2388; x_wconf 78' lang='grc' dir='ltr'>ἄλλαι-ρίου.</span> 
     </span>
    </p>

    <p class='ocr_par' dir='ltr' id='par_1_9' title="bbox 610 2396 1783 2481">
     <span class='ocr_line' id='line_1_20' title="bbox 610 2396 1783 2481; baseline -0.003 -22"><span class='ocrx_word' id='word_1_109' title='bbox 610 2399 771 2460; x_wconf 74' lang='grc' dir='ltr'>Οὕτω</span> <span class='ocrx_word' id='word_1_110' title='bbox 794 2397 1091 2481; x_wconf 74' lang='grc' dir='ltr'>πτερωτοὺς</span> <span class='ocrx_word' id='word_1_111' title='bbox 1123 2404 1213 2457; x_wconf 77' lang='grc' dir='ltr'>τοῦ</span> <span class='ocrx_word' id='word_1_112' title='bbox 1244 2398 1409 2479; x_wconf 82' lang='grc' dir='ltr'>φιλεῖν</span> <span class='ocrx_word' id='word_1_113' title='bbox 1441 2396 1783 2463; x_wconf 77' lang='grc' dir='ltr'>διδασκάλους</span> 
     </span>
    </p>
   </div>
   <div class='ocr_carea' id='block_1_5' title="bbox 607 2483 1662 2571">
    <p class='ocr_par' dir='ltr' id='par_1_10' title="bbox 607 2483 1662 2571">
     <span class='ocr_line' id='line_1_21' title="bbox 607 2483 1662 2571; baseline -0.003 -22"><span class='ocrx_word' id='word_1_114' title='bbox 607 2494 715 2556; x_wconf 84' lang='grc' dir='ltr'>τοῖς</span> <span class='ocrx_word' id='word_1_115' title='bbox 743 2487 984 2571; x_wconf 76' lang='grc' dir='ltr'>ἀπτέροις</span> <span class='ocrx_word' id='word_1_116' title='bbox 1009 2487 1218 2547; x_wconf 89' lang='grc' dir='ltr'>δίδωσιν</span> <span class='ocrx_word' id='word_1_117' title='bbox 1248 2491 1281 2557; x_wconf 83' lang='grc' dir='ltr'>ἡ</span> <span class='ocrx_word' id='word_1_118' title='bbox 1308 2491 1465 2558; x_wconf 82' lang='grc' dir='ltr'>νῆσος</span> <span class='ocrx_word' id='word_1_119' title='bbox 1484 2483 1662 2553; x_wconf 76' lang='grc' dir='ltr'>ξένοις.</span> 
     </span>
    </p>
   </div>
   <div class='ocr_carea' id='block_1_6' title="bbox 1175 2662 1361 2676">
    <p class='ocr_par' dir='ltr' id='par_1_11' title="bbox 1175 2662 1361 2676">
     <span class='ocr_line' id='line_1_22' title="bbox 1175 2662 1361 2676; baseline 0 3149"><span class='ocrx_word' id='word_1_120' title='bbox 1175 2662 1361 2676; x_wconf 95' lang='lat' dir='ltr'> </span> 
     </span>
    </p>
   </div>
   <div class='ocr_carea' id='block_1_7' title="bbox 956 2764 1573 2825">
    <p class='ocr_par' dir='ltr' id='par_1_12' title="bbox 956 2764 1573 2825">
     <span class='ocr_line' id='line_1_23' title="bbox 956 2764 1573 2825; baseline 0 -3"><span class='ocrx_word' id='word_1_121' title='bbox 956 2764 1143 2825; x_wconf 84' lang='grc' dir='ltr'>ΠΕΡΙ</span> <span class='ocrx_word' id='word_1_122' title='bbox 1190 2765 1391 2825; x_wconf 84' lang='grc' dir='ltr'>ΚΟΡΑ</span> <span class='ocrx_word' id='word_1_123' title='bbox 1404 2766 1573 2823; x_wconf 79' lang='grc' dir='ltr'>ΚΟΣ.</span> 
     </span>
    </p>
   </div>
   <div class='ocr_carea' id='block_1_8' title="bbox 486 2905 1887 3429">
    <p class='ocr_par' dir='ltr' id='par_1_13' title="bbox 486 2905 1887 3429">
     <span class='ocr_line' id='line_1_24' title="bbox 611 2905 1676 2991; baseline -0.003 -22"><span class='ocrx_word' id='word_1_124' title='bbox 611 2910 781 2991; x_wconf 74' lang='grc' dir='ltr'>Διψῇν</span> <span class='ocrx_word' id='word_1_125' title='bbox 810 2905 865 2967; x_wconf 78' lang='grc' dir='ltr'>δὲ</span> <span class='ocrx_word' id='word_1_126' title='bbox 893 2908 981 2968; x_wconf 84' lang='grc' dir='ltr'>τὸν</span> <span class='ocrx_word' id='word_1_127' title='bbox 1002 2907 1203 2989; x_wconf 80' lang='grc' dir='ltr'>κόρακα</span> <span class='ocrx_word' id='word_1_128' title='bbox 1226 2907 1384 2991; x_wconf 74' lang='grc' dir='ltr'>φασὶν</span> <span class='ocrx_word' id='word_1_129' title='bbox 1414 2906 1676 2982; x_wconf 81' lang='grc' dir='ltr'>ἐκτόπως,</span> 
     </span>
     <span class='ocr_line' id='line_1_25' title="bbox 486 2995 1724 3079; baseline -0.002 -22"><span class='ocrx_word' id='word_1_130' title='bbox 486 3016 558 3057; x_wconf 67' lang='grc' dir='ltr'>ιω</span> <span class='ocrx_word' id='word_1_131' title='bbox 606 2996 781 3079; x_wconf 85' lang='grc' dir='ltr'>θέρους</span> <span class='ocrx_word' id='word_1_132' title='bbox 803 3000 855 3057; x_wconf 78' lang='grc' dir='ltr'>ἐν</span> <span class='ocrx_word' id='word_1_133' title='bbox 881 3000 1028 3077; x_wconf 78' lang='grc' dir='ltr'>ἀκμῇ</span> <span class='ocrx_word' id='word_1_134' title='bbox 1058 3000 1326 3077; x_wconf 83' lang='grc' dir='ltr'>δυστυχῶς</span> <span class='ocrx_word' id='word_1_135' title='bbox 1342 2995 1724 3077; x_wconf 82' lang='grc' dir='ltr'>πεφρυγμένον,</span> 
     </span>
     <span class='ocr_line' id='line_1_26' title="bbox 615 3084 1749 3169; baseline -0.004 -24"><span class='ocrx_word' id='word_1_136' title='bbox 615 3090 685 3153; x_wconf 81' lang='grc' dir='ltr'>ὡς</span> <span class='ocrx_word' id='word_1_137' title='bbox 706 3084 795 3145; x_wconf 76' lang='grc' dir='ltr'>καὶ</span> <span class='ocrx_word' id='word_1_138' title='bbox 823 3087 1107 3169; x_wconf 83' lang='grc' dir='ltr'>τραγῳδεῖν</span> <span class='ocrx_word' id='word_1_139' title='bbox 1137 3085 1188 3154; x_wconf 83' lang='grc' dir='ltr'>ἐξ</span> <span class='ocrx_word' id='word_1_140' title='bbox 1215 3084 1443 3161; x_wconf 76' lang='grc' dir='ltr'>ἀνάγκης</span> <span class='ocrx_word' id='word_1_141' title='bbox 1462 3086 1549 3144; x_wconf 83' lang='grc' dir='ltr'>τὸν</span> <span class='ocrx_word' id='word_1_142' title='bbox 1573 3084 1749 3157; x_wconf 88' lang='grc' dir='ltr'>πόνον,</span> 
     </span>
     <span class='ocr_line' id='line_1_27' title="bbox 614 3170 1775 3257; baseline 0 -24"><span class='ocrx_word' id='word_1_143' title='bbox 614 3172 706 3233; x_wconf 83' lang='grc' dir='ltr'>καὶ</span> <span class='ocrx_word' id='word_1_144' title='bbox 736 3173 985 3251; x_wconf 79' lang='grc' dir='ltr'>μαντικὸν</span> <span class='ocrx_word' id='word_1_145' title='bbox 1007 3173 1069 3234; x_wconf 76' lang='grc' dir='ltr'>τὸ</span> <span class='ocrx_word' id='word_1_146' title='bbox 1092 3172 1299 3257; x_wconf 73' lang='grc' dir='ltr'>φθέγμα</span> <span class='ocrx_word' id='word_1_147' title='bbox 1329 3172 1584 3240; x_wconf 76' lang='grc' dir='ltr'>πολλάκις</span> <span class='ocrx_word' id='word_1_148' title='bbox 1616 3170 1775 3252; x_wconf 83' lang='grc' dir='ltr'>ἔχειν.</span> 
     </span>
     <span class='ocr_line' id='line_1_28' title="bbox 511 3258 1887 3341; baseline -0.001 -21"><span class='ocrx_word' id='word_1_149' title='bbox 511 3260 581 3341; x_wconf 77' lang='lat' dir='ltr'>(s)</span> <span class='ocrx_word' id='word_1_150' title='bbox 626 3260 779 3333; x_wconf 85' lang='grc' dir='ltr'>Πλὴν</span> <span class='ocrx_word' id='word_1_151' title='bbox 808 3266 961 3321; x_wconf 78' lang='grc' dir='ltr'>τοῦτο</span> <span class='ocrx_word' id='word_1_152' title='bbox 989 3260 1193 3333; x_wconf 81' lang='grc' dir='ltr'>πιστὸν,</span> <span class='ocrx_word' id='word_1_153' title='bbox 1218 3264 1288 3327; x_wconf 83' lang='grc' dir='ltr'>ὡς</span> <span class='ocrx_word' id='word_1_154' title='bbox 1318 3259 1551 3338; x_wconf 83' lang='grc' dir='ltr'>μελαίνει</span> <span class='ocrx_word' id='word_1_155' title='bbox 1580 3259 1674 3328; x_wconf 78' lang='grc' dir='ltr'>τὰς</span> <span class='ocrx_word' id='word_1_156' title='bbox 1701 3258 1887 3340; x_wconf 80' lang='grc' dir='ltr'>τρίχας</span> 
     </span>
     <span class='ocr_line' id='line_1_29' title="bbox 609 3346 1585 3429; baseline -0.001 -22"><span class='ocrx_word' id='word_1_157' title='bbox 609 3346 831 3428; x_wconf 84' lang='grc' dir='ltr'>κόρακος</span> <span class='ocrx_word' id='word_1_158' title='bbox 858 3349 961 3409; x_wconf 81' lang='grc' dir='ltr'>ὠὸν</span> <span class='ocrx_word' id='word_1_159' title='bbox 981 3347 1219 3407; x_wconf 83' lang='grc' dir='ltr'>συντεθὲν</span> <span class='ocrx_word' id='word_1_160' title='bbox 1242 3353 1308 3429; x_wconf 82' lang='grc' dir='ltr'>τῇ</span> <span class='ocrx_word' id='word_1_161' title='bbox 1339 3348 1585 3428; x_wconf 83' lang='grc' dir='ltr'>μυρσίνῃ.</span> 
     </span>
    </p>
   </div>
   <div class='ocr_carea' id='block_1_9' title="bbox 486 3434 1913 3518">
    <p class='ocr_par' dir='ltr' id='par_1_14' title="bbox 486 3434 1913 3518">
     <span class='ocr_line' id='line_1_30' title="bbox 486 3434 1913 3518; baseline 0.001 -24"><span class='ocrx_word' id='word_1_162' title='bbox 486 3455 564 3496; x_wconf 86' lang='lat'>170</span> <span class='ocrx_word' id='word_1_163' title='bbox 617 3437 739 3517; x_wconf 84' lang='grc' dir='ltr'>Χρὴ</span> <span class='ocrx_word' id='word_1_164' title='bbox 762 3442 906 3517; x_wconf 77' lang='grc' dir='ltr'>γοῦν,</span> <span class='ocrx_word' id='word_1_165' title='bbox 939 3439 1186 3518; x_wconf 77' lang='grc' dir='ltr'>βασιλεῦ,</span> <span class='ocrx_word' id='word_1_166' title='bbox 1211 3434 1299 3495; x_wconf 80' lang='grc' dir='ltr'>τὸν</span> <span class='ocrx_word' id='word_1_167' title='bbox 1330 3437 1580 3495; x_wconf 77' lang='grc' dir='ltr'>δολοῦντα</span> <span class='ocrx_word' id='word_1_168' title='bbox 1602 3435 1699 3508; x_wconf 75' lang='grc' dir='ltr'>τὴν</span> <span class='ocrx_word' id='word_1_169' title='bbox 1722 3434 1913 3513; x_wconf 90' lang='grc' dir='ltr'>κόμην,</span> 
     </span>
    </p>
   </div>
   <div class='ocr_carea' id='block_1_10' title="bbox 487 3522 1887 4138">
    <p class='ocr_par' dir='ltr' id='par_1_15' title="bbox 487 3522 1887 4138">
     <span class='ocr_line' id='line_1_31' title="bbox 617 3522 1678 3605; baseline 0 -23"><span class='ocrx_word' id='word_1_170' title='bbox 617 3524 858 3602; x_wconf 90' lang='grc' dir='ltr'>μύσαντα</span> <span class='ocrx_word' id='word_1_171' title='bbox 881 3529 959 3605; x_wconf 81' lang='grc' dir='ltr'>τῷ</span> <span class='ocrx_word' id='word_1_172' title='bbox 986 3523 1210 3602; x_wconf 85' lang='grc' dir='ltr'>στόματι</span> <span class='ocrx_word' id='word_1_173' title='bbox 1238 3522 1474 3602; x_wconf 78' lang='grc' dir='ltr'>συνέχειν</span> <span class='ocrx_word' id='word_1_174' title='bbox 1499 3523 1678 3602; x_wconf 85' lang='grc' dir='ltr'>στέαρ,</span> 
     </span>
     <span class='ocr_line' id='line_1_32' title="bbox 595 3610 1717 3691; baseline 0.001 -21"><span class='ocrx_word' id='word_1_175' title='bbox 595 3612 690 3691; x_wconf 72' lang='grc' dir='ltr'>’μὴ</span> <span class='ocrx_word' id='word_1_176' title='bbox 723 3612 815 3672; x_wconf 79' lang='grc' dir='ltr'>καὶ</span> <span class='ocrx_word' id='word_1_177' title='bbox 842 3612 902 3673; x_wconf 86' lang='grc' dir='ltr'>τὸ</span> <span class='ocrx_word' id='word_1_178' title='bbox 927 3611 1113 3672; x_wconf 85' lang='grc' dir='ltr'>λευκὸν</span> <span class='ocrx_word' id='word_1_179' title='bbox 1144 3617 1251 3671; x_wconf 85' lang='grc' dir='ltr'>τῶν</span> <span class='ocrx_word' id='word_1_180' title='bbox 1278 3610 1502 3671; x_wconf 80' lang='grc' dir='ltr'>ὀδόντων</span> <span class='ocrx_word' id='word_1_181' title='bbox 1526 3612 1717 3671; x_wconf 81' lang='grc' dir='ltr'>αὐτίκα</span> 
     </span>
     <span class='ocr_line' id='line_1_33' title="bbox 487 3698 1809 3783; baseline 0.002 -24"><span class='ocrx_word' id='word_1_182' title='bbox 487 3700 581 3777; x_wconf 79' lang='grc' dir='ltr'>(ιο)</span> <span class='ocrx_word' id='word_1_183' title='bbox 620 3698 817 3781; x_wconf 80' lang='grc' dir='ltr'>τραπὲν</span> <span class='ocrx_word' id='word_1_184' title='bbox 844 3702 1077 3781; x_wconf 82' lang='grc' dir='ltr'>μελανθῇ</span> <span class='ocrx_word' id='word_1_185' title='bbox 1093 3745 1109 3773; x_wconf 93' lang='grc'>,</span> <span class='ocrx_word' id='word_1_186' title='bbox 1132 3704 1226 3771; x_wconf 84' lang='grc' dir='ltr'>τ’ῆς</span> <span class='ocrx_word' id='word_1_187' title='bbox 1256 3704 1427 3782; x_wconf 80' lang='grc' dir='ltr'>βαφῆς</span> <span class='ocrx_word' id='word_1_188' title='bbox 1450 3699 1809 3783; x_wconf 86' lang='grc' dir='ltr'>προηγμένης.</span> 
     </span>
     <span class='ocr_line' id='line_1_34' title="bbox 620 3784 1887 3871; baseline -0.002 -22"><span class='ocrx_word' id='word_1_189' title='bbox 620 3786 800 3867; x_wconf 80' lang='grc' dir='ltr'>Κόραξ</span> <span class='ocrx_word' id='word_1_190' title='bbox 820 3786 875 3847; x_wconf 81' lang='grc' dir='ltr'>δὲ</span> <span class='ocrx_word' id='word_1_191' title='bbox 899 3792 1076 3856; x_wconf 86' lang='grc' dir='ltr'>κακῶς</span> <span class='ocrx_word' id='word_1_192' title='bbox 1097 3788 1216 3856; x_wconf 79' lang='grc' dir='ltr'>τοὺς</span> <span class='ocrx_word' id='word_1_193' title='bbox 1238 3785 1428 3857; x_wconf 74' lang='grc' dir='ltr'>κακοὺς</span> <span class='ocrx_word' id='word_1_194' title='bbox 1449 3788 1633 3857; x_wconf 89' lang='grc' dir='ltr'>τόκους</span> <span class='ocrx_word' id='word_1_195' title='bbox 1662 3784 1887 3871; x_wconf 80' lang='grc' dir='ltr'>τρέφων,</span> 
     </span>
     <span class='ocr_line' id='line_1_35' title="bbox 490 3876 1640 3961; baseline 0 -24"><span class='ocrx_word' id='word_1_196' title='bbox 490 3898 564 3939; x_wconf 74' lang='lat'>1⁷5</span> <span class='ocrx_word' id='word_1_197' title='bbox 611 3876 697 3944; x_wconf 71' lang='grc' dir='ltr'>οὓς</span> <span class='ocrx_word' id='word_1_198' title='bbox 718 3876 872 3945; x_wconf 81' lang='grc' dir='ltr'>αὐτὸς</span> <span class='ocrx_word' id='word_1_199' title='bbox 901 3876 1109 3959; x_wconf 78' lang='grc' dir='ltr'>ἐξὲλεψε</span> <span class='ocrx_word' id='word_1_200' title='bbox 1135 3882 1226 3937; x_wconf 76' lang='grc' dir='ltr'>τοῦ</span> <span class='ocrx_word' id='word_1_201' title='bbox 1252 3876 1429 3957; x_wconf 79' lang='grc' dir='ltr'>γένους</span> <span class='ocrx_word' id='word_1_202' title='bbox 1456 3878 1640 3961; x_wconf 85' lang='grc' dir='ltr'>χάριν,</span> 
     </span>
     <span class='ocr_line' id='line_1_36' title="bbox 616 3965 1756 4049; baseline -0.001 -24"><span class='ocrx_word' id='word_1_203' title='bbox 616 3966 741 4025; x_wconf 83' lang='grc' dir='ltr'>ὅταν</span> <span class='ocrx_word' id='word_1_204' title='bbox 772 3968 961 4046; x_wconf 78' lang='grc' dir='ltr'>ἐπιστῇ</span> <span class='ocrx_word' id='word_1_205' title='bbox 988 3965 1079 4025; x_wconf 81' lang='grc' dir='ltr'>καὶ</span> <span class='ocrx_word' id='word_1_206' title='bbox 1111 3967 1310 4047; x_wconf 81' lang='grc' dir='ltr'>βραχὺς</span> <span class='ocrx_word' id='word_1_207' title='bbox 1336 3965 1515 4039; x_wconf 87' lang='grc' dir='ltr'>πείνης</span> <span class='ocrx_word' id='word_1_208' title='bbox 1545 3966 1756 4049; x_wconf 87' lang='grc' dir='ltr'>χρόνος,</span> 
     </span>
     <span class='ocr_line' id='line_1_37' title="bbox 618 4052 1695 4138; baseline 0.002 -25"><span class='ocrx_word' id='word_1_209' title='bbox 618 4052 775 4135; x_wconf 79' lang='grc' dir='ltr'>βορὰν</span> <span class='ocrx_word' id='word_1_210' title='bbox 803 4054 985 4113; x_wconf 80' lang='grc' dir='ltr'>ἑαυτὸν</span> <span class='ocrx_word' id='word_1_211' title='bbox 1010 4058 1125 4122; x_wconf 89' lang='grc' dir='ltr'>ταῖς</span> <span class='ocrx_word' id='word_1_212' title='bbox 1148 4062 1326 4133; x_wconf 87' lang='grc' dir='ltr'>γοναῖς</span> <span class='ocrx_word' id='word_1_213' title='bbox 1352 4054 1695 4138; x_wconf 82' lang='grc' dir='ltr'>ἀντεισφέρει.</span> 
     </span>
    </p>
   </div>
   <div class='ocr_carea' id='block_1_11' title="bbox 1188 4222 1371 4233">
    <p class='ocr_par' dir='ltr' id='par_1_16' title="bbox 1188 4222 1371 4233">
     <span class='ocr_line' id='line_1_38' title="bbox 1188 4222 1371 4233; baseline 0 0"><span class='ocrx_word' id='word_1_214' title='bbox 1188 4222 1371 4233; x_wconf 95' lang='lat' dir='ltr'> </span> 
     </span>
    </p>
   </div>
   <div class='ocr_carea' id='block_1_12' title="bbox 927 4322 1596 4383">
    <p class='ocr_par' dir='ltr' id='par_1_17' title="bbox 927 4322 1596 4383">
     <span class='ocr_line' id='line_1_39' title="bbox 927 4322 1596 4383; baseline 0 0"><span class='ocrx_word' id='word_1_215' title='bbox 927 4322 1108 4383; x_wconf 84' lang='grc' dir='ltr'>ΠΕΡΙ</span> <span class='ocrx_word' id='word_1_216' title='bbox 1152 4322 1596 4383; x_wconf 85' lang='grc' dir='ltr'>ΠΕΛΑΡΓΩΝ.</span> 
     </span>
    </p>
   </div>
   <div class='ocr_carea' id='block_1_13' title="bbox 492 4468 1832 5259">
    <p class='ocr_par' dir='ltr' id='par_1_18' title="bbox 492 4468 1832 5259">
     <span class='ocr_line' id='line_1_40' title="bbox 624 4468 1797 4551; baseline 0.003 -23"><span class='ocrx_word' id='word_1_217' title='bbox 624 4468 760 4529; x_wconf 83' lang='grc' dir='ltr'>Ἀλλ’</span> <span class='ocrx_word' id='word_1_218' title='bbox 784 4473 832 4528; x_wconf 82' lang='grc' dir='ltr'>οἱ</span> <span class='ocrx_word' id='word_1_219' title='bbox 857 4468 1117 4550; x_wconf 77' lang='grc' dir='ltr'>πελαργοὶ</span> <span class='ocrx_word' id='word_1_220' title='bbox 1144 4468 1263 4537; x_wconf 77' lang='grc' dir='ltr'>τοὺς</span> <span class='ocrx_word' id='word_1_221' title='bbox 1290 4473 1489 4529; x_wconf 81' lang='grc' dir='ltr'>ἑαυτῶν</span> <span class='ocrx_word' id='word_1_222' title='bbox 1518 4469 1797 4551; x_wconf 78' lang='grc' dir='ltr'>φιλτάτους</span> 
     </span>
     <span class='ocr_line' id='line_1_41' title="bbox 619 4556 1635 4641; baseline 0.001 -25"><span class='ocrx_word' id='word_1_223' title='bbox 619 4561 672 4617; x_wconf 79' lang='grc' dir='ltr'>ἐν</span> <span class='ocrx_word' id='word_1_224' title='bbox 703 4556 937 4639; x_wconf 78' lang='grc' dir='ltr'>ἀφθόνοις</span> <span class='ocrx_word' id='word_1_225' title='bbox 959 4557 1202 4641; x_wconf 82' lang='grc' dir='ltr'>τρέφουσι</span> <span class='ocrx_word' id='word_1_226' title='bbox 1224 4562 1340 4626; x_wconf 83' lang='grc' dir='ltr'>ταῖς</span> <span class='ocrx_word' id='word_1_227' title='bbox 1361 4558 1635 4639; x_wconf 83' lang='grc' dir='ltr'>χορηγίαις</span> 
     </span>
     <span class='ocr_line' id='line_1_42' title="bbox 508 4646 1549 4729; baseline 0.004 -24"><span class='ocrx_word' id='word_1_228' title='bbox 508 4668 581 4707; x_wconf 74' lang='grc' dir='ltr'>ιυο</span> <span class='ocrx_word' id='word_1_229' title='bbox 637 4646 809 4715; x_wconf 86' lang='grc' dir='ltr'>καθὼς</span> <span class='ocrx_word' id='word_1_230' title='bbox 832 4646 1033 4729; x_wconf 84' lang='grc' dir='ltr'>ἐρωδιοί</span> <span class='ocrx_word' id='word_1_231' title='bbox 1055 4672 1112 4706; x_wconf 85' lang='grc' dir='ltr'>τε</span> <span class='ocrx_word' id='word_1_232' title='bbox 1134 4647 1225 4707; x_wconf 81' lang='grc' dir='ltr'>καὶ</span> <span class='ocrx_word' id='word_1_233' title='bbox 1247 4647 1549 4715; x_wconf 85' lang='grc' dir='ltr'>πελεκάνες.</span> 
     </span>
     <span class='ocr_line' id='line_1_43' title="bbox 633 4734 1782 4818; baseline 0.003 -24"><span class='ocrx_word' id='word_1_234' title='bbox 633 4738 703 4795; x_wconf 80' lang='grc' dir='ltr'>Οἱ</span> <span class='ocrx_word' id='word_1_235' title='bbox 732 4734 971 4818; x_wconf 87' lang='grc' dir='ltr'>φίλτατοι</span> <span class='ocrx_word' id='word_1_236' title='bbox 1008 4734 1063 4794; x_wconf 80' lang='grc' dir='ltr'>δὲ</span> <span class='ocrx_word' id='word_1_237' title='bbox 1090 4734 1210 4803; x_wconf 72' lang='grc' dir='ltr'>τοὺς</span> <span class='ocrx_word' id='word_1_238' title='bbox 1236 4744 1403 4813; x_wconf 86' lang='grc' dir='ltr'>γονεῖς</span> <span class='ocrx_word' id='word_1_239' title='bbox 1432 4736 1567 4813; x_wconf 81' lang='grc' dir='ltr'>μετὰ</span> <span class='ocrx_word' id='word_1_240' title='bbox 1596 4736 1782 4818; x_wconf 88' lang='grc' dir='ltr'>χρόνον</span> 
     </span>
     <span class='ocr_line' id='line_1_44' title="bbox 520 4814 1643 4907; baseline 0.004 -26"><span class='ocrx_word' id='word_1_241' title='bbox 520 4824 587 4906; x_wconf 75' lang='grc' dir='ltr'>(ε)</span> <span class='ocrx_word' id='word_1_242' title='bbox 632 4822 1021 4907; x_wconf 85' lang='grc' dir='ltr'>ἆντιτρέφουσιν</span> <span class='ocrx_word' id='word_1_243' title='bbox 1053 4814 1225 4896; x_wconf 70' lang='grc' dir='ltr'>αὗθις,</span> <span class='ocrx_word' id='word_1_244' title='bbox 1251 4828 1322 4891; x_wconf 81' lang='grc' dir='ltr'>ὡς</span> <span class='ocrx_word' id='word_1_245' title='bbox 1350 4824 1643 4906; x_wconf 85' lang='grc' dir='ltr'>εὐεργέτας.</span> 
     </span>
     <span class='ocr_line' id='line_1_45' title="bbox 621 4910 1757 4997; baseline 0.002 -26"><span class='ocrx_word' id='word_1_246' title='bbox 621 4914 673 4971; x_wconf 88' lang='grc' dir='ltr'><strong>Τ</strong></span> <span class='ocrx_word' id='word_1_247' title='bbox 676 4910 835 4993; x_wconf 81' lang='grc' dir='ltr'>ροφὴν</span> <span class='ocrx_word' id='word_1_248' title='bbox 860 4910 915 4971; x_wconf 76' lang='grc' dir='ltr'>δὲ</span> <span class='ocrx_word' id='word_1_249' title='bbox 948 4911 1044 4985; x_wconf 71' lang='grc' dir='ltr'>τὴν</span> <span class='ocrx_word' id='word_1_250' title='bbox 1073 4910 1196 4992; x_wconf 85' lang='grc' dir='ltr'>χθὲς</span> <span class='ocrx_word' id='word_1_251' title='bbox 1232 4915 1483 4990; x_wconf 77' lang='grc' dir='ltr'>ἀνεμοῦσι</span> <span class='ocrx_word' id='word_1_252' title='bbox 1509 4912 1757 4997; x_wconf 77' lang='grc' dir='ltr'>τήμερον,</span> 
     </span>
     <span class='ocr_line' id='line_1_46' title="bbox 618 4999 1832 5087; baseline 0.005 -29"><span class='ocrx_word' id='word_1_253' title='bbox 618 4999 919 5081; x_wconf 88' lang='grc' dir='ltr'>πρόσφατον</span> <span class='ocrx_word' id='word_1_254' title='bbox 948 5004 1043 5061; x_wconf 79' lang='grc' dir='ltr'>οὗκ</span> <span class='ocrx_word' id='word_1_255' title='bbox 1070 5000 1307 5081; x_wconf 82' lang='grc' dir='ltr'>ἔχοντες,</span> <span class='ocrx_word' id='word_1_256' title='bbox 1338 5004 1382 5060; x_wconf 78' lang='grc' dir='ltr'>εἰ</span> <span class='ocrx_word' id='word_1_257' title='bbox 1406 5001 1591 5081; x_wconf 84' lang='grc' dir='ltr'>τύχοι,</span> <span class='ocrx_word' id='word_1_258' title='bbox 1626 5002 1832 5087; x_wconf 88' lang='grc' dir='ltr'>τρύφος·</span> 
     </span>
     <span class='ocr_line' id='line_1_47' title="bbox 492 5088 1667 5172; baseline 0.004 -27"><span class='ocrx_word' id='word_1_259' title='bbox 492 5106 563 5146; x_wconf 71' lang='grc'>186</span> <span class='ocrx_word' id='word_1_260' title='bbox 620 5088 710 5148; x_wconf 83' lang='grc' dir='ltr'>καὶ</span> <span class='ocrx_word' id='word_1_261' title='bbox 740 5089 985 5172; x_wconf 86' lang='grc' dir='ltr'>δευτέραν</span> <span class='ocrx_word' id='word_1_262' title='bbox 1010 5090 1277 5172; x_wconf 85' lang='grc' dir='ltr'>τράπεζαν</span> <span class='ocrx_word' id='word_1_263' title='bbox 1297 5088 1667 5171; x_wconf 79' lang='grc' dir='ltr'>ἐξερασμάτων</span> 
     </span>
     <span class='ocr_line' id='line_1_48' title="bbox 620 5174 1596 5259; baseline 0.004 -22"><span class='ocrx_word' id='word_1_264' title='bbox 620 5180 651 5247; x_wconf 83' lang='grc' dir='ltr'>ἡ</span> <span class='ocrx_word' id='word_1_265' title='bbox 680 5175 832 5259; x_wconf 80' lang='grc' dir='ltr'>φύσις</span> <span class='ocrx_word' id='word_1_266' title='bbox 858 5180 1033 5247; x_wconf 79' lang='grc' dir='ltr'>αὐτοῖς</span> <span class='ocrx_word' id='word_1_267' title='bbox 1060 5174 1113 5247; x_wconf 74' lang='grc' dir='ltr'>ἐξ</span> <span class='ocrx_word' id='word_1_268' title='bbox 1136 5175 1371 5255; x_wconf 76' lang='grc' dir='ltr'>ἀνάγκης</span> <span class='ocrx_word' id='word_1_269' title='bbox 1400 5176 1596 5259; x_wconf 75' lang='grc' dir='ltr'>ἀρτύει.</span> 
     </span>
    </p>
   </div>
   <div class='ocr_carea' id='block_1_14' title="bbox 1179 5352 1379 5371">
    <p class='ocr_par' dir='ltr' id='par_1_19' title="bbox 1179 5352 1379 5371">
     <span class='ocr_line' id='line_1_49' title="bbox 1179 5352 1379 5371; baseline -0.01 0"><span class='ocrx_word' id='word_1_270' title='bbox 1179 5352 1379 5371; x_wconf 58' lang='lat' dir='ltr'>*n—</span> 
     </span>
    </p>
   </div>
   <div class='ocr_carea' id='block_1_15' title="bbox 1354 409 2795 484">
    <p class='ocr_par' dir='ltr' id='par_1_20' title="bbox 1354 409 2795 484">
     <span class='ocr_line' id='line_1_50' title="bbox 1354 409 2795 484; baseline 0.011 -15"><span class='ocrx_word' id='word_1_271' title='bbox 1354 409 1550 471; x_wconf 76' lang='grc' dir='ltr'>ΦΙΛΗ</span> <span class='ocrx_word' id='word_1_272' title='bbox 1592 413 1853 476; x_wconf 84' lang='grc' dir='ltr'>ΣΤΙΧΟΙ</span> <span class='ocrx_word' id='word_1_273' title='bbox 1896 417 2085 478; x_wconf 84' lang='grc' dir='ltr'><strong>ΠΕΡΙ</strong></span> <span class='ocrx_word' id='word_1_274' title='bbox 2127 419 2334 482; x_wconf 75' lang='grc' dir='ltr'><strong>ΖΩΩΝ</strong></span> <span class='ocrx_word' id='word_1_275' title='bbox 2371 422 2795 484; x_wconf 84' lang='grc' dir='ltr'>ΙΔῙΟΤΗΤΟΣ.</span> 
     </span>
    </p>
   </div>
   <div class='ocr_carea' id='block_1_16' title="bbox 2125 551 3079 783">
    <p class='ocr_par' dir='ltr' id='par_1_21' title="bbox 2125 551 3079 783">
     <span class='ocr_line' id='line_1_51' title="bbox 2125 551 3079 619; baseline 0.004 -18"><span class='ocrx_word' id='word_1_276' title='bbox 2125 551 2497 614; x_wconf 77' lang='lat' dir='ltr'><strong>iaculationibus</strong></span> <span class='ocrx_word' id='word_1_277' title='bbox 2511 553 2691 618; x_wconf 85' lang='lat' dir='ltr'><strong>pedum</strong></span> <span class='ocrx_word' id='word_1_278' title='bbox 2713 553 2838 604; x_wconf 88' lang='lat' dir='ltr'><strong>bene</strong></span> <span class='ocrx_word' id='word_1_279' title='bbox 2853 553 3046 606; x_wconf 75' lang='lat' dir='ltr'><strong>directis</strong></span> <span class='ocrx_word' id='word_1_280' title='bbox 3060 571 3079 619; x_wconf 68' lang='grc' dir='ltr'>ς</span> 
     </span>
     <span class='ocr_line' id='line_1_52' title="bbox 2130 639 2866 706; baseline 0.007 -17"><span class='ocrx_word' id='word_1_281' title='bbox 2130 641 2180 690; x_wconf 81' lang='lat' dir='ltr'><strong>et</strong></span> <span class='ocrx_word' id='word_1_282' title='bbox 2195 639 2366 692; x_wconf 85' lang='lat' dir='ltr'><strong>nidum</strong></span> <span class='ocrx_word' id='word_1_283' title='bbox 2383 655 2467 693; x_wconf 79' lang='grc' dir='ltr'>ωε</span> <span class='ocrx_word' id='word_1_284' title='bbox 2483 641 2686 706; x_wconf 81' lang='lat' dir='ltr'><strong>pedibus</strong></span> <span class='ocrx_word' id='word_1_285' title='bbox 2702 643 2866 694; x_wconf 74' lang='lat' dir='ltr'><strong>fodere</strong></span> 
     </span>
     <span class='ocr_line' id='line_1_53' title="bbox 2130 727 2946 783; baseline 0.004 -5"><span class='ocrx_word' id='word_1_286' title='bbox 2130 727 2182 778; x_wconf 87' lang='lat' dir='ltr'>in</span> <span class='ocrx_word' id='word_1_287' title='bbox 2199 741 2398 780; x_wconf 83' lang='lat' dir='ltr'><strong>arenam</strong></span> <span class='ocrx_word' id='word_1_288' title='bbox 2423 731 2718 782; x_wconf 68' lang='lat' dir='ltr'><strong>annuentem</strong></span> <span class='ocrx_word' id='word_1_289' title='bbox 2739 731 2791 782; x_wconf 81' lang='lat' dir='ltr'>in</span> <span class='ocrx_word' id='word_1_290' title='bbox 2815 732 2946 783; x_wconf 74' lang='lat' dir='ltr'><strong>zoio.</strong></span> 
     </span>
    </p>
   </div>
   <div class='ocr_carea' id='block_1_17' title="bbox 2135 820 3354 1151">
    <p class='ocr_par' dir='ltr' id='par_1_22' title="bbox 2135 820 3354 1062">
     <span class='ocr_line' id='line_1_54' title="bbox 2136 820 3124 885; baseline 0 -13"><span class='ocrx_word' id='word_1_291' title='bbox 2136 822 2297 884; x_wconf 76' lang='lat' dir='ltr'><strong>nujus</strong></span> <span class='ocrx_word' id='word_1_292' title='bbox 2313 821 2459 873; x_wconf 75' lang='lat' dir='ltr'><strong>etiam</strong></span> <span class='ocrx_word' id='word_1_293' title='bbox 2481 835 2693 885; x_wconf 75' lang='lat' dir='ltr'><strong>nervos,</strong></span> <span class='ocrx_word' id='word_1_294' title='bbox 2719 835 2835 884; x_wconf 80' lang='lat' dir='ltr'><strong>rex,</strong></span> <span class='ocrx_word' id='word_1_295' title='bbox 2857 823 2910 872; x_wconf 87' lang='lat' dir='ltr'><strong>et</strong></span> <span class='ocrx_word' id='word_1_296' title='bbox 2933 820 3124 885; x_wconf 86' lang='lat' dir='ltr'><strong>adipem</strong></span> 
     </span>
     <span class='ocr_line' id='line_1_55' title="bbox 2135 909 3354 962; baseline 0.001 -3"><span class='ocrx_word' id='word_1_297' title='bbox 2135 909 2394 960; x_wconf 82' lang='lat' dir='ltr'><strong>multorum</strong></span> <span class='ocrx_word' id='word_1_298' title='bbox 2412 910 2636 961; x_wconf 84' lang='lat' dir='ltr'><strong>doiorum</strong></span> <span class='ocrx_word' id='word_1_299' title='bbox 2649 911 2874 962; x_wconf 75' lang='lat' dir='ltr'><strong>inventos</strong></span> <span class='ocrx_word' id='word_1_300' title='bbox 2893 923 3002 961; x_wconf 72' lang='lat' dir='ltr'><strong>eane</strong></span> <span class='ocrx_word' id='word_1_301' title='bbox 3021 909 3354 960; x_wconf 66' lang='lat' dir='ltr'><strong>medicamina.</strong></span> 
     </span>
     <span class='ocr_line' id='line_1_56' title="bbox 2137 997 3151 1062; baseline 0.002 -14"><span class='ocrx_word' id='word_1_302' title='bbox 2137 1001 2238 1048; x_wconf 81' lang='lat' dir='ltr'>Hoc</span> <span class='ocrx_word' id='word_1_303' title='bbox 2255 997 2464 1050; x_wconf 80' lang='lat' dir='ltr'><strong>dissecto</strong></span> <span class='ocrx_word' id='word_1_304' title='bbox 2486 999 2662 1062; x_wconf 81' lang='lat' dir='ltr'><strong>aliquis</strong></span> <span class='ocrx_word' id='word_1_305' title='bbox 2681 998 2894 1050; x_wconf 77' lang='lat' dir='ltr'><strong>inveniet</strong></span> <span class='ocrx_word' id='word_1_306' title='bbox 2909 999 3119 1050; x_wconf 68' lang='lat' dir='ltr'><strong>minutos</strong></span> <span class='ocrx_word' id='word_1_307' title='bbox 3133 1035 3151 1062; x_wconf 91' lang='lat'><em>‚</em></span> 
     </span>
    </p>

    <p class='ocr_par' dir='ltr' id='par_1_23' title="bbox 2135 1087 3270 1151">
     <span class='ocr_line' id='line_1_57' title="bbox 2135 1087 3270 1151; baseline 0.002 -15"><span class='ocrx_word' id='word_1_308' title='bbox 2135 1087 2220 1151; x_wconf 89' lang='lat' dir='ltr'>qui</span> <span class='ocrx_word' id='word_1_309' title='bbox 2241 1089 2476 1139; x_wconf 81' lang='lat' dir='ltr'><strong>tormenta</strong></span> <span class='ocrx_word' id='word_1_310' title='bbox 2513 1087 2672 1138; x_wconf 81' lang='lat' dir='ltr'><strong>levant</strong></span> <span class='ocrx_word' id='word_1_311' title='bbox 2693 1087 2987 1138; x_wconf 79' lang='lat' dir='ltr'><strong>infirmitatis</strong></span> <span class='ocrx_word' id='word_1_312' title='bbox 3003 1087 3270 1138; x_wconf 81' lang='lat' dir='ltr'><strong>oculorum.</strong></span> 
     </span>
    </p>
   </div>
   <div class='ocr_carea' id='block_1_18' title="bbox 2651 1360 3196 1422">
    <p class='ocr_par' dir='ltr' id='par_1_24' title="bbox 2651 1360 3196 1422">
     <span class='ocr_line' id='line_1_58' title="bbox 2651 1360 3196 1422; baseline 0 0"><span class='ocrx_word' id='word_1_313' title='bbox 2651 1371 2707 1422; x_wconf 82' lang='lat'>5.</span> <span class='ocrx_word' id='word_1_314' title='bbox 2751 1360 2854 1420; x_wconf 78' lang='lat' dir='ltr'>DE</span> <span class='ocrx_word' id='word_1_315' title='bbox 2894 1361 3196 1422; x_wconf 80' lang='lat' dir='ltr'>ARDEIS.</span> 
     </span>
    </p>
   </div>
   <div class='ocr_carea' id='block_1_19' title="bbox 2139 1513 3377 2547">
    <p class='ocr_par' dir='ltr' id='par_1_25' title="bbox 2139 1513 3139 1580">
     <span class='ocr_line' id='line_1_59' title="bbox 2139 1513 3139 1580; baseline 0.002 -16"><span class='ocrx_word' id='word_1_316' title='bbox 2139 1513 2318 1566; x_wconf 68' lang='lat' dir='ltr'><strong>Ardeae</strong></span> <span class='ocrx_word' id='word_1_317' title='bbox 2339 1515 2497 1566; x_wconf 80' lang='lat' dir='ltr'><strong>insula</strong></span> <span class='ocrx_word' id='word_1_318' title='bbox 2519 1515 2743 1580; x_wconf 77' lang='lat' dir='ltr'><strong>quoedam</strong></span> <span class='ocrx_word' id='word_1_319' title='bbox 2767 1518 2944 1566; x_wconf 78' lang='lat' dir='ltr'><strong>Graeea</strong></span> <span class='ocrx_word' id='word_1_320' title='bbox 2963 1517 3139 1578; x_wconf 86' lang='lat' dir='ltr'><strong>nutrit;</strong></span> 
     </span>
    </p>

    <p class='ocr_par' dir='ltr' id='par_1_26' title="bbox 2141 1608 2855 1669">
     <span class='ocr_line' id='line_1_60' title="bbox 2141 1608 2855 1669; baseline 0.004 -15"><span class='ocrx_word' id='word_1_321' title='bbox 2141 1617 2254 1667; x_wconf 78' lang='lat' dir='ltr'><strong>quoe</strong></span> <span class='ocrx_word' id='word_1_322' title='bbox 2280 1608 2449 1654; x_wconf 86' lang='lat' dir='ltr'><strong>natura</strong></span> <span class='ocrx_word' id='word_1_323' title='bbox 2471 1618 2559 1656; x_wconf 77' lang='lat' dir='ltr'><strong>aua</strong></span> <span class='ocrx_word' id='word_1_324' title='bbox 2580 1619 2855 1669; x_wconf 77' lang='lat' dir='ltr'><strong>generosae,</strong></span> 
     </span>
    </p>

    <p class='ocr_par' dir='ltr' id='par_1_27' title="bbox 2139 1693 3269 2196">
     <span class='ocr_line' id='line_1_61' title="bbox 2141 1693 3220 1756; baseline 0.005 -14"><span class='ocrx_word' id='word_1_325' title='bbox 2141 1697 2378 1756; x_wconf 80' lang='lat' dir='ltr'><strong>quotquot</strong></span> <span class='ocrx_word' id='word_1_326' title='bbox 2399 1693 2566 1746; x_wconf 73' lang='lat' dir='ltr'><strong>vident</strong></span> <span class='ocrx_word' id='word_1_327' title='bbox 2587 1694 2704 1744; x_wconf 84' lang='lat' dir='ltr'><strong>iiiuc</strong></span> <span class='ocrx_word' id='word_1_328' title='bbox 2722 1696 2972 1746; x_wconf 78' lang='lat' dir='ltr'><strong>venientes</strong></span> <span class='ocrx_word' id='word_1_329' title='bbox 2991 1695 3220 1746; x_wconf 83' lang='lat' dir='ltr'><strong>barbaros</strong></span> 
     </span>
     <span class='ocr_line' id='line_1_62' title="bbox 2139 1780 3095 1846; baseline 0.003 -16"><span class='ocrx_word' id='word_1_330' title='bbox 2139 1780 2345 1831; x_wconf 87' lang='lat' dir='ltr'><strong>oderunt</strong></span> <span class='ocrx_word' id='word_1_331' title='bbox 2365 1785 2414 1832; x_wconf 88' lang='lat' dir='ltr'><strong>et</strong></span> <span class='ocrx_word' id='word_1_332' title='bbox 2437 1781 2626 1844; x_wconf 73' lang='lat' dir='ltr'><strong>rugiunt</strong></span> <span class='ocrx_word' id='word_1_333' title='bbox 2647 1783 2704 1832; x_wconf 90' lang='lat' dir='ltr'><strong>ut</strong></span> <span class='ocrx_word' id='word_1_334' title='bbox 2725 1782 2906 1833; x_wconf 82' lang='lat' dir='ltr'><strong>alatum</strong></span> <span class='ocrx_word' id='word_1_335' title='bbox 2925 1797 3095 1846; x_wconf 75' lang='lat' dir='ltr'><strong>genus.</strong></span> 
     </span>
     <span class='ocr_line' id='line_1_63' title="bbox 2141 1869 3233 1935; baseline 0.004 -17"><span class='ocrx_word' id='word_1_336' title='bbox 2141 1869 2344 1927; x_wconf 82' lang='lat' dir='ltr'><strong>Quando</strong></span> <span class='ocrx_word' id='word_1_337' title='bbox 2365 1873 2527 1920; x_wconf 83' lang='lat' dir='ltr'><strong>autem</strong></span> <span class='ocrx_word' id='word_1_338' title='bbox 2556 1870 2730 1935; x_wconf 85' lang='lat' dir='ltr'><strong>aliquis</strong></span> <span class='ocrx_word' id='word_1_339' title='bbox 2751 1872 2946 1934; x_wconf 72' lang='lat' dir='ltr'>appellit</span> <span class='ocrx_word' id='word_1_340' title='bbox 2963 1886 3022 1922; x_wconf 79' lang='lat' dir='ltr'><strong>ex</strong></span> <span class='ocrx_word' id='word_1_341' title='bbox 3049 1873 3204 1922; x_wconf 76' lang='lat' dir='ltr'><strong>Attica</strong></span> <span class='ocrx_word' id='word_1_342' title='bbox 3217 1909 3233 1934; x_wconf 88' lang='lat'>‚</span> 
     </span>
     <span class='ocr_line' id='line_1_64' title="bbox 2141 1957 3190 2010; baseline 0.006 -5"><span class='ocrx_word' id='word_1_343' title='bbox 2141 1971 2306 2008; x_wconf 84' lang='lat' dir='ltr'><strong>rursus</strong></span> <span class='ocrx_word' id='word_1_344' title='bbox 2328 1957 2490 2008; x_wconf 85' lang='lat' dir='ltr'><strong>blandi</strong></span> <span class='ocrx_word' id='word_1_345' title='bbox 2514 1961 2628 2008; x_wconf 85' lang='lat' dir='ltr'><strong>sunt</strong></span> <span class='ocrx_word' id='word_1_346' title='bbox 2654 1961 2706 2010; x_wconf 87' lang='lat' dir='ltr'><strong>et</strong></span> <span class='ocrx_word' id='word_1_347' title='bbox 2727 1963 3004 2010; x_wconf 73' lang='lat' dir='ltr'><strong>Graeoorum</strong></span> <span class='ocrx_word' id='word_1_348' title='bbox 3028 1960 3190 2010; x_wconf 66' lang='lat' dir='ltr'><strong>amiffi.</strong></span> 
     </span>
     <span class='ocr_line' id='line_1_65' title="bbox 2142 2043 3269 2109; baseline 0.006 -17"><span class='ocrx_word' id='word_1_349' title='bbox 2142 2043 2313 2092; x_wconf 80' lang='lat' dir='ltr'><strong>Statim</strong></span> <span class='ocrx_word' id='word_1_350' title='bbox 2337 2043 2466 2093; x_wconf 86' lang='lat' dir='ltr'><strong>enim</strong></span> <span class='ocrx_word' id='word_1_351' title='bbox 2493 2044 2553 2095; x_wconf 84' lang='lat' dir='ltr'>ad</span> <span class='ocrx_word' id='word_1_352' title='bbox 2577 2057 2689 2094; x_wconf 84' lang='lat' dir='ltr'>eum</span> <span class='ocrx_word' id='word_1_353' title='bbox 2703 2049 3014 2098; x_wconf 73' lang='lat' dir='ltr'><strong>accurrentes</strong></span> <span class='ocrx_word' id='word_1_354' title='bbox 3039 2047 3269 2109; x_wconf 64' lang='lat' dir='ltr'><strong>consuti,</strong></span> 
     </span>
     <span class='ocr_line' id='line_1_66' title="bbox 2141 2131 2942 2196; baseline 0.009 -17"><span class='ocrx_word' id='word_1_355' title='bbox 2141 2131 2241 2182; x_wconf 77' lang='lat' dir='ltr'><strong>aias</strong></span> <span class='ocrx_word' id='word_1_356' title='bbox 2265 2131 2493 2196; x_wconf 68' lang='lat' dir='ltr'><strong>tendunt,</strong></span> <span class='ocrx_word' id='word_1_357' title='bbox 2513 2139 2570 2182; x_wconf 82' lang='lat' dir='ltr'><strong>ut</strong></span> <span class='ocrx_word' id='word_1_358' title='bbox 2581 2134 2725 2184; x_wconf 83' lang='lat' dir='ltr'><strong>amici</strong></span> <span class='ocrx_word' id='word_1_359' title='bbox 2749 2148 2942 2186; x_wconf 80' lang='lat' dir='ltr'><strong>manus.</strong></span> 
     </span>
    </p>

    <p class='ocr_par' dir='ltr' id='par_1_28' title="bbox 2143 2219 3377 2461">
     <span class='ocr_line' id='line_1_67' title="bbox 2143 2219 3302 2289; baseline 0.005 -21"><span class='ocrx_word' id='word_1_360' title='bbox 2143 2221 2206 2268; x_wconf 85' lang='lat' dir='ltr'>Et</span> <span class='ocrx_word' id='word_1_361' title='bbox 2223 2219 2306 2270; x_wconf 91' lang='lat' dir='ltr'>ubi</span> <span class='ocrx_word' id='word_1_362' title='bbox 2327 2219 2372 2269; x_wconf 90' lang='lat' dir='ltr'>is</span> <span class='ocrx_word' id='word_1_363' title='bbox 2394 2221 2509 2283; x_wconf 76' lang='lat' dir='ltr'><strong>ipsis</strong></span> <span class='ocrx_word' id='word_1_364' title='bbox 2535 2223 2592 2272; x_wconf 92' lang='lat' dir='ltr'><strong>ut</strong></span> <span class='ocrx_word' id='word_1_365' title='bbox 2611 2221 2856 2272; x_wconf 70' lang='lat' dir='ltr'><strong>familiaris</strong></span> <span class='ocrx_word' id='word_1_366' title='bbox 2876 2224 3302 2289; x_wconf 67' lang='lat' dir='ltr'><strong>appropinquavit,</strong></span> 
     </span>
     <span class='ocr_line' id='line_1_68' title="bbox 2143 2307 3377 2375; baseline 0.006 -19"><span class='ocrx_word' id='word_1_367' title='bbox 2143 2307 2382 2358; x_wconf 84' lang='lat' dir='ltr'><strong>sustinent</strong></span> <span class='ocrx_word' id='word_1_368' title='bbox 2399 2311 2582 2358; x_wconf 83' lang='lat' dir='ltr'><strong>tactum</strong></span> <span class='ocrx_word' id='word_1_369' title='bbox 2605 2309 2824 2361; x_wconf 81' lang='lat' dir='ltr'><strong>benevoli</strong></span> <span class='ocrx_word' id='word_1_370' title='bbox 2847 2312 3100 2375; x_wconf 72' lang='lat' dir='ltr'><strong>peregrini.</strong></span> <span class='ocrx_word' id='word_1_371' title='bbox 3342 2349 3377 2358; x_wconf 78' lang='lat'>.-</span> 
     </span>
     <span class='ocr_line' id='line_1_69' title="bbox 2143 2395 2865 2461; baseline 0.007 -17"><span class='ocrx_word' id='word_1_372' title='bbox 2143 2395 2222 2444; x_wconf 85' lang='lat' dir='ltr'>Sio</span> <span class='ocrx_word' id='word_1_373' title='bbox 2242 2395 2394 2446; x_wconf 83' lang='lat' dir='ltr'><strong>alatos</strong></span> <span class='ocrx_word' id='word_1_374' title='bbox 2409 2398 2587 2447; x_wconf 85' lang='lat' dir='ltr'><strong>amoris</strong></span> <span class='ocrx_word' id='word_1_375' title='bbox 2608 2399 2865 2461; x_wconf 80' lang='lat' dir='ltr'><strong>magistros</strong></span> 
     </span>
    </p>

    <p class='ocr_par' dir='ltr' id='par_1_29' title="bbox 2143 2482 3098 2547">
     <span class='ocr_line' id='line_1_70' title="bbox 2143 2482 3098 2547; baseline 0.007 -14"><span class='ocrx_word' id='word_1_376' title='bbox 2143 2482 2457 2547; x_wconf 80' lang='lat' dir='ltr'><strong>implumibus</strong></span> <span class='ocrx_word' id='word_1_377' title='bbox 2471 2485 2676 2537; x_wconf 77' lang='lat' dir='ltr'><strong>advenis</strong></span> <span class='ocrx_word' id='word_1_378' title='bbox 2691 2487 2797 2538; x_wconf 74' lang='lat' dir='ltr'>boeo</span> <span class='ocrx_word' id='word_1_379' title='bbox 2821 2487 2981 2539; x_wconf 78' lang='lat' dir='ltr'><strong>imula</strong></span> <span class='ocrx_word' id='word_1_380' title='bbox 2997 2488 3098 2540; x_wconf 69' lang='lat' dir='ltr'>dat.</span> 
     </span>
    </p>
   </div>
   <div class='ocr_carea' id='block_1_20' title="bbox 2843 2657 3050 2676">
    <p class='ocr_par' dir='ltr' id='par_1_30' title="bbox 2843 2657 3050 2676">
     <span class='ocr_line' id='line_1_71' title="bbox 2843 2657 3050 2676; baseline 0.005 -5"><span class='ocrx_word' id='word_1_381' title='bbox 2843 2657 3050 2676; x_wconf 70' lang='lat' dir='ltr'><strong>——u</strong></span> 
     </span>
    </p>
   </div>
   <div class='ocr_carea' id='block_1_21' title="bbox 2653 2771 3186 2834">
    <p class='ocr_par' dir='ltr' id='par_1_31' title="bbox 2653 2771 3186 2834">
     <span class='ocr_line' id='line_1_72' title="bbox 2653 2771 3186 2834; baseline 0.006 -3"><span class='ocrx_word' id='word_1_382' title='bbox 2653 2782 2712 2832; x_wconf 75' lang='lat'>6.</span> <span class='ocrx_word' id='word_1_383' title='bbox 2757 2771 2858 2832; x_wconf 86' lang='lat' dir='ltr'>DE</span> <span class='ocrx_word' id='word_1_384' title='bbox 2902 2772 3186 2834; x_wconf 81' lang='lat' dir='ltr'>CORVO.</span> 
     </span>
    </p>
   </div>
   <div class='ocr_carea' id='block_1_22' title="bbox 2147 2915 3326 3067">
    <p class='ocr_par' dir='ltr' id='par_1_32' title="bbox 2147 2915 3326 3067">
     <span class='ocr_line' id='line_1_73' title="bbox 2148 2915 3052 2981; baseline 0.009 -20"><span class='ocrx_word' id='word_1_385' title='bbox 2148 2915 2360 2964; x_wconf 75' lang='lat' dir='ltr'><strong>Corvum</strong></span> <span class='ocrx_word' id='word_1_386' title='bbox 2401 2922 2544 2966; x_wconf 88' lang='lat' dir='ltr'><strong>erunt</strong></span> <span class='ocrx_word' id='word_1_387' title='bbox 2563 2918 2872 2968; x_wconf 82' lang='lat' dir='ltr'><strong>vehementer</strong></span> <span class='ocrx_word' id='word_1_388' title='bbox 2895 2920 3052 2981; x_wconf 75' lang='lat' dir='ltr'><strong>sitire,</strong></span> 
     </span>
     <span class='ocr_line' id='line_1_74' title="bbox 2147 2998 3326 3067; baseline 0.006 -16"><span class='ocrx_word' id='word_1_389' title='bbox 2147 3004 2424 3067; x_wconf 67' lang='lat' dir='ltr'><strong>aestatisque</strong></span> <span class='ocrx_word' id='word_1_390' title='bbox 2446 3006 2617 3056; x_wconf 84' lang='lat' dir='ltr'><strong>ardore</strong></span> <span class='ocrx_word' id='word_1_391' title='bbox 2637 3020 2828 3057; x_wconf 84' lang='lat' dir='ltr'><strong>summo</strong></span> <span class='ocrx_word' id='word_1_392' title='bbox 2847 3006 3022 3058; x_wconf 82' lang='lat' dir='ltr'><strong>misere</strong></span> <span class='ocrx_word' id='word_1_393' title='bbox 3039 3008 3237 3067; x_wconf 80' lang='lat' dir='ltr'><strong>torreri,</strong></span> <span class='ocrx_word' id='word_1_394' title='bbox 3315 2998 3326 3007; x_wconf 75' lang='grc'><strong><em>’</em></strong></span> 
     </span>
    </p>
   </div>
   <div class='ocr_carea' id='block_1_23' title="bbox 3383 424 3600 508">
    <p class='ocr_par' dir='ltr' id='par_1_33' title="bbox 3383 424 3600 508">
     <span class='ocr_line' id='line_1_75' title="bbox 3383 424 3600 508; baseline 0.009 -2"><span class='ocrx_word' id='word_1_395' title='bbox 3383 424 3600 508; x_wconf 60' lang='grc' dir='ltr'>(ε-ει.)</span> 
     </span>
    </p>
   </div>
   <div class='ocr_carea' id='block_1_24' title="bbox 2151 3092 3592 3145">
    <p class='ocr_par' dir='ltr' id='par_1_34' title="bbox 2151 3092 3592 3145">
     <span class='ocr_line' id='line_1_76' title="bbox 2151 3092 3592 3145; baseline -0.003 -2"><span class='ocrx_word' id='word_1_396' title='bbox 2151 3095 2204 3143; x_wconf 91' lang='lat' dir='ltr'><strong>ut</strong></span> <span class='ocrx_word' id='word_1_397' title='bbox 2227 3092 2346 3143; x_wconf 81' lang='lat' dir='ltr'><strong>adeo</strong></span> <span class='ocrx_word' id='word_1_398' title='bbox 2365 3094 2662 3143; x_wconf 71' lang='lat' dir='ltr'><strong>necessitatis</strong></span> <span class='ocrx_word' id='word_1_399' title='bbox 2684 3108 2831 3144; x_wconf 86' lang='lat' dir='ltr'><strong>causa</strong></span> <span class='ocrx_word' id='word_1_400' title='bbox 2849 3100 3022 3145; x_wconf 82' lang='lat' dir='ltr'><strong>moeste</strong></span> <span class='ocrx_word' id='word_1_401' title='bbox 3043 3102 3184 3143; x_wconf 77' lang='lat' dir='ltr'><strong>canat</strong></span> <span class='ocrx_word' id='word_1_402' title='bbox 3205 3096 3470 3143; x_wconf 81' lang='lat' dir='ltr'><strong>tormentum</strong></span> <span class='ocrx_word' id='word_1_403' title='bbox 3488 3098 3592 3137; x_wconf 70' lang='lat' dir='ltr'><strong>aim</strong></span> 
     </span>
    </p>
   </div>
   <div class='ocr_carea' id='block_1_25' title="bbox 2148 3180 3348 4131">
    <p class='ocr_par' dir='ltr' id='par_1_35' title="bbox 2148 3180 3248 3420">
     <span class='ocr_line' id='line_1_77' title="bbox 2148 3180 3052 3245; baseline 0.002 -14"><span class='ocrx_word' id='word_1_404' title='bbox 2148 3184 2196 3231; x_wconf 83' lang='lat' dir='ltr'><strong>et</strong></span> <span class='ocrx_word' id='word_1_405' title='bbox 2220 3180 2466 3231; x_wconf 76' lang='lat' dir='ltr'><strong>fatidicum</strong></span> <span class='ocrx_word' id='word_1_406' title='bbox 2491 3184 2686 3231; x_wconf 81' lang='lat' dir='ltr'><strong>cantum</strong></span> <span class='ocrx_word' id='word_1_407' title='bbox 2707 3194 2838 3245; x_wconf 81' lang='lat' dir='ltr'><strong>saepe</strong></span> <span class='ocrx_word' id='word_1_408' title='bbox 2861 3182 3052 3233; x_wconf 82' lang='lat' dir='ltr'><strong>habeat.</strong></span> 
     </span>
     <span class='ocr_line' id='line_1_78' title="bbox 2151 3270 3248 3335; baseline 0.001 -16"><span class='ocrx_word' id='word_1_409' title='bbox 2151 3272 2384 3320; x_wconf 75' lang='lat' dir='ltr'><strong>Praeterea</strong></span> <span class='ocrx_word' id='word_1_410' title='bbox 2401 3270 2452 3319; x_wconf 86' lang='lat' dir='ltr'>id</span> <span class='ocrx_word' id='word_1_411' title='bbox 2469 3276 2656 3321; x_wconf 83' lang='lat' dir='ltr'><strong>certum</strong></span> <span class='ocrx_word' id='word_1_412' title='bbox 2675 3276 2752 3321; x_wconf 84' lang='lat' dir='ltr'><strong>est</strong></span> <span class='ocrx_word' id='word_1_413' title='bbox 2764 3306 2780 3333; x_wconf 90' lang='lat'><strong>,</strong></span> <span class='ocrx_word' id='word_1_414' title='bbox 2801 3271 2934 3335; x_wconf 91' lang='lat' dir='ltr'><strong>quod</strong></span> <span class='ocrx_word' id='word_1_415' title='bbox 2953 3272 3078 3335; x_wconf 81' lang='lat' dir='ltr'><strong>pilos</strong></span> <span class='ocrx_word' id='word_1_416' title='bbox 3096 3271 3248 3333; x_wconf 76' lang='lat' dir='ltr'><strong>nigrat</strong></span> 
     </span>
     <span class='ocr_line' id='line_1_79' title="bbox 2149 3357 3022 3420; baseline 0.003 -14"><span class='ocrx_word' id='word_1_417' title='bbox 2149 3359 2282 3407; x_wconf 85' lang='lat' dir='ltr'><strong>corvi</strong></span> <span class='ocrx_word' id='word_1_418' title='bbox 2300 3371 2448 3409; x_wconf 81' lang='lat' dir='ltr'><strong>ovum</strong></span> <span class='ocrx_word' id='word_1_419' title='bbox 2462 3362 2708 3420; x_wconf 78' lang='lat' dir='ltr'><strong>unguento</strong></span> <span class='ocrx_word' id='word_1_420' title='bbox 2731 3357 3022 3409; x_wconf 73' lang='lat' dir='ltr'><strong>admixtum.</strong></span> 
     </span>
    </p>

    <p class='ocr_par' dir='ltr' id='par_1_36' title="bbox 2148 3446 3295 3598">
     <span class='ocr_line' id='line_1_80' title="bbox 2149 3446 3295 3511; baseline 0.001 -14"><span class='ocrx_word' id='word_1_421' title='bbox 2149 3449 2350 3510; x_wconf 87' lang='lat' dir='ltr'><strong>Oportet</strong></span> <span class='ocrx_word' id='word_1_422' title='bbox 2371 3449 2532 3497; x_wconf 85' lang='lat' dir='ltr'><strong>tamen</strong></span> <span class='ocrx_word' id='word_1_423' title='bbox 2544 3482 2562 3509; x_wconf 86' lang='lat'><em>,</em></span> <span class='ocrx_word' id='word_1_424' title='bbox 2581 3460 2666 3496; x_wconf 80' lang='lat' dir='ltr'><strong>rex</strong></span> <span class='ocrx_word' id='word_1_425' title='bbox 2679 3482 2695 3509; x_wconf 87' lang='lat'><strong>,</strong></span> <span class='ocrx_word' id='word_1_426' title='bbox 2719 3448 2802 3511; x_wconf 90' lang='lat' dir='ltr'>qui</span> <span class='ocrx_word' id='word_1_427' title='bbox 2825 3446 3064 3497; x_wconf 84' lang='lat' dir='ltr'><strong>adulterat</strong></span> <span class='ocrx_word' id='word_1_428' title='bbox 3079 3460 3295 3510; x_wconf 77' lang='lat' dir='ltr'><strong>nomam,</strong></span> 
     </span>
     <span class='ocr_line' id='line_1_81' title="bbox 2148 3534 2838 3598; baseline 0 -15"><span class='ocrx_word' id='word_1_429' title='bbox 2148 3534 2313 3584; x_wconf 79' lang='lat' dir='ltr'><strong>clauso</strong></span> <span class='ocrx_word' id='word_1_430' title='bbox 2335 3548 2418 3585; x_wconf 86' lang='lat' dir='ltr'><strong>ore</strong></span> <span class='ocrx_word' id='word_1_431' title='bbox 2435 3539 2597 3585; x_wconf 79' lang='lat' dir='ltr'><strong>teneat</strong></span> <span class='ocrx_word' id='word_1_432' title='bbox 2618 3534 2808 3598; x_wconf 86' lang='lat' dir='ltr'><strong>adipem</strong></span> <span class='ocrx_word' id='word_1_433' title='bbox 2821 3570 2838 3597; x_wconf 89' lang='lat'><strong>,</strong></span> 
     </span>
    </p>

    <p class='ocr_par' dir='ltr' id='par_1_37' title="bbox 2149 3621 3006 3673">
     <span class='ocr_line' id='line_1_82' title="bbox 2149 3621 3006 3673; baseline 0 -2"><span class='ocrx_word' id='word_1_434' title='bbox 2149 3636 2209 3671; x_wconf 88' lang='lat' dir='ltr'>ne</span> <span class='ocrx_word' id='word_1_435' title='bbox 2236 3622 2384 3673; x_wconf 86' lang='lat' dir='ltr'><strong>etiam</strong></span> <span class='ocrx_word' id='word_1_436' title='bbox 2407 3622 2624 3673; x_wconf 86' lang='lat' dir='ltr'><strong>dentium</strong></span> <span class='ocrx_word' id='word_1_437' title='bbox 2643 3621 2822 3673; x_wconf 84' lang='lat' dir='ltr'><strong>candor</strong></span> <span class='ocrx_word' id='word_1_438' title='bbox 2840 3623 3006 3673; x_wconf 82' lang='lat' dir='ltr'><strong>statim</strong></span> 
     </span>
    </p>

    <p class='ocr_par' dir='ltr' id='par_1_38' title="bbox 2149 3710 3348 4131">
     <span class='ocr_line' id='line_1_83' title="bbox 2151 3710 3348 3775; baseline -0.001 -14"><span class='ocrx_word' id='word_1_439' title='bbox 2151 3713 2365 3761; x_wconf 79' lang='lat' dir='ltr'><strong>mutatus</strong></span> <span class='ocrx_word' id='word_1_440' title='bbox 2383 3711 2650 3775; x_wconf 77' lang='lat' dir='ltr'><strong>nigrescat,</strong></span> <span class='ocrx_word' id='word_1_441' title='bbox 2669 3710 2916 3775; x_wconf 78' lang='lat' dir='ltr'><strong>pigmento</strong></span> <span class='ocrx_word' id='word_1_442' title='bbox 2947 3710 3094 3761; x_wconf 82' lang='lat' dir='ltr'><strong>iatius</strong></span> <span class='ocrx_word' id='word_1_443' title='bbox 3117 3712 3348 3774; x_wconf 77' lang='lat' dir='ltr'><strong>serpente.</strong></span> 
     </span>
     <span class='ocr_line' id='line_1_84' title="bbox 2150 3800 3280 3863; baseline 0.002 -14"><span class='ocrx_word' id='word_1_444' title='bbox 2150 3802 2338 3849; x_wconf 83' lang='lat' dir='ltr'><strong>Corvus</strong></span> <span class='ocrx_word' id='word_1_445' title='bbox 2363 3802 2524 3851; x_wconf 85' lang='lat' dir='ltr'><strong>autem</strong></span> <span class='ocrx_word' id='word_1_446' title='bbox 2549 3800 2676 3850; x_wconf 78' lang='lat' dir='ltr'><strong>maie</strong></span> <span class='ocrx_word' id='word_1_447' title='bbox 2697 3800 2849 3850; x_wconf 84' lang='lat' dir='ltr'><strong>maios</strong></span> <span class='ocrx_word' id='word_1_448' title='bbox 2873 3800 3030 3863; x_wconf 79' lang='lat' dir='ltr'><strong>pullos</strong></span> <span class='ocrx_word' id='word_1_449' title='bbox 3053 3812 3280 3863; x_wconf 79' lang='lat' dir='ltr'><strong>pasoens,</strong></span> 
     </span>
     <span class='ocr_line' id='line_1_85' title="bbox 2149 3887 3113 3952; baseline 0.001 -15"><span class='ocrx_word' id='word_1_450' title='bbox 2149 3902 2270 3952; x_wconf 81' lang='lat' dir='ltr'><strong>quos</strong></span> <span class='ocrx_word' id='word_1_451' title='bbox 2301 3887 2404 3951; x_wconf 83' lang='lat' dir='ltr'><strong>ipse</strong></span> <span class='ocrx_word' id='word_1_452' title='bbox 2421 3888 2631 3938; x_wconf 81' lang='lat' dir='ltr'><strong>exclusit</strong></span> <span class='ocrx_word' id='word_1_453' title='bbox 2649 3888 2924 3952; x_wconf 77' lang='lat' dir='ltr'><strong>propaginis</strong></span> <span class='ocrx_word' id='word_1_454' title='bbox 2939 3902 3113 3950; x_wconf 82' lang='lat' dir='ltr'><strong>causa,</strong></span> 
     </span>
     <span class='ocr_line' id='line_1_86' title="bbox 2150 3976 3222 4041; baseline 0.003 -16"><span class='ocrx_word' id='word_1_455' title='bbox 2150 3976 2347 4040; x_wconf 86' lang='lat' dir='ltr'><strong>quando</strong></span> <span class='ocrx_word' id='word_1_456' title='bbox 2366 3978 2442 4027; x_wconf 81' lang='lat' dir='ltr'>vei</span> <span class='ocrx_word' id='word_1_457' title='bbox 2467 3978 2610 4028; x_wconf 82' lang='lat' dir='ltr'><strong>breve</strong></span> <span class='ocrx_word' id='word_1_458' title='bbox 2629 3976 2771 4027; x_wconf 80' lang='lat' dir='ltr'><strong>samis</strong></span> <span class='ocrx_word' id='word_1_459' title='bbox 2789 3982 2984 4041; x_wconf 79' lang='lat' dir='ltr'><strong>tempus</strong></span> <span class='ocrx_word' id='word_1_460' title='bbox 3015 3977 3222 4040; x_wconf 81' lang='lat' dir='ltr'><strong>ingruit,</strong></span> 
     </span>
     <span class='ocr_line' id='line_1_87' title="bbox 2151 4064 3232 4131; baseline 0 -16"><span class='ocrx_word' id='word_1_461' title='bbox 2151 4065 2382 4129; x_wconf 82' lang='lat' dir='ltr'><strong>pabulum</strong></span> <span class='ocrx_word' id='word_1_462' title='bbox 2401 4078 2453 4117; x_wconf 80' lang='lat' dir='ltr'><strong>se</strong></span> <span class='ocrx_word' id='word_1_463' title='bbox 2477 4066 2636 4130; x_wconf 80' lang='lat' dir='ltr'><strong>ipsum</strong></span> <span class='ocrx_word' id='word_1_464' title='bbox 2660 4064 2822 4117; x_wconf 76' lang='lat' dir='ltr'><strong>liberis</strong></span> <span class='ocrx_word' id='word_1_465' title='bbox 2839 4068 3010 4116; x_wconf 82' lang='lat' dir='ltr'><strong>eontra</strong></span> <span class='ocrx_word' id='word_1_466' title='bbox 3032 4066 3232 4131; x_wconf 61' lang='lat' dir='ltr'><strong>prabet.</strong></span> 
     </span>
    </p>
   </div>
   <div class='ocr_carea' id='block_1_26' title="bbox 2819 4228 3024 4245">
    <p class='ocr_par' dir='ltr' id='par_1_39' title="bbox 2819 4228 3024 4245">
     <span class='ocr_line' id='line_1_88' title="bbox 2819 4228 3024 4245; baseline -0.005 -4"><span class='ocrx_word' id='word_1_467' title='bbox 2819 4228 3024 4245; x_wconf 42' lang='grc' dir='ltr'>ῃ</span> 
     </span>
    </p>
   </div>
   <div class='ocr_carea' id='block_1_27' title="bbox 2635 4338 3233 4400">
    <p class='ocr_par' dir='ltr' id='par_1_40' title="bbox 2635 4338 3233 4400">
     <span class='ocr_line' id='line_1_89' title="bbox 2635 4338 3233 4400; baseline 0.003 -3"><span class='ocrx_word' id='word_1_468' title='bbox 2635 4349 2687 4397; x_wconf 85' lang='grc'>7.</span> <span class='ocrx_word' id='word_1_469' title='bbox 2731 4338 2836 4398; x_wconf 89' lang='lat' dir='ltr'>DE</span> <span class='ocrx_word' id='word_1_470' title='bbox 2879 4338 3233 4400; x_wconf 81' lang='lat' dir='ltr'>CICONIIS.</span> 
     </span>
    </p>
   </div>
   <div class='ocr_carea' id='block_1_28' title="bbox 2153 4480 3198 4631">
    <p class='ocr_par' dir='ltr' id='par_1_41' title="bbox 2153 4480 3198 4631">
     <span class='ocr_line' id='line_1_90' title="bbox 2153 4480 3198 4545; baseline 0.004 -17"><span class='ocrx_word' id='word_1_471' title='bbox 2153 4482 2337 4529; x_wconf 82' lang='lat' dir='ltr'><strong>Verum</strong></span> <span class='ocrx_word' id='word_1_472' title='bbox 2363 4480 2560 4530; x_wconf 69' lang='lat' dir='ltr'><strong>ciconiae</strong></span> <span class='ocrx_word' id='word_1_473' title='bbox 2577 4480 2856 4531; x_wconf 74' lang='lat' dir='ltr'><strong>carissimos</strong></span> <span class='ocrx_word' id='word_1_474' title='bbox 2883 4494 3002 4531; x_wconf 79' lang='lat' dir='ltr'><strong>auos</strong></span> <span class='ocrx_word' id='word_1_475' title='bbox 3019 4481 3198 4545; x_wconf 73' lang='lat' dir='ltr'><strong>pullos</strong></span> 
     </span>
     <span class='ocr_line' id='line_1_91' title="bbox 2153 4567 3038 4631; baseline 0.003 -14"><span class='ocrx_word' id='word_1_476' title='bbox 2153 4567 2508 4619; x_wconf 75' lang='lat' dir='ltr'><strong>abundantibus</strong></span> <span class='ocrx_word' id='word_1_477' title='bbox 2527 4570 2748 4619; x_wconf 83' lang='lat' dir='ltr'><strong>nutriunt</strong></span> <span class='ocrx_word' id='word_1_478' title='bbox 2768 4570 3038 4631; x_wconf 80' lang='lat' dir='ltr'><strong>alimentis,</strong></span> 
     </span>
    </p>
   </div>
   <div class='ocr_carea' id='block_1_29' title="bbox 2071 4657 2796 4721">
    <p class='ocr_par' dir='ltr' id='par_1_42' title="bbox 2071 4657 2796 4721">
     <span class='ocr_line' id='line_1_92' title="bbox 2071 4657 2796 4721; baseline 0.001 -15"><span class='ocrx_word' id='word_1_479' title='bbox 2071 4672 2078 4679; x_wconf 89' lang='lat'><strong>·</strong></span> <span class='ocrx_word' id='word_1_480' title='bbox 2153 4658 2280 4707; x_wconf 84' lang='lat' dir='ltr'><strong>sicut</strong></span> <span class='ocrx_word' id='word_1_481' title='bbox 2301 4658 2464 4708; x_wconf 80' lang='lat' dir='ltr'><strong>ardeae</strong></span> <span class='ocrx_word' id='word_1_482' title='bbox 2488 4660 2539 4709; x_wconf 85' lang='lat' dir='ltr'><strong>et</strong></span> <span class='ocrx_word' id='word_1_483' title='bbox 2563 4657 2796 4721; x_wconf 82' lang='lat' dir='ltr'><strong>peleeani.</strong></span> 
     </span>
    </p>
   </div>
   <div class='ocr_carea' id='block_1_30' title="bbox 2151 4744 3358 5243">
    <p class='ocr_par' dir='ltr' id='par_1_43' title="bbox 2152 4744 3166 4898">
     <span class='ocr_line' id='line_1_93' title="bbox 2153 4744 3166 4823; baseline 0.002 -28"><span class='ocrx_word' id='word_1_484' title='bbox 2153 4744 2398 4796; x_wconf 83' lang='lat' dir='ltr'><strong>carissimi</strong></span> <span class='ocrx_word' id='word_1_485' title='bbox 2417 4750 2576 4796; x_wconf 87' lang='lat' dir='ltr'><strong>autem</strong></span> <span class='ocrx_word' id='word_1_486' title='bbox 2598 4747 2739 4823; x_wconf 54' lang='lat' dir='ltr'><strong>pulli</strong></span> <span class='ocrx_word' id='word_1_487' title='bbox 2763 4750 2984 4809; x_wconf 80' lang='lat' dir='ltr'><strong>parentes</strong></span> <span class='ocrx_word' id='word_1_488' title='bbox 2998 4750 3166 4809; x_wconf 81' lang='lat' dir='ltr'><strong>poetea</strong></span> 
     </span>
     <span class='ocr_line' id='line_1_94' title="bbox 2152 4824 2903 4898; baseline 0.003 -15"><span class='ocrx_word' id='word_1_489' title='bbox 2152 4834 2362 4885; x_wconf 79' lang='lat' dir='ltr'><strong>vicissim</strong></span> <span class='ocrx_word' id='word_1_490' title='bbox 2385 4835 2546 4898; x_wconf 81' lang='lat' dir='ltr'><strong>aiunt,</strong></span> <span class='ocrx_word' id='word_1_491' title='bbox 2567 4839 2623 4884; x_wconf 89' lang='lat' dir='ltr'><strong>ut</strong></span> <span class='ocrx_word' id='word_1_492' title='bbox 2647 4824 2903 4886; x_wconf 74' lang='lat' dir='ltr'><strong>beneficos.</strong></span> 
     </span>
    </p>

    <p class='ocr_par' dir='ltr' id='par_1_44' title="bbox 2151 4923 3358 5175">
     <span class='ocr_line' id='line_1_95' title="bbox 2151 4923 3198 4987; baseline -0.001 -13"><span class='ocrx_word' id='word_1_493' title='bbox 2151 4925 2344 4974; x_wconf 81' lang='lat' dir='ltr'><strong>Victum</strong></span> <span class='ocrx_word' id='word_1_494' title='bbox 2363 4936 2476 4974; x_wconf 79' lang='lat' dir='ltr'><strong>vero</strong></span> <span class='ocrx_word' id='word_1_495' title='bbox 2499 4923 2780 4974; x_wconf 82' lang='lat' dir='ltr'><strong>hesternum</strong></span> <span class='ocrx_word' id='word_1_496' title='bbox 2804 4926 3012 4975; x_wconf 77' lang='lat' dir='ltr'><strong>vomunt</strong></span> <span class='ocrx_word' id='word_1_497' title='bbox 3029 4923 3198 4987; x_wconf 84' lang='lat' dir='ltr'><strong>hodie,</strong></span> 
     </span>
     <span class='ocr_line' id='line_1_96' title="bbox 2153 5012 3358 5075; baseline -0.001 -14"><span class='ocrx_word' id='word_1_498' title='bbox 2153 5026 2332 5063; x_wconf 85' lang='lat' dir='ltr'><strong>novum</strong></span> <span class='ocrx_word' id='word_1_499' title='bbox 2351 5028 2446 5063; x_wconf 87' lang='lat' dir='ltr'>non</span> <span class='ocrx_word' id='word_1_500' title='bbox 2467 5012 2696 5063; x_wconf 76' lang='lat' dir='ltr'><strong>habentes</strong></span> <span class='ocrx_word' id='word_1_501' title='bbox 2709 5049 2723 5074; x_wconf 88' lang='lat'><em>,</em></span> <span class='ocrx_word' id='word_1_502' title='bbox 2745 5012 2784 5063; x_wconf 79' lang='lat' dir='ltr'>si</span> <span class='ocrx_word' id='word_1_503' title='bbox 2809 5012 2876 5062; x_wconf 82' lang='lat' dir='ltr'>ita</span> <span class='ocrx_word' id='word_1_504' title='bbox 2897 5012 3072 5064; x_wconf 82' lang='lat' dir='ltr'><strong>aoeidit</strong></span> <span class='ocrx_word' id='word_1_505' title='bbox 3085 5048 3102 5075; x_wconf 89' lang='lat'><strong>,</strong></span> <span class='ocrx_word' id='word_1_506' title='bbox 3130 5013 3329 5063; x_wconf 82' lang='lat' dir='ltr'><strong>frustum</strong></span> <span class='ocrx_word' id='word_1_507' title='bbox 3341 5025 3358 5073; x_wconf 65' lang='grc' dir='ltr'>ς</span> 
     </span>
     <span class='ocr_line' id='line_1_97' title="bbox 2153 5100 3073 5175; baseline 0.001 -25"><span class='ocrx_word' id='word_1_508' title='bbox 2153 5114 2210 5151; x_wconf 80' lang='lat' dir='ltr'>ac</span> <span class='ocrx_word' id='word_1_509' title='bbox 2235 5100 2493 5175; x_wconf 78' lang='lat' dir='ltr'><strong>secundam</strong></span> <span class='ocrx_word' id='word_1_510' title='bbox 2519 5115 2734 5153; x_wconf 84' lang='lat' dir='ltr'><strong>mensam</strong></span> <span class='ocrx_word' id='word_1_511' title='bbox 2752 5101 3073 5152; x_wconf 77' lang='lat' dir='ltr'><strong>vomitionum</strong></span> 
     </span>
    </p>

    <p class='ocr_par' dir='ltr' id='par_1_45' title="bbox 2155 5189 3109 5243">
     <span class='ocr_line' id='line_1_98' title="bbox 2155 5189 3109 5243; baseline 0.002 -4"><span class='ocrx_word' id='word_1_512' title='bbox 2155 5192 2327 5241; x_wconf 79' lang='lat' dir='ltr'><strong>natura</strong></span> <span class='ocrx_word' id='word_1_513' title='bbox 2341 5190 2436 5241; x_wconf 73' lang='lat' dir='ltr'><strong>iuis</strong></span> <span class='ocrx_word' id='word_1_514' title='bbox 2459 5190 2755 5243; x_wconf 75' lang='lat' dir='ltr'><strong>necessitatis</strong></span> <span class='ocrx_word' id='word_1_515' title='bbox 2777 5202 2926 5242; x_wconf 72' lang='lat' dir='ltr'><strong>causa</strong></span> <span class='ocrx_word' id='word_1_516' title='bbox 2945 5189 3109 5242; x_wconf 71' lang='lat' dir='ltr'><strong>mit.</strong></span> 
     </span>
    </p>
   </div>
   <div class='ocr_carea' id='block_1_31' title="bbox 2816 5350 3052 5367">
    <p class='ocr_par' dir='ltr' id='par_1_46' title="bbox 2816 5350 3052 5367">
     <span class='ocr_line' id='line_1_99' title="bbox 2816 5350 3052 5367; baseline 0 0"><span class='ocrx_word' id='word_1_517' title='bbox 2816 5350 3052 5367; x_wconf 95' lang='lat' dir='ltr'> </span> 
     </span>
    </p>
   </div>
   <div class='ocr_carea' id='block_1_32' title="bbox 3698 3083 3704 3153">
    <p class='ocr_par' dir='ltr' id='par_1_47' title="bbox 3698 3083 3704 3153">
     <span class='ocr_line' id='line_1_100' title="bbox 3698 3083 3704 3153; baseline 0 0"><span class='ocrx_word' id='word_1_518' title='bbox 3698 3083 3704 3153; x_wconf 86' lang='grc' dir='ltr'>Ι</span> 
     </span>
    </p>
   </div>
   <div class='ocr_carea' id='block_1_33' title="bbox 3696 2967 3704 3513">
    <p class='ocr_par' dir='ltr' id='par_1_48' title="bbox 3696 2967 3704 3513">
     <span class='ocr_line' id='line_1_101' title="bbox 3696 2967 3704 3513; baseline 0 0"><span class='ocrx_word' id='word_1_519' title='bbox 3696 2967 3704 3513; x_wconf 95' lang='lat' dir='ltr'> </span> 
     </span>
    </p>
   </div>
   <div class='ocr_carea' id='block_1_34' title="bbox 3693 2967 3705 3755">
    <p class='ocr_par' dir='ltr' id='par_1_49' title="bbox 3693 2967 3705 3755">
     <span class='ocr_line' id='line_1_102' title="bbox 3693 2967 3705 3755; baseline 0 0"><span class='ocrx_word' id='word_1_520' title='bbox 3693 2967 3705 3755; x_wconf 95' lang='lat' dir='ltr'> </span> 
     </span>
    </p>
   </div>
  </div>
 </body>
</html>
