3767 5825
971 406 1293 469 OPPIANI
1333 407 1439 469 DE
1479 405 1926 468 VENATIONE
1965 409 2116 470 LIB.
2163 409 2268 472 lv.
3152 401 3227 486 37

154 555 233 624 Ὡς
254 555 297 616 δ’
322 553 469 615 ὁπότ’
497 552 767 634 ἰχθυόόλοι
788 549 979 634 κύρτου
1006 550 1153 612 δόλον
1182 551 1471 624 ἐστήσαντο
1484 597 1505 632 ,

156 639 451 722 πλεξάμενοι
478 641 698 725 σπάρτῳ
726 639 1073 719 Σαλαμινίδι,
1103 640 1195 699 καὶ
1221 641 1503 722 λαγόνεσσι

154 735 399 794 πώλυπον
426 732 463 805 ἢ
491 734 725 811 κεστρῆα
746 729 875 812 πυρὶ
900 727 1231 811 φλεγέθοντες
1259 729 1449 790 ἔθεντο·

152 823 269 902 ὀδμὴ
296 823 344 882 δ’
368 827 423 890 ἐς
446 824 807 899 πλαταμῶνας
835 823 1079 902 ἀφίκετο,
1106 819 1199 879 καὶ
1221 820 1345 880 ποτὶ
1366 819 1555 903 κύρτον

80 933 139 976 ns
158 915 367 980 ἔλλοπας
390 909 713 988 αὐτομόλους
740 908 1037 988 εἰσήγαγεν,
1064 907 1183 968 οὐδὲ
1206 909 1453 969 δύνανται

156 991 281 1069 αὖτις
309 1002 627 1071 ὑπεκδῦναι,
654 999 822 1060 δεινοῦ
851 997 895 1056 δ’
922 998 1156 1070 ἤντησαν
1188 997 1415 1080 ὀλέθρου·

155 1088 215 1157 ὣς
233 1088 373 1163 κείνη
396 1090 694 1161 σκυλακῆος
722 1084 1016 1167 ἀπόπροθεν
1040 1084 1312 1146 εἰσαΐουσαι

156 1178 335 1259 ἔδραμε
358 1178 453 1238 καὶ
478 1176 643 1258 θόρεν,
666 1175 823 1237 οὔτιν’
851 1174 1143 1254 ὀϊσσαμένη
1166 1177 1319 1236 δόλον
1347 1165 1508 1248 εἶναι,

155 1267 357 1350 γαστέρι
380 1265 665 1344 πειθομένη
694 1263 751 1325 δὲ
776 1264 978 1345 μυχοὺς
1002 1262 1262 1326 ἐπέλασσε
1296 1263 1566 1347 βερέθρου.

80 1377 145 1418 ιω
227 1355 530 1438 Πορδάλιας
553 1353 647 1415 καὶ
673 1355 818 1436 δῶρα
847 1353 1135 1416 Διωνύσοιο
1161 1353 1467 1432 δάμασσαν,

158 1443 441 1528 θηροφόνων
469 1445 693 1524 δολερῶν
723 1441 942 1524 δολερὴν
969 1442 1123 1503 πόσιν
1154 1441 1546 1523 οἰνοχοεύντων,

158 1532 288 1595 οὐδὲν
316 1529 649 1611 ἅλευομένων
674 1529 877 1601 ζαθέοιο
904 1529 1055 1590 κότον
1081 1529 1355 1592 Διονύσου.

158 1623 432 1704 Πορδάλιες
454 1627 546 1682 νῦν
576 1621 671 1698 μὲν
702 1623 874 1702 θηρῶν
898 1617 1071 1700 γένος,
1108 1617 1248 1679 ἀλλὰ
1270 1617 1518 1699 πάροιθεν

160 1714 209 1772 οὗ
234 1716 383 1794 θῆρες
412 1709 693 1792 βλοσυραὶ,
716 1707 955 1792 χαροπαὶ
983 1707 1029 1767 δ’
1058 1707 1303 1767 ἐπέλοντο
1328 1715 1599 1788 γυναῖκες,

86 1821 149 1862 8
166 1799 383 1881 οἰνάδες,
413 1795 723 1882 ὀσχοφόροι,
752 1795 1099 1878 τριετηρίδες,
1128 1795 1500 1877 ἀνθοκάρηνοι,

162 1889 361 1970 Βάκχου
390 1890 695 1972 φοιταλιῆος
721 1885 1077 1967 ἐγερσιχόροιο
1102 1890 1327 1957 τιθῆναι.

162 1979 431 2060 Νηπίαχον
454 1976 557 2059 γὰρ
584 1971 805 2055 Ἴακχον
836 1974 1101 2057 Ἀγηνορὶς
1126 1973 1349 2056 ἔτραφεν
1378 1972 1523 2046 Ἰνὼ,

166 2068 309 2146 μαζὸν
336 2066 626 2150 ὀρεξαμένη
649 2063 1017 2148 πρωτόῤῥυτον
1042 2062 1145 2124 υἱέϊ
1170 2062 1355 2136 Ζηνός·

166 2157 247 2218 σὺν
270 2157 315 2216 δ’
339 2155 429 2238 ἄρ’
461 2159 603 2233 ὁμῶς
630 2154 845 2227 ἀτίτηλε
873 2153 966 2213 καὶ
990 2151 1228 2226 Αὐτονόη
1256 2153 1351 2212 καὶ
1376 2151 1595 2231 Ἀγαύη·

89 2267 153 2306 sto
170 2247 269 2306 ἀλλ’
297 2249 395 2305 οὐκ
420 2247 497 2304 εἶν
526 2242 848 2322 Ἀθάμαντος
875 2245 1219 2324 ἀταρτηροῑσι
1247 2241 1499 2319 δόμοισιν,

166 2333 289 2415 οὔρεϊ
313 2335 393 2407 δ’,
418 2331 477 2392 ὃν
498 2331 619 2392 τότε
646 2332 835 2414 Μηρὸν
862 2329 1153 2403 έπικλήδην
1182 2329 1482 2391 καλέεσκον.

168 2424 315 2496 Ζηνὸς
330 2420 439 2504 γὰρ
468 2419 705 2500 μεγάλην
734 2419 927 2501 ἄλοχον
954 2418 1103 2497 μάλα
1128 2418 1486 2498 δειμαίνουσαι

169 2511 249 2570 καὶ
269 2515 485 2583 Πενθῆα
508 2510 757 2592 τύραννον
788 2509 1089 2592 Ἐχιονίδην
1116 2508 1431 2591 τρομέουσαι
1448 2554 1465 2582 ,

172 2598 387 2679 εἰλατίνῃ
412 2601 569 2680 χηλῷ
594 2600 705 2658 δῖον
729 2596 877 2677 γένος
899 2595 1268 2676 ἐγκατέθεντο,

97 2707 159 2748 sta
176 2686 357 2769 νεὸρίσι
387 2689 433 2748 δ’
462 2686 831 2771 ἀμφεὸάλοντο
858 2685 951 2747 καὶ
972 2684 1261 2768 ἐστέψαντο
1282 2684 1567 2768 κορύμὸοις

173 2779 219 2839 ἓν
244 2775 390 2851 carii,
413 2777 505 2837 καὶ
534 2776 657 2858 περὶ
682 2777 854 2835 παῖδα
880 2775 941 2836 τὸ
974 2775 1227 2852 μυστικὸν
1256 2774 1583 2856 ὠρχήσαντο·

170 2864 402 2945 τύμπανα
426 2868 473 2927 δ’
488 2865 737 2927 ἰκτύπεον
766 2867 859 2926 καὶ
879 2863 1134 2944 κύμὸαλα
1150 2863 1302 2947 χερσὶ
1319 2862 1608 2947 κρόταινον,

173 2956 338 3041 παιδὸς
364 2958 759 3037 κλαυθμυρμῶν
801 2952 1252 3038 προκαλύμματα·
1279 2958 1467 3035 πρῶτα
1498 2953 1607 3013 8⁹3-

1350 3044 1373 3122 [
1414 3066 1553 3103 αινον

174 3134 311 3215 ὄργια
336 3133 623 3215 κευθομένῃ
650 3132 775 3215 περὶ
800 3132 1042 3215 λάρνακι·
1072 3130 1165 3189 σὺν
1195 3132 1241 3189 δ’
1272 3066 1551 3214 ἄραφτῇσιν

98 3240 161 3281 ²5⁰
174 3221 349 3281 Ἀόνιαι
372 3223 545 3306 λάθρη
572 3224 797 3282 τελετῶν
824 3220 1047 3281 ἅπτοντο
1072 3224 1329 3300 γυναῖκες·

174 3312 227 3369 ἐκ
252 3311 293 3369 δ’
316 3311 457 3393 ὄρεος
481 3317 733 3393 πισιῇσιν
762 3307 1123 3391 ἄγερμοσύνην
1158 3308 1399 3391 ἐτάρῃοιν

176 3396 335 3459 ἔντυον
360 3403 535 3459 ἰθῦσαι
564 3398 839 3467 Βοιωτίδος
865 3397 1042 3457 ἔκτοθε
1068 3397 1240 3477 γαίης·

178 3486 325 3563 μέλλε
350 3486 453 3571 γὰρ
468 3532 487 3564 ,
512 3484 621 3562 ἤδη
647 3486 839 3564 μέλλεν
866 3485 1126 3568 ἀνήμερος
1148 3490 1184 3557 ἢ
1221 3484 1345 3567 πρὶν
1376 3486 1531 3543 ἐοῦσα

179 3580 295 3653 γαῖα
323 3576 669 3661 φυτηκομέειν
699 3574 803 3634 ὑπὸ
828 3572 1096 3655 λυσιπόνῳ
1129 3570 1383 3653 Διονύσῳ.

96 3680 159 3723 ⁸⁵
176 3665 353 3737 Χηλὴν
379 3667 425 3725 δ’
455 3664 691 3749 ἀρρήτην
718 3663 853 3745 ἱερὸς
878 3662 1034 3745 χορὸς
1062 3661 1336 3745 ἀείρασαι,

175 3753 487 3837 στεψάμεναι
512 3752 754 3814 νώτοισιν
783 3750 1127 3833 ἐπεστήριξαν
1155 3750 1309 3811 ὄνοιο·

178 3842 399 3925 Εὖρίπω
427 3844 473 3903 δ’
496 3842 678 3903 ἵκανον
704 3844 791 3901 ἐπ’
818 3842 1006 3922 ᾐόνας,
1037 3838 1159 3899 ἔνθα
1187 3838 1403 3919 κίχανον

178 3930 399 4013 κρέσόυν
424 3936 555 4012 ὁμοῦ
574 3930 841 3991 τεκέεσσιν
865 3928 1171 3990 ἇλίπλανον·
1198 3927 1333 4009 ἀμφὶ
1363 3927 1417 3985 δὲ
1441 3934 1609 3984 πᾶσαι

174 4018 385 4101 γριπέας
410 4019 712 4080 ἔλλίσσοντο
742 4018 928 4099 βυθοὺς
953 4016 1195 4077 ἀκάτοισι
1222 4020 1469 4096 περ’ῆσαι·

96 4124 162 4166 m
180 4106 339 4191 αὖτᾶρ
364 4108 443 4189 ὅγ’
472 4108 725 4176 αἰδεσθεὶς
744 4106 889 4189 ἱερὰς
920 4104 1170 4165 ὑπέδεκτο
1192 4108 1457 4185 γυναῖκας.

177 4197 281 4259 Καὶ
308 4196 375 4270 δή
402 4201 450 4258 οῖ
476 4195 671 4279 χλοερὴ
703 4194 803 4275 μὲν
828 4194 1051 4269 ὑπήνθεε
1081 4194 1307 4273 σέλμασι
1339 4190 1526 4271 μίλαξ,

176 4285 415 4368 πρύμνην
442 4287 487 4345 δ’
512 4286 685 4367 ὡραίη
706 4286 756 4344 τ’
780 4282 945 4351 ἔλινος
970 4282 1062 4342 καὶ
1089 4282 1267 4349 κισσὸς
1292 4280 1523 4363 ἔρεπτον·

178 4376 263 4435 καί
284 4400 375 4435 κεν
404 4374 535 4457 ὑπὲρ
558 4374 771 4434 πόντοιο
796 4372 1071 4433 κυ6ίστεον
1097 4372 1391 4442 ἀσπαλιῆες

180 4465 383 4543 δείματι
416 4464 666 4545 δαιμονίῳ
690 4460 1007 4536 πεπτηότες,
1042 4458 1182 4521 ἀλλὰ
1205 4459 1451 4541 πάροιθεν

96 4574 161 4613 scr·
182 4556 229 4622 ἐς
248 4558 409 4635 γαῖαν
438 4552 557 4637 δόρυ
586 4551 761 4613 κέλσε·
788 4550 918 4633 πρὸς
940 4547 1173 4622 Εὗὸοίην
1202 4548 1257 4607 δὲ
1284 4550 1525 4627 γυναῖκες

178 4644 257 4715 ἠδ’
285 4645 371 4702 ἐπ’
401 4640 715 4724 Ἀρισταίοιο
742 4638 855 4699 θεὸν
882 4638 1177 4717 κατάγοντο
1200 4634 1475 4718 φέρουσαι,

180 4730 283 4790 ὅσθ’
305 4728 503 4791 ὕπατον
527 4728 625 4810 μὲν
653 4726 824 4789 ἔναιεν
851 4726 959 4809 ὄρει
982 4724 1257 4809 κεράεσσιν
1282 4727 1373 4781 ὑπ’
1402 4721 1589 4803 ἄντρου
1606 4766 1622 4798 ,

184 4818 343 4899 μυρία
372 4818 423 4878 δ’
449 4818 723 4901 ἀγραῦλων
760 4815 937 4897 βιοτὴν
966 4812 1237 4883 ἐδιδάξατο
1263 4814 1465 4892 φακῶν·

182 4912 383 4991 πρῶτος
409 4906 672 4982 ποιμένιον
700 4904 951 4988 ἱδρύσατο
964 4950 981 4981 ,
1012 4906 1219 4985 πρῶτος
1246 4904 1433 4967 ἐκεῖνος

102 5014 171 5055 270
188 4994 421 5075 καρποὺς
446 4994 687 5078 ἀγριάδος
708 4994 937 5073 λιπαρῆς
963 4990 1167 5072 ἔθλιψεν
1198 4988 1403 5061 ἐλαίης,

186 5086 275 5142 καὶ
284 5079 495 5165 ταμίσῳ
506 5088 713 5165 πρῶτος
723 5080 865 5160 γάλα
876 5079 1081 5153 πήξατο
1094 5124 1109 5152 ,
1124 5076 1217 5137 καὶ
1229 5078 1351 5136 ποτὶ
1373 5073 1628 5154 σίμὸλους

191 5174 249 5230 ἐκ
268 5170 419 5253 δρυὸς
448 5170 619 5251 ἀείρας
647 5169 845 5249 ἅγανᾶις
874 5168 1129 5227 ἐνέκλεισε
1156 5164 1427 5243 μελίσσας.

188 5256 289 5325 Ὃς
314 5256 439 5318 τότε
452 5258 553 5344 ,καὶ
580 5257 827 5319 Διόνυσον
855 5260 925 5337 ἐῷ
950 5255 1181 5335 νεογιλὸν
1210 5255 1301 5311 ὑπ’
1330 5250 1504 5333 ἄντρῳ

1675 559 2098 619 Quemadmodum
2116 566 2276 612 antem
2290 575 2400 612 cum
2414 563 2679 626 piscatores
2697 565 2814 616 retis
2830 565 3002 618 dolum
3021 567 3247 624 statum

1675 663 1850 699 nexum
1875 663 1905 699 e
1926 655 2088 713 sparto
2109 651 2390 714 Salaminio,
2413 657 2463 703 et
2484 652 2787 704 in·lateribus

1676 738 1908 802 polypum
1931 742 2016 789 aut
2047 740 2272 802 mugilem
2301 741 2409 803 igne
2435 741 2705 793 ustulantes
2721 746 2937 808 ponunt3
3011 751 3018 759 ‘

1681 827 1822 877 nidor
1843 833 2008 878 autem
2027 829 2335 893 tid-scopulos
2355 833 2598 894 penetrat,
2615 834 2666 881 et
2687 830 2748 880 ad
2773 844 2968 880 nussam

1682 917 1833 980 pisoes
1850 918 1979 968 ultro
1997 919 2242 970 venientes
2264 919 2436 980 allicit,
2461 932 2618 982 neque
2637 922 2842 982 possunt
2865 919 2952 971 illi

1681 1024 1873 1060 rursum
1903 1025 2218 1075 se-emergere
2231 1049 2247 1076 ,
2269 1012 2354 1062 sed
2374 1012 2512 1064 triste
2533 1011 2751 1063 incidunt
2771 1013 3040 1064 m-exitium
3056 1030 3073 1046 ⁰

1684 1099 1755 1148 sic
1774 1100 1857 1150 illa
1878 1101 2091 1150 catulum
2115 1102 2284 1164 procul
2305 1101 2555 1152 inaudiens

1683 1189 1834 1238 currit
1855 1191 1906 1238 et
1926 1189 2102 1250 insilit,
2124 1190 2310 1238 nullum
2339 1190 2582 1253 suspicata
2601 1189 2768 1240 dolum
2791 1191 3016 1255 subesse;

1685 1279 1841 1327 ventri
1859 1291 1977 1328 vero
1993 1291 2366 1340 morem-gerens
2383 1291 2558 1342 specus
2575 1279 2866 1343 propinquat
2893 1280 3121 1331 barathri.

1748 1367 2015 1418 Panthei-as
2036 1367 2182 1417 etiam
2205 1366 2331 1416 dona
2350 1367 2524 1418 Bacchi
2545 1369 2767 1431 capiunt,

1688 1455 1995 1504 venatoribus
2011 1453 2192 1505 dolosis
2215 1455 2438 1506 dolosum
2456 1461 2626 1519 potum
2647 1455 2986 1518 fundentibus,

1686 1543 1902 1606 nihilque
1920 1544 2245 1594 metuentibus
2267 1543 2420 1594 divini
2438 1543 2809 1606 indignationem
2833 1547 3024 1597 Bacchi.

1688 1633 1941 1684 Panthei-ae
1962 1645 2092 1682 nunc
2113 1632 2309 1696 quidem
2328 1636 2454 1683 sunt
2471 1633 2674 1683 serarum
2695 1646 2863 1696 genus,
2885 1638 2936 1684 at
2954 1634 3070 1684 olim

1687 1734 1787 1770 non
1811 1720 1924 1770 serae
1944 1723 2133 1783 truceS‚
2156 1733 2329 1770 verum
2348 1721 2572 1772 formosas
2593 1723 2729 1772 erant
2749 1721 2939 1772 feminae
2952 1759 2968 1784 ,
2991 1711 2994 1714 ⁴

1694 1809 1950 1860 vinolentae
1967 1847 1982 1871 ‚
2005 1809 2361 1874 pampiniferae,
2383 1810 2662 1874 trietericae,
2685 1810 3054 1876 {lorido-capite,

1690 1898 1867 1949 Bacchi
1892 1899 2182 1961 vagabundi,
2203 1899 2679 1950 choreas-excitantis
2697 1899 2932 1951 nutrices.

1689 1989 1926 2039 Infantem
1949 1989 2078 2039 enim
2095 1989 2335 2039 Bacchum
2357 1989 2585 2052 Agenoris
2610 1989 2730 2040 aluit
2747 1991 2862 2052 Ino,

1692 2089 1954 2126 mammam
1977 2076 2510 2141 praebens-primum
2530 2076 2628 2128 filio
2648 2079 2812 2140 Jovis5

1694 2179 1789 2215 una
1810 2179 1927 2216 vero
1949 2165 2336 2216 simuleducavit
2357 2179 2477 2216 eum
2497 2170 2547 2216 et
2568 2172 2786 2217 Autonoe
2806 2171 2856 2217 et
2877 2173 3064 2230 Agave3

1692 2259 1742 2304 at
1763 2255 1929 2304 nonin
1946 2253 2245 2305 Athamantis
2262 2253 2540 2306 crudelibus
2558 2253 2770 2316 aedibus,

1692 2356 1863 2392 verum
1889 2343 2121 2394 in·monte
2134 2381 2149 2404 ,
2168 2356 2313 2407 quem
2335 2343 2582 2406 quondam
2600 2347 2768 2394 Meron
2786 2346 3102 2406 cognomento
3124 2359 3257 2395 voca-

1694 2431 1848 2495 bant.]
1871 2433 2007 2482 Jovis
2029 2432 2157 2482 enim
2180 2433 2424 2496 potentem
2447 2445 2651 2483 uxorem
2669 2420 2810 2483 valde
2827 2434 3096 2486 metuentes

1694 2523 1747 2571 et
1764 2521 2034 2571 Pentheum
2059 2527 2318 2586 tyrannum
2339 2520 2654 2573 Echionidem
2674 2521 2922 2572 horrentes
2937 2559 2954 2586 ,

1696 2611 1895 2672 abiegna
1917 2610 2109 2660 in·cista
2129 2610 2347 2660 divinum
2369 2624 2521 2673 genus
2537 2613 2881 2674 reposuerunt,

1696 2698 2000 2762 pellibusque
2017 2698 2276 2748 induerunt
2298 2703 2350 2748 et
2365 2697 2788 2748 circumdederunt
2805 2697 3006 2748 racemis

1698 2788 1746 2837 in
1768 2800 1916 2852 specu
1933 2823 1948 2849 ,
1968 2791 2018 2837 et
2041 2787 2225 2837 circum
2251 2799 2457 2850 puerum
2476 2787 2736 2848 mysticam
2759 2786 3266 2848 choream-agitaruut,

1697 2877 2023 2941 tympanaque
2043 2875 2324 2940 pulsarunt,
2349 2879 2399 2925 et
2421 2873 2639 2939 cymbala
2657 2875 2879 2925 manibus
2899 2874 3264 2939 increpuerunt,

1700 2965 1835 3029 pueri
1852 2966 2124 3029 ploratuum
2141 2966 2442 3027 tegumenta3
2465 2964 2622 3028 prima
2638 2968 2801 3014 autem
2821 2963 3143 3015 exhibuerunt

1700 3134 1829 3196 orgia
1847 3132 2086 3183 occultam
2107 3132 2291 3182 circum
2312 3144 2470 3181 arcam
2483 3166 2498 3193 ,
2524 3144 2732 3195 cumque
2754 3130 2832 3181 his
2853 3144 2968 3182 sane

1702 3222 1928 3273 Boeoticoe
1949 3222 2074 3271 clam
2091 3220 2323 3285 mysteria
2344 3219 2647 3283 attingebant
2669 3220 2884 3282 feminoe3

1702 3311 1763 3362 de
1781 3314 1944 3361 monte
1961 3317 2119 3361 autem
2137 3308 2494 3361 cum-fidelibus
2512 3310 2693 3359 aetium
2710 3308 2853 3358 sociis

1702 3399 2038 3459 instituerunt,
2055 3402 2302 3449 currentes
2324 3400 2460 3447 extra
2483 3396 2718 3449 Boeotiam
2735 3398 2942 3457 terram3

1704 3488 1797 3537 suit
1806 3488 1950 3549 enim,
1969 3486 2066 3550 iam
2101 3485 2222 3550 fuit,
2241 3498 2354 3549 quae
2376 3484 2741 3549 expers-vitium
2758 3488 2896 3542 antea
2914 3485 3017 3533 erat
3029 3520 3044 3545 ,

1702 3581 1852 3637 terra,
1878 3573 2311 3638 vites-productura
2335 3574 2428 3624 sub
2465 3573 2843 3625 solvente-curas
2863 3572 3064 3623 Baccho.

1702 3670 1872 3715 Arcam
1897 3677 2038 3727 porro
2059 3676 2280 3717 arcanam
2299 3676 2434 3713 sacer
2451 3662 2628 3713 chorus
2649 3660 2910 3726 sublatam,

1704 3758 1980 3803 coronatam
1999 3753 2142 3815 tergis
2159 3753 2491 3815 imposuerunt
2511 3751 2662 3812 asini,

1705 3842 1968 3905 Euripique
1991 3845 2226 3893 venerunt
2249 3840 2308 3889 ad
2328 3839 2490 3889 littora
2505 3876 2520 3901 ,
2543 3838 2628 3889 ubi
2649 3837 2954 3888 offenderunt

1707 3942 1871 3979 senem
1883 3941 1996 3978 cum
2011 3928 2176 3979 liberis
2195 3928 2512 3989 marivagum3
2524 3926 2704 3975 circum
2714 3938 2828 3974 vero
2842 3922 3277 3984 omnesfflacchoe)

1706 4008 1968 4082 piscatores
1990 4019 2235 4080 rogarunt,
2256 4016 2564 4077 ut-gurgitem
2588 4013 2793 4062 navibus
2811 4011 3109 4073 traiicerent;

1708 4108 1761 4157 at
1782 4106 1860 4156 ille
1883 4106 2077 4169 (senex)
2099 4105 2338 4155 reveritus
2355 4116 2514 4153 sacras
2535 4101 2730 4163 excepit
2750 4100 2971 4150 seminas.

1710 4198 1773 4246 Et
1796 4208 1912 4245 sane
1935 4194 2028 4256 ipsi
2041 4192 2209 4243 viridis
2224 4192 2420 4255 quidem
2445 4188 2772 4241 efflorescebat
2793 4188 3085 4239 in·transtris
3105 4192 3246 4238 taxus
3261 4222 3278 4249 ,

1712 4283 1911 4347 puppim
1934 4295 2050 4331 vero
2071 4284 2258 4331 matura
2281 4280 2394 4330 vitis
2421 4281 2470 4329 et
2487 4278 2664 4329 hedera
2686 4275 3018 4342 implicabant3

1710 4371 1831 4423 etin
1850 4384 1981 4421 mare
2012 4369 2303 4419 desiliissent
2325 4368 2613 4432 piscatores,

1710 4464 1896 4510 terrore
1916 4458 2084 4509 divino
2108 4458 2340 4522 perculsi,
2365 4456 2450 4507 sed
2475 4457 2608 4520 prius

1712 4549 1773 4599 ad
1797 4550 1976 4599 terram
1993 4560 2166 4597 navem
2193 4547 2403 4610 appulit;
2429 4545 2478 4593 in
2493 4544 2726 4594 Euboeam
2751 4555 2866 4592 vero
2889 4540 3079 4591 feminae

1652 4678 1657 4681 .
1712 4644 1861 4702 atque
1877 4636 2067 4687 Aristaei
2088 4635 2296 4685 domum
2314 4638 2468 4683 Deum
2495 4631 2799 4683 deducebant
2820 4630 3050 4690 serentes,

1713 4727 1796 4789 qui
1811 4737 2094 4789 supremum
2105 4723 2300 4787 quidem
2311 4721 2547 4773 incolebat
2555 4723 2784 4779 montem,
2798 4717 2890 4767 sub
2898 4715 3122 4767 cornibus
3129 4714 3252 4765 antri
3264 4748 3280 4775 ,

1716 4813 1901 4864 infinita
1919 4818 2082 4863 autem
2104 4812 2363 4874 agrestium
2387 4810 2533 4859 vitam
2551 4807 2717 4859 docuit
2737 4807 2952 4857 virorum
2973 4819 2988 4855 :
3101 4836 3108 4845 -

1716 4902 1900 4967 primus
1923 4901 2319 4964 rem-pecuariam
2341 4896 2636 4957 informavit,
2659 4896 2844 4959 primus
2865 4894 2944 4943 ille

1719 4992 1908 5041 fructus
1927 4990 2151 5052 agrestiS,
2175 4987 2366 5051 pinguis
2383 4984 2618 5049 expressit
2631 4982 2799 5043 olivoe,

1718 5083 1769 5131 et
1788 5079 1988 5141 coagulo
2011 5079 2195 5142 primus
2217 5076 2292 5127 lac
2313 5073 2568 5137 compegit,
2587 5076 2639 5121 et
2655 5071 2704 5121 in
2727 5068 2934 5120 alvearia

1725 5170 1788 5219 de
1809 5182 1991 5231 quercu
2013 5170 2228 5217 exemtas
2250 5163 2412 5213 dulces
2439 5158 2632 5211 inclusit
2653 5171 2784 5223 apes.

1723 5258 1817 5315 Qui
1836 5260 1954 5306 tunc
1972 5266 2166 5318 quoque
2187 5251 2429 5303 Bacchum
2446 5254 2664 5300 tenerum
2687 5258 2778 5296 suo
2797 5242 2885 5295 suh
2911 5240 3049 5289 antro
