3767 5825
678 626 729 667 Π
1866 604 2296 667 PRAEFATIO.

770 742 877 811 De
918 736 1396 835 inscriptione
1431 736 1655 835 hujus
1709 736 2092 834 fragmenti
2125 763 2347 838 quam
2389 741 2740 814 exhibent
2790 769 2982 817 cum.
3041 747 3260 821 codd.
3295 755 3463 824 Pari-

676 864 979 953 sienseS,
1022 877 1179 933 tum
1236 860 1731 959 apographum
1771 860 2196 935 Gudianum
2244 863 2406 936 cod.
2455 839 2763 939 Medicei
2809 894 2849 941 a
2890 870 3217 945 Fabricio
3247 874 3275 969 (
3305 878 3464 949 Bibl.

675 991 896 1060 Graec.
937 986 1055 1059 ed.
1092 1002 1234 1059 vet.
1275 1002 1327 1059 t.
1360 990 1419 1078 I,
1461 1012 1534 1086 p.
1578 991 1662 1075 14
1698 986 1912 1085 sqq.)
1941 1011 2347 1081 excussum,
2377 998 2740 1089 Μαρκέλλου
2768 990 3045 1073 Σιδῆτου
3083 1002 3310 1097 σχόλια
3339 1009 3468 1075 χεῖ.

672 1144 847 1211 ρωνος
877 1117 1018 1211 περὶ
1056 1116 1276 1212 ἰχθύων
1302 1116 1379 1184 τὸ
1415 1126 1657 1211 πρῶτον
1693 1108 1803 1183 διὰ
1820 1116 2056 1211 στίχων
2075 1124 2351 1213 ἡρωϊκῶν
2373 1120 2635 1216 ἰατρικά,
2673 1118 2956 1192 erudite
2986 1121 3468 1221 disseruerunt

669 1237 1067 1313 Schneider
1116 1238 1256 1337 (in
1312 1263 1442 1309 sua
1482 1237 1794 1310 Marcelli
1845 1237 2170 1311 editione
2219 1240 2314 1313 ad
2361 1240 2632 1313 calcem
2687 1243 3052 1318 Plutarchi
3103 1246 3198 1321 de
3237 1249 3468 1324 liberis

670 1362 1069 1469 educandis
1103 1364 1550 1460 Argentorati
1603 1359 1812 1461 1775.
1850 1362 1926 1434 8⁰
1958 1389 2032 1462 p.
2070 1390 2161 1463 92
2193 1363 2222 1458 )
2263 1376 2335 1434 et
2376 1361 2570 1435 doct.
2601 1364 2836 1437 Miller
2881 1367 2987 1463 (l.
3019 1368 3070 1439 l.
3105 1375 3468 1467 septembre

668 1515 739 1589 p.
766 1487 907 1590 569
928 1492 980 1572 λ
1010 1492 1345 1562 Lectores
1372 1488 1665 1561 tandem
1686 1488 1906 1561 latere
1933 1487 2131 1576 nolo,
2163 1487 2463 1559 titulum
2487 1488 2617 1584 qui
2651 1488 2728 1559 in
2761 1488 2976 1562 editis
3008 1491 3200 1565 inter
3229 1521 3365 1567 vss.
3387 1498 3470 1585 46

667 1632 737 1687 et
752 1620 843 1714 47
883 1615 1145 1712 legitur
1180 1615 1257 1686 in
1289 1614 1559 1686 nostris
1583 1612 1799 1686 codd.
1838 1612 2124 1703 deesse,
2161 1613 2330 1684 loco
2357 1635 2532 1683 vero
2565 1611 2856 1685 alterius
2895 1616 3090 1688 inter
3117 1643 3256 1691 vss.
3286 1620 3376 1708 43
3407 1640 3469 1693 et

667 1744 760 1829 44
787 1738 1222 1814 inveniundi
1260 1737 1476 1811 codd.
1518 1739 1952 1810 Parisienses
1981 1736 2324 1809 exhibere
2352 1738 2494 1833 περὶ
2533 1739 2790 1835 τρίγλης
2824 1741 3039 1822 θέσεως
3079 1741 3239 1838 (ἐπὶ)
3269 1744 3469 1843 &¹209oe-

665 1896 767 1949 κος
791 1868 895 1936 καὶ
932 1877 1173 1963 πληγῆς
1200 1866 1527 1936 θαλασσίου
1544 1860 1895 1962 δράκοντος.

761 1988 979 2077 Quod
1010 1987 1102 2060 ad
1134 1987 1363 2060 libros
1410 1986 1503 2059 de
1541 1988 1794 2060 avibus
1829 1990 2124 2080 attinet,
2176 1990 2234 2060 si
2278 1986 2601 2087 praefatio
2644 2013 2900 2061 eorum
2955 2016 3125 2063 cum
3167 1994 3466 2068 clausula

666 2116 797 2189 lib.
842 2117 949 2186 111
990 2112 1425 2204 conferatur,
1472 2113 1727 2213 procul
1775 2114 1981 2185 omni
2024 2111 2255 2185 dubio
2275 2112 2656 2185 ³affirmare
2701 2113 2870 2187 licet
2913 2141 3202 2190 carmen
3223 2174 3242 2210 ,
3282 2123 3466 2220 quod

666 2242 741 2311 in
786 2237 1195 2338 pedestrem
1272 2240 1691 2322 orationem,
1725 2238 1817 2311 ab
1869 2240 2122 2335 ignoto
2165 2237 2488 2336 quodam
2543 2240 3012 2336 grammatico
3058 2242 3468 2317 traductum

665 2364 1115 2454 exhibemuS,
1142 2388 1297 2435 non
1320 2364 1764 2462 Oppianum,
1791 2388 2047 2435 verum
2074 2364 2508 2461 Dionysium
2551 2363 2920 2463 quendam
2957 2366 3304 2442 habuisse
3350 2396 3466 2442 au·

660 2506 959 2562 ctorem.
1000 2489 1164 2561 Fuit
1204 2502 1448 2561 autem
1477 2487 1685 2561 hicce
1725 2487 2120 2586 Dionysius
2139 2540 2158 2579 ,
2191 2489 2252 2560 si
2281 2487 2658 2560 Eustathio
2687 2491 2961 2589 (Epist.
2999 2491 3094 2563 ad
3123 2496 3464 2567 Joannem

659 2592 939 2687 Ducam
970 2618 1385 2687 Comment.
1411 2614 1486 2684 in
1518 2614 1950 2711 Dionysium
1985 2614 2420 2711 Periegetem
2455 2614 2824 2713 praemissa
2849 2641 3102 2689 versus
3117 2616 3246 2691 fin.
3279 2622 3306 2718 )
3334 2646 3468 2693 cre·

661 2737 1594 2837 damuS,Philadelphensis
1614 2793 1633 2823 ,
1665 2740 1778 2810 vir
1797 2737 2096 2811 aliunde
2109 2737 2328 2837 plane
2355 2737 2813 2834 incognitus;
2857 2761 3027 2811 nam
3064 2756 3260 2813 recte
3281 2740 3464 2813 doct.

658 2866 889 2938 Miller
918 2866 1014 2963 (l.
1051 2866 1098 2938 l.
1128 2868 1348 2953 Αοιῖτ,
1382 2890 1455 2964 p.
1482 2862 1673 2960 483)
1703 2864 2015 2964 explosit
2042 2862 2535 2974 conjecturam
2561 2860 2866 2936 Fabricii
2903 2866 2998 2962 (t.
3031 2868 3122 2955 Π,
3151 2890 3226 2965 p.
3263 2867 3468 2962 800),

657 2992 883 3065 verbo
920 2987 1333 3090 Φιλαδελφέα
1375 2991 1497 3063 hic
1548 2989 1910 3088 designari
1947 2989 2380 3087 Dionysium
2401 3042 2422 3078 ,
2463 3013 2683 3087 quem
2729 3014 2771 3061 a
2811 2989 3199 3063 Ptolemaeo
3237 2993 3466 3065 Phila-

657 3117 930 3217 delpho
957 3119 1033 3189 in
1062 3116 1342 3189 Indiam
1366 3117 1672 3189 missum
1706 3141 1887 3207 esse,
1912 3114 2130 3188 refert
2165 3113 2446 3187 Plinius
2475 3116 2636 3212 (VI,
2667 3139 2749 3212 ¹7
2781 3119 2830 3210 ).
2855 3120 3215 3190 Accurato
3233 3135 3466 3192 autem

656 3243 969 3314 examini
1001 3241 1368 3314 submisso
1404 3241 1571 3314 cod.
1603 3241 2016 3332 Parisiensi,
2045 3241 2313 3313 certior
2336 3239 2567 3312 factus
2595 3265 2782 3326 sum,
2814 3265 2982 3312 eum
3009 3258 3272 3340 praeter
3305 3270 3466 3342 sup·

653 3367 1023 3465 plementa
1076 3366 1350 3465 ubique
1404 3365 1549 3439 fere
1597 3367 2059 3467 suppeditare
2115 3366 2464 3438 lectiones
2529 3366 2902 3437 contextui
2953 3367 3466 3467 Windingiano

653 3490 766 3562 vel
805 3488 1376 3561 Schneider-iano
1425 3489 1639 3587 longe
1695 3489 2285 3589 anteponendaS,
2349 3491 2622 3590 quibus
2667 3516 2933 3564 novam
2974 3491 3169 3566 hanc
3217 3494 3467 3566 e'ditio-

653 3641 827 3689 nem
862 3638 1213 3687 exornare
1236 3638 1388 3685 non
1411 3612 1775 3705 dubitavi3
1798 3612 2205 3686 dolendum
2239 3617 2457 3714 igitur
2485 3641 2706 3715 quam
2727 3617 3038 3688 maxime
3065 3616 3276 3692 hunc
3307 3618 3462 3692 cod.

653 3742 730 3813 in
763 3739 1007 3813 medio
1036 3738 1266 3838 capite
1299 3738 1427 3812 lib.
1455 3743 1517 3811 11
1566 3738 1826 3810 ultimo
1856 3764 2037 3812 voce
2078 3748 2445 3841 γλυκύτερον
2483 3740 2900 3814 subsistere.
2938 3745 3094 3814 Jam
3140 3745 3464 3816 monitos

655 3892 811 3940 esse
826 3866 994 3938 volo
1014 3866 1346 3955 lectoreS,
1373 3889 1490 3936 me
1517 3863 1752 3936 tribus
1778 3879 1902 3936 tan
1913 3881 2066 3936 tum
2093 3867 2170 3938 in
2191 3867 2372 3940 locis
2405 3867 2843 3962 conjecturae
2873 3891 3014 3965 ope
3037 3868 3464 3966 Dionysium

656 4008 989 4065 nostrum
1005 3989 1393 4064 emendare
1412 4005 1755 4063 conatum
1790 4015 1985 4062 esse:
2017 3997 2080 4062 1⁰
2101 3993 2380 4090 primus
2411 3992 2784 4064 invenitur
2801 4017 2956 4090 cap.
2977 3992 3094 4082 23,
3121 3992 3254 4067 lib.
3286 3998 3321 4065 Ι
3344 3993 3466 4084 ubi

653 4118 790 4214 legi
833 4111 1167 4214 Θηλυδριῶν
1228 4117 1566 4214 βακχευταί
1580 4168 1599 4206 ,
1651 4113 1819 4185 cod.
1894 4115 2284 4188 exhibente
2348 4111 2667 4215 θηλυδρίαι
2736 4122 3089 4214 βακχεύειν·
3130 4133 3464 4215 praeterea

650 4242 835 4314 duce
871 4240 1147 4313 Millero
1188 4240 1293 4336 (l.
1356 4240 1401 4311 l.
1443 4265 1512 4338 p.
1576 4237 1716 4328 485
1754 4245 1781 4336 )
1818 4265 1954 4338 pro
1997 4251 2286 4324 τελευτῆς
2331 4243 2378 4312 l.
2418 4253 2692 4325 τελετῆς.
2729 4249 2802 4313 2⁰
2843 4241 3006 4313 Lib.
3051 4245 3118 4332 I,
3160 4267 3324 4341 cap.
3379 4268 3464 4340 29

648 4367 785 4463 legi
818 4363 1161 4452 ζηλευθείη,
1199 4364 1329 4437 ubi
1354 4364 1517 4437 cod.
1546 4364 1773 4437 habet
1807 4363 2174 4447 ζηλώσειεν.
2217 4366 2287 4438 3⁰
2307 4368 2464 4441 Lib.
2493 4373 2583 4460 11,
2615 4393 2773 4467 cap.
2815 4394 2898 4466 17
2935 4367 3072 4465 legi
3105 4369 3461 4454 ἐξεώσασαι,

652 4491 779 4564 ubi
818 4516 986 4563 cum
1042 4489 1234 4578 cod.,
1290 4506 1447 4561 tum
1485 4489 1679 4562 edita
1715 4490 2184 4589 suppeditant
2231 4495 2506 4580 ἐξεῶσαι.
2562 4494 2905 4567 Libenter
2959 4493 3178 4564 etiam
3233 4493 3362 4565 lib.
3416 4497 3460 4586 l,

646 4641 805 4715 cap.
838 4617 932 4689 28
967 4641 1103 4714 pro
1139 4611 1641 4714 διατεταγμένοις
1671 4614 2004 4713 legissem
2037 4613 2534 4717 διατεταμένως,
2560 4621 2662 4692 ita
2694 4635 2780 4691 ut
2807 4618 2949 4690 hoc
2994 4617 3458 4715 participium

651 4768 799 4815 non
831 4740 924 4814 ad
954 4742 1207 4813 oculos
1241 4743 1316 4813 in
1351 4741 1581 4813 cauda
1608 4742 1914 4839 pavonis
1936 4740 2207 4838 pietOS,
2241 4742 2370 4815 sed
2401 4743 2494 4815 ad
2511 4768 2720 4815 veros
2757 4740 2982 4836 hujus
3012 4739 3168 4810 avis
3203 4739 3458 4810 oculos

647 4872 1023 4961 reseratum
1057 4871 1160 4942 sic
1188 4870 1404 4942 etiam
1449 4867 1565 4940 vel
1626 4869 1879 4966 legisse
1933 4869 2048 4942 vel
2091 4869 2518 4943 emendasse
2575 4866 2863 4939 videtur
2897 4867 3298 4952 Gesnerus,
3331 4864 3456 4935 ubi

643 4999 859 5070 vertit
894 4995 1116 5072 oculis
1161 4997 1493 5068 lustrans.
1530 4997 1778 5068 inveni
1808 5013 2149 5094 praeterea
2184 4997 2261 5069 in
2302 5009 2556 5068 nostro
2585 4992 2752 5066 cod.
2795 4989 3152 5068 lectiones
3181 4985 3460 5086 aliquas
