3767 5825
1415 389 1656 449 ARATI
1695 386 2217 448 PEAENOMRNA.
3387 392 3419 441 7

138 548 206 587 ³1⁵
229 524 406 590 νυκτὸς
435 520 819 603 ἀπερχομένης·
841 519 936 578 καί
971 541 1060 593 μιν
1084 516 1358 578 καλέουσιν
1391 518 1626 589 Ἀητόν.

306 617 350 672 Δ
365 612 480 692 ελφ
495 612 514 667 “ι
531 636 554 678 ς
582 610 627 667 δ’
650 612 708 669 οὗ
733 608 878 683 μάλα
905 606 1096 673 πολλὸς
1124 605 1383 686 ἐπιτρέχει
1413 608 1693 686 Αἷγοκερῇϊ

231 698 476 774 μεσσόθεν
505 696 728 777 ἠερόεις·
758 695 824 754 τὰ
853 694 912 752 δέ
937 698 986 752 οἱ
1015 693 1136 773 περὶ
1163 690 1394 772 τέσσαρα
1421 701 1586 751 κεῖται

227 791 417 865 γλήνεα
432 832 450 863 ,
477 783 814 866 παρὸολάδην
833 782 930 841 δύο
951 781 1058 860 πὰρ
1087 780 1176 839 δύο
1197 784 1500 850 πεπτηῶτα.

308 876 416 935 Καὶ
438 873 506 933 τὰ
527 872 620 950 μὲν
643 863 729 931 οὗν
757 870 922 951 βορέω
941 869 1033 929 καὶ
1057 868 1270 939 ἀλήσιος
1289 868 1486 939 ἠελίοιο

131 990 206 1029 320
232 960 492 1041 μεσσηγὺς
513 960 730 1039 κέχυται
744 982 758 995 ·
781 958 850 1017 τὰ
879 956 932 1031 δὲ
956 956 1111 1016 νειόθι
1132 955 1372 1015 τέλλεται
1395 954 1532 1013 ἄλλα

227 1049 400 1109 πολλὰ
429 1047 620 1125 μεταξὺ
643 1045 808 1105 νότοιο
835 1046 926 1104 καὶ
947 1044 1140 1115 ἠελίοιο
1165 1043 1426 1101 κελεύθου.

310 1134 467 1204 Λοξὸς
497 1134 589 1210 μὲν
622 1132 852 1213 Ταύροιο
874 1135 1009 1208 τομῇ
1033 1130 1370 1189 ὖποκέκλιται
1399 1127 1550 1193 αὐτὸς

231 1216 308 1275 Ὠ
322 1238 351 1295 ρ
369 1214 384 1272 ί
399 1238 502 1273 ων.
533 1212 624 1283 Μὴ
653 1220 819 1271 κεῖνον
843 1208 948 1277 ἅτις
969 1214 1173 1288 καθαρῇ
1195 1209 1270 1267 ἐνὶ
1291 1206 1436 1265 νυκτὶ

229 1307 359 1383 ὑψοῦ
385 1305 670 1371 πεπτηῶτα
694 1298 1016 1377 παρέρχεται
1033 1340 1050 1373 ,
1081 1296 1217 1353 ἄλλα
1237 1295 1484 1354 πεποίθοι.

127 1425 202 1463 ³⁴2⁶
229 1389 444 1472 οὐρανὸν
473 1386 744 1447 εἰσανιδὼν
772 1384 1160 1465 προφερέστερα
1187 1382 1499 1455 θηήσασθαι.

308 1476 459 1543 Τοῖός
482 1479 529 1535 ot
549 1475 638 1533 καὶ
657 1472 872 1554 φρουρὸς
892 1470 1178 1553 ἀειρομένῳ
1199 1471 1299 1528 ὑπὸ
1321 1469 1466 1551 νώτῳ

227 1567 468 1647 φαίνεται
497 1562 834 1644 ἀμφοτέροισι
861 1558 1043 1619 Κύων
1067 1558 1154 1617 ἐπὶ
1180 1558 1338 1616 ποσσὶ
1368 1556 1628 1635 βεὸηκώς,

228 1654 488 1725 ποικίλος,
515 1654 574 1711 οὗ
605 1651 698 1727 μὲν
721 1646 894 1706 πάντα
922 1645 1277 1728 πεφασμένος·
1298 1645 1434 1703 ἀλλὰ
1454 1646 1568 1704 κατ’
1588 1642 1748 1715 αὐτὴν

227 1740 464 1820 γαστέρα
485 1738 695 1803 κυάνεος
721 1734 1110 1816 περιτέλλεται,
1133 1738 1166 1804 ἡ
1191 1732 1248 1791 δέ
1273 1736 1319 1791 οἱ
1341 1732 1476 1814 ἄκρη

121 1854 202 1893 ³³0
229 1828 413 1909 ἀστέρι
439 1826 689 1905 βέόληται
712 1826 850 1895 δεινὴ
871 1821 1044 1899 γένυς,
1072 1820 1126 1887 ὅς
1149 1825 1214 1901 ῥα
1245 1821 1475 1897 μάλιστα

225 1916 351 1985 ὀξέα
380 1915 620 1995 σειριάει·
649 1912 740 1971 καί
769 1936 857 1989 μιν
885 1908 1124 1969 καλέουσ’
1149 1910 1411 1990 ἄνθρωποι

228 2004 528 2083 Σείριον.
564 2002 736 2061 οὐκέτι
762 2000 927 2059 κεῖνον
953 1998 1048 2076 ἅμ’
1077 1998 1238 2081 ἠελίῳ
1269 1996 1474 2058 ἀνιόντα

225 2090 480 2173 φυταλιαὶ
501 2089 775 2171 ψεύδονται
797 2087 1024 2153 ἀναλδέα
1049 2086 1368 2168 φυλλιόωσαι
1383 2110 1396 2123 ·

228 2185 346 2261 ῥεῖα
369 2179 471 2260 γὰρ
498 2170 584 2237 οὖν
614 2178 780 2259 ἔκρινε
805 2175 890 2233 διὰ
914 2174 1101 2255 στίχας
1127 2174 1240 2243 ὀξὺς
1264 2174 1436 2247 ἀΐξας,

113 2293 200 2332 3³1»
223 2266 320 2327 καὶ
342 2268 409 2325 τὰ
434 2268 527 2344 μὲν
553 2264 796 2345 ἔρρωσεν,
825 2268 927 2323 τῶν
952 2261 1008 2321 δὲ
1031 2260 1188 2341 φλόον
1211 2261 1374 2321 ὤλεσε
1396 2262 1588 2319 πάντα.

221 2354 398 2415 κείνου
421 2353 514 2411 καὶ
537 2351 799 2416 κατιόντος
821 2347 1096 2423 ἀκούομεν·
1124 2351 1172 2407 οἱ
1194 2351 1248 2406 δὲ
1271 2348 1334 2419 δὴ
1367 2348 1516 2406 ἄλλοι

225 2445 362 2520 σῆμ’
389 2442 568 2519 ἔμεναι
596 2439 865 2515 μελέεσσιν
887 2436 1222 2518 ἐλαφρότεροι
1243 2436 1580 2517 περίκεινται.

311 2530 514 2591 Ποσσὶν
537 2530 580 2587 δ’
608 2527 859 2607 Ὠρίωνος
885 2528 975 2584 ὑπ’
1009 2526 1344 2607 ἀμφοτέροισι
1371 2530 1420 2585 Λ
1436 2548 1468 2582 α
1484 2524 1644 2601 γωὸς

222 2617 451 2695 ἐμμενὲς
476 2616 660 2693 ἤματα
682 2614 856 2673 πάντα
885 2612 1156 2671 διώκεται·
1182 2614 1348 2691 αὐτὰρ
1376 2612 1453 2691 ὅγ’
1484 2612 1585 2670 αἰεὶ

104 2728 192 2767 :uo
225 2705 440 2787 Σείριος
467 2702 694 2771 ἐξόπιθεν
723 2699 934 2783 φέρεται
962 2699 1188 2777 μετιόντι
1218 2698 1430 2773 ἐοικώς,

219 2794 321 2853 καί
345 2795 394 2851 οἱ
415 2790 718 2850 ’ἐπαντέλλει
734 2833 750 2861 ,
779 2787 869 2848 καί
897 2810 986 2864 μιν
1013 2786 1260 2846 κατιόντα
1285 2786 1501 2845 δοκεύει.

315 2878 387 2940 Ἡ
397 2877 467 2938 δὲ
495 2880 663 2944 Κυνὸς
693 2876 942 2954 μεγάλοιο
968 2878 1085 2935 κατ’
1111 2874 1265 2956 οὐρὴν
1288 2875 1495 2934 ἕλκεται
1517 2872 1718 2954 Ἀργὼ

219 2968 551 3049 πρυμνόθεν·
579 2968 638 3024 οὗ
659 2963 762 3045 γὰρ
783 2969 906 3041 τῇγε
937 2961 1072 3022 κατὰ
1099 2963 1250 3043 χρέος
1279 2963 1376 3022 εἰσὶ
1399 2963 1660 3036 κέλευθοι,

221 3055 352 3114 ἀλλ’
373 3055 546 3113 ὄπιθεν
572 3053 782 3134 φέρεται
809 3050 1140 3132 τετραμμένη
1155 3097 1172 3122 ,
1197 3042 1281 3110 οἶα
1305 3050 1395 3109 καὶ
1425 3049 1580 3109 αὐταὶ

99 3170 188 3208 :305
221 3149 381 3216 νῆες,
399 3141 475 3201 ὅτ’
493 3141 595 3213 ἤδη
615 3145 801 3199 ναῦται
820 3139 1170 3219 ἕπιστρέψωσι
1193 3137 1422 3219 κορώνην

217 3231 396 3312 ὅρμον
421 3227 780 3308 εἰσερχόμενοι·
806 3227 902 3298 τὴν
927 3227 970 3285 δ’
1000 3228 1188 3286 αὐτίκα
1207 3236 1309 3294 πᾶς
1335 3225 1614 3286 ἀνακόπτει

215 3323 336 3388 νῆα
349 3361 368 3388 ,
398 3315 707 3397 παλιρροθίη
728 3313 783 3373 δὶ
802 3312 1125 3373 καθάπτεται
1142 3314 1400 3394 ἠπείροιο·

219 3405 308 3470 ὣς
339 3401 438 3476 ἥγε
462 3399 762 3484 πρύμνηθεν
786 3400 1005 3471 Ἰησονὶς
1033 3401 1240 3459 ἕλκεται
1265 3401 1446 3483 Ἀργώ.

215 3489 328 3550 καὶ
353 3487 420 3546 τὰ
445 3485 539 3564 μὲν
562 3486 714 3568 ἠερίη
733 3486 826 3544 καὶ
845 3486 1123 3568 ἀνάστερος
1150 3487 1273 3568 ἄχρι
1296 3491 1423 3566 παρ’
1448 3485 1600 3544 αὐτὸν

85 3605 180 3643 ³31.
213 3577 382 3636 ἱστὸν
409 3575 516 3633 ἀπὸ
537 3572 749 3654 πρῴρης
766 3575 976 3656 φέρεται
990 3621 1006 3650 ,
1026 3574 1093 3633 τὰ
1113 3575 1166 3633 δὲ
1186 3585 1331 3632 πᾶσα
1357 3573 1558 3655 φαεινή.

213 3661 330 3723 καί
359 3664 408 3720 οἱ
430 3660 684 3733 πηδάλιον
708 3660 1101 3740 κεχαλασμένον
1125 3660 1426 3738 ἐστήρικται

211 3749 426 3810 ποσσὶν
455 3746 544 3807 ὕπ’
566 3746 817 3827 οὐραίοισι
845 3749 1006 3814 Κυνὸς
1032 3744 1381 3829 προπάροιθεν
1405 3747 1582 3814 ἰόντος.

316 3834 438 3906 Τὴν
468 3833 522 3893 δὲ
547 3833 639 3893 καὶ
659 3837 752 3892 οὐκ
778 3834 949 3912 ὀλίγον
978 3858 1076 3916 περ
1105 3834 1362 3913 ἀπόπροθι
1388 3835 1685 3905 πεπτηυῖαν,

211 3922 583 4002 Ἀνδρομέδην
605 3920 740 3998 μέγα
766 3925 862 3992 Κῇ
876 3945 974 3988 τος
999 3921 1344 4000 ἐπερχόμενον
1365 3919 1676 3998 κατεπείγει.

83 4034 178 4071 355
207 4017 252 4082 ἡ
293 4010 402 4087 μὲν
425 4008 527 4089 γὰρ
549 4007 781 4087 Θρήῖκος
803 4007 902 4066 ὑπὸ
924 4014 1076 4088 πνοιῇ
1110 4008 1294 4088 βορέαο

209 4095 524 4171 κεκλιμένη
554 4095 764 4176 φέρεται
781 4141 799 4172 ,
822 4095 882 4154 τὸ
906 4094 960 4154 δέ
985 4099 1032 4154 οἱ
1060 4095 1200 4162 νότος
1227 4095 1410 4174 ἐχθρὸν
1439 4101 1604 4172 ἀγινεῖ

217 4190 450 4256 Κῆτος,
479 4183 580 4241 ὑπὸ
609 4187 758 4263 Κριὶξὶ
787 4207 844 4241 τε
872 4183 960 4242 καὶ
985 4183 1216 4262 Ἰχθύσιν
1245 4175 1628 4263 ἀμφοτέροισιν,

211 4275 398 4356 βαιὸν
421 4269 550 4351 ὑπὲρ
579 4275 831 4346 Ποταμοῧ
865 4271 1184 4349 βεὸλημένον
1215 4269 1558 4350 ἀστερόεντος.

319 4349 456 4420 Οἶον
484 4357 584 4437 γὰρ
614 4360 822 4417 κάκεῖνο
845 4363 972 4417 θεῶν
997 4359 1097 4416 ὑπὸ
1121 4357 1277 4416 ποσσὶ
1308 4358 1539 4439 φορεῖται

65 4485 170 4523 35„
205 4439 488 4528 λείψανον
519 4447 846 4526 Ἠριδανοῖο,
869 4446 1228 4504 πολυκλαύτου
1253 4453 1524 4522 ποταμοῖο.

203 4537 332 4598 καὶ
354 4534 417 4593 τὸ
439 4533 532 4610 μὲν
551 4533 804 4614 Ὠρίωνος
823 4533 924 4592 ὑπὸ
942 4534 1120 4592 σκαιὸν
1140 4533 1276 4591 πόδα
1299 4532 1484 4592 τείνει·

201 4621 428 4699 δεσμοὶ
453 4623 499 4680 δ’
520 4621 771 4702 οὐράνιοι,
788 4629 896 4686 τοῖς
923 4620 1119 4699 Ἰχθύες
1147 4620 1294 4700 ἄκροι
1320 4620 1556 4699 ἔχονται,

201 4715 412 4791 ἄμφω
438 4707 816 4789 συμφορέονται
845 4708 937 4765 ἀπ’
959 4709 1178 4788 οὐραίων
1207 4709 1497 4784 κατιόντες,

197 4795 459 4872 κητείης
481 4794 525 4853 δ’
549 4795 726 4855 ὄπιθεν
753 4795 934 4876 λοφίης
964 4795 1140 4873 ἐπιμὶξ
1165 4795 1431 4876 φορέονται

57 4925 160 4965 205
195 4893 300 4955 εἷς
333 4883 395 4942 ἓν
425 4884 759 4958 ἐλαυνόμενοι
777 4906 791 4919 ·
820 4882 894 4941 ἑνὶ
922 4883 967 4940 δ’
995 4883 1172 4963 ἀστέρι
1199 4884 1548 4962 πειραίνονται

199 4973 479 5045 Κήτεος,
506 4969 560 5036 ὃς
587 4970 755 5028 κείνου
782 4969 962 5052 πρώτῃ
984 4970 1238 5029 ἐπίκειται
1262 4973 1483 5049 ἀκάνθῃ.

303 5060 394 5119 Οἱ
417 5059 466 5116 δ’
489 5057 648 5136 ὀλίγῳ
673 5057 848 5138 μέτρῳ
863 5101 880 5129 ,
898 5058 1046 5134 ὀλίγῃ
1071 5059 1117 5116 δ’
1139 5057 1424 5134 ἐγκείμενοι
1449 5055 1602 5134 αἴγλῃ

195 5143 468 5230 μεσσόθι
494 5144 754 5214 πηδαλίου
783 5143 874 5202 καὶ
903 5143 1104 5214 Κήτεος
1129 5143 1438 5201 εἱλίσσονται
1454 5187 1471 5212 ,

1875 527 2017 575 noete
2032 523 2319 585 deceden'te;
2338 524 2485 584 atque
2506 533 2616 571 eum
2636 520 2809 570 vocant
2826 518 3063 583 Aquilam.
3088 518 3399 583 [capricorno
3411 557 3426 582 ,

1936 612 2196 674 Delphinus
2228 613 2392 660 autem
2425 622 2523 659 non
2548 608 2811 658 admodum
2844 619 3047 669 magnus
3080 608 3430 671 appropinquat

1874 702 1925 749 in
1950 700 2107 750 medio
2133 699 2394 760 obscurus3
2417 700 2649 760 quattuor
2665 709 2781 746 vero
2798 696 2843 745 ei
2860 695 3205 757 circumiacent
3258 728 3261 732 -

1877 788 2057 838 lueidae
2082 788 2234 838 stellae
2246 823 2260 849 ‚
2294 786 2517 850 adjectim
2539 784 2651 835 duae
2676 785 2814 846 juxta
2844 782 2968 832 duas
3001 784 3228 835 volantes.

1938 878 2096 938 Atque
2112 877 2217 924 baee
2233 874 2426 935 quidem
2448 873 2645 924 boream
2666 873 2717 921 et
2731 872 3033 934 vagationem
3058 871 3171 921 solis
3248 871 3253 877 ’

1877 965 2107 1014 interfusa
2123 965 2251 1013 sunt.
2311 966 2495 1013 Verum
2519 962 2705 1011 remote
2718 960 2943 1010 oriuntur
2962 959 3056 1010 alia

1877 1054 2030 1102 multa
2054 1051 2178 1101 inter
2200 1053 2430 1102 Austrum
2450 1051 2501 1100 et
2524 1049 2638 1099 solis
2662 1049 2886 1098 orbitam.
2905 1071 2913 1080 ·

1940 1136 2175 1201 Obliquus
2192 1136 2385 1199 quid·-
2412 1136 2560 1187 Tauri
2576 1135 2776 1185 sectioni
2794 1134 3004 1195 subjacet
3029 1134 3128 1196 ipse

1878 1224 2044 1274 Orion.
2108 1226 2213 1275 Non
2235 1223 2369 1273 illum
2383 1223 2470 1286 qui
2487 1235 2655 1273 serena
2669 1222 2722 1273 in
2738 1223 2881 1271 nocte

1878 1312 2081 1363 sublime
2099 1312 2381 1361 volitantem
2398 1310 2639 1373 praeterit,
2656 1313 2709 1382 ts
2721 1308 2817 1359 alia
2834 1309 3045 1358 confidat

1878 1399 2056 1449 eoelum
2072 1400 2265 1449 intuens
2280 1401 2409 1449 astra
2429 1396 2772 1461 prestabiliora
2793 1396 3124 1459 contemplari.

1941 1487 2069 1537 'ralis
2086 1488 2129 1537 ei
2147 1489 2309 1538 custos
2332 1498 2527 1551 quoquo
2542 1486 2671 1536 elato
2687 1485 2778 1535 sub
2791 1484 2934 1534 dorso

1878 1576 2009 1625 lueet
2026 1575 2259 1625 ambobus
2276 1573 2422 1625 canis
2458 1572 2509 1622 in
2537 1571 2739 1636 pedibus
2754 1573 2885 1621 stans
2896 1608 2911 1633 ,

1880 1662 2043 1711 varius
2058 1698 2075 1725 ‚
2092 1664 2145 1712 at
2165 1675 2262 1711 non
2278 1660 2469 1725 penitus
2484 1660 2750 1709 illustratus
2767 1677 2781 1720 ;
2801 1672 2973 1708 verum
2990 1658 3117 1707 eirea
3134 1658 3295 1721 ipsum

1880 1752 2099 1799 ventrem
2116 1749 2349 1799 obscurus
2365 1748 2664 1808 obversatur,
2687 1750 2833 1809 atque
2850 1747 2893 1796 ei
2914 1758 3160 1795 summum

1880 1837 2015 1887 stella
2040 1837 2316 1899 insignitum
2343 1838 2415 1885 est
2439 1834 2676 1885 fervidum
2704 1837 2921 1883 mentum
2935 1870 2950 1893 ,
2979 1846 3091 1895 qum
3112 1832 3306 1895 quidem
3330 1844 3436 1882 ma·

1880 1927 2188 1977 vehementer
2205 1924 2440 1984 exsiceat3
2464 1924 2613 1986 atque
2628 1923 2787 1985 ipsum
2805 1924 2981 1971 vorant
2996 1914 3216 1971 homines
3244 1918 3404 1984 [xime

1878 2014 2074 2066 Sirium.
2140 2016 2403 2075 Nunquam
2418 2011 2555 2060 illum
2570 2047 2588 2074 ,
2621 2022 2735 2059 cum
2752 2009 2853 2059 sole
2867 2008 3132 2069 orientem,

1882 2102 2077 2151 arbores
2096 2102 2267 2151 fallunt
2282 2101 2385 2150 sine
2400 2100 2606 2149 humore
2622 2097 2897 2148 frondentes
2928 2115 2942 2147 ι

1883 2189 2021 2239 facile
2037 2187 2269 2251 siquidem
2287 2186 2515 2237 discernit
2530 2186 2724 2236 ordines
2736 2222 2751 2247 ,
2769 2186 2943 2235 aentus
2955 2186 3235 2247 penetrum

1883 2278 1932 2325 et
1945 2276 2175 2339 quasdam
2190 2274 2472 2337 eonsolidat,
2487 2272 2809 2337 quarumdam
2818 2270 3049 2321 eortiuem
3057 2270 3216 2333 perdit
3226 2283 3438 2321 omnem.

1886 2364 2029 2413 illum
2057 2362 2205 2413 etiam
2234 2362 2533 2412 occidentem
2558 2361 2817 2423 sentimus3
2845 2356 2933 2409 sed
2951 2360 3156 2421 eeteroe,

1883 2464 1995 2514 quoe
2012 2452 2200 2514 signum
2223 2450 2319 2500 sint
2332 2449 2560 2499 membris
2570 2486 2587 2511 ,
2602 2448 2923 2511 languidiores
2937 2446 3297 2511 circumjacent.

1948 2539 2153 2591 Pedibus
2170 2540 2333 2588 autem
2358 2536 2551 2587 orionis
2566 2536 2658 2586 sub
2675 2535 2913 2585 ambobus
2934 2538 3093 2597 Lepus

1883 2628 2172 2677 incessanter
2189 2625 2359 2675 diebus
2379 2624 2606 2673 omnibus
2622 2624 2839 2686 fugatum
2864 2625 2916 2672 at
2931 2634 3122 2686 sempor

1883 2716 2033 2766 Sirius
2053 2727 2083 2764 a
2108 2716 2241 2775 tergo
2265 2714 2434 2775 fertur,
2452 2711 2721 2774 insequenti
2738 2710 2935 2761 similis:

1886 2803 2029 2853 etiam
2048 2803 2093 2852 ei
2114 2801 2345 2870 eooritur,
2363 2803 2509 2862 atque
2522 2800 2679 2861 ipsum
2696 2796 2993 2848 occidentem
3006 2796 3287 2848 inseetatm.

1947 2891 2011 2942 At
2038 2889 2184 2941 canis
2202 2888 2361 2950 magni
2386 2890 2555 2937 eontm
2576 2886 2781 2937 caudam
2798 2884 3014 2936 volvitur
3030 2889 3157 2948 Argo

1884 2992 1914 3027 a
1934 2977 2111 3041 puppi3
2128 2989 2225 3026 non
2241 2977 2371 3027 enlm
2388 2976 2503 3025 huic
2518 2989 2577 3029 ex
2598 2987 2735 3025 more
2750 2976 2865 3026 nint
2886 2985 3062 3024 cursus
3077 3010 3094 3037 ,

1884 3065 1969 3115 sed
1990 3067 2120 3115 retro
2137 3064 2343 3127 agitatur
2358 3076 2497 3114 versa
2513 3079 2530 3126 ;
2556 3075 2646 3113 eeu
2663 3061 2808 3115 etiam
2838 3062 2953 3124 ipsae

1886 3168 2059 3217 naves,
2083 3153 2276 3218 quando
2290 3153 2393 3214 iam
2414 3155 2577 3202 nautoe
2600 3151 2851 3201 invertunt
2867 3151 3075 3200 rostrum
3088 3187 3105 3212 ,

1887 3243 2081 3307 portum
2104 3241 2427 3305 appellentes:
2456 3241 2601 3302 atque
2620 3238 2782 3289 subito
2808 3237 3009 3301 quilibet
3024 3240 3267 3302 retorquet

1887 3343 2057 3380 navem
2070 3366 2085 3392 ,
2106 3327 2380 3390 retrograda
2392 3339 2508 3377 vero
2525 3325 2717 3390 attingit
2733 3327 3060 3376 eontinentem
3070 3341 3093 3388 ς

1887 3419 1957 3468 sie
1968 3432 1997 3467 a
2016 3417 2163 3481 puppi
2186 3415 2403 3467 [monica
2424 3414 2633 3466 trahitur
2648 3419 2791 3478 Argo.
3200 3411 3383 3476 [ipsum

1888 3512 1958 3556 Ac
1977 3503 2265 3568 quibusdam
2296 3503 2347 3553 in
2368 3502 2585 3566 partibus
2601 3501 2811 3552 obseura
2826 3505 2877 3554 et
2892 3501 2995 3552 sine
3020 3501 3169 3552 stellis
3201 3512 3355 3563 usque
3382 3499 3444 3549 ad

1888 3594 2072 3643 malum
2098 3605 2129 3642 a
2148 3604 2289 3655 prora
2306 3590 2554 3654 ternu-3111
2570 3589 2675 3640 aliis
2692 3602 2809 3639 vero
2830 3591 2936 3639 tota
2958 3587 3220 3654 splendida.
3300 3641 3307 3648 ,

1889 3683 2047 3744 Atque
2068 3681 2111 3730 ei
2130 3678 2507 3742 gubernaculum
2526 3677 2776 3727 remissum
2795 3676 2972 3726 tultum
2991 3679 3065 3735 est

1889 3767 2089 3831 pedibus
2104 3766 2195 3815 sub
2214 3764 2556 3829 posterioribus
2572 3763 2715 3814 canis
2732 3763 3073 3814 antecedentis.

1951 3856 2175 3905 cetemm
2188 3891 2202 3915 ,
2229 3853 2319 3903 etsi
2340 3849 2603 3901 admodum
2621 3850 2810 3905 culinus
2830 3850 3135 3912 volitantem,

1890 3941 2243 3994 Andromedam
2260 3939 2452 4002 grandis
2475 3939 2625 3988 cetus
2646 3935 2903 3986 adveniens
2920 3941 3074 4003 urget.

1890 4035 2005 4081 Haec
2022 4029 2153 4079 enim
2170 4027 2361 4078 Thracii
2377 4025 2469 4075 sub
2485 4023 2605 4074 flatu
2623 4025 2791 4074 Boreoe

1888 4117 2113 4167 inclinata
2134 4115 2313 4175 sertur3
2335 4115 2388 4163 at
2403 4114 2446 4162 ei
2466 4113 2638 4163 Auster
2662 4111 2895 4186 intestum
2908 4112 3006 4174 agit

1891 4206 2091 4263 cetum,
2111 4197 2535 4262 subArietequoet
2554 4190 3077 4268 Pisciboeambobus‚'

1890 4289 2157 4352 paullulum
2179 4297 2321 4348 super
2342 4285 2511 4335 Fluvio
2526 4285 2783 4335 extensum
2798 4281 3005 4334 stellato.
3110 4337 3119 4344 ,

1951 4377 2075 4426 Soloe
2092 4376 2221 4424 enim
2247 4374 2343 4424 illae
2368 4372 2572 4423 deorum
2587 4372 2681 4422 sub
2696 4371 2901 4435 pedibus
2917 4372 3140 4421 feruntur

1892 4463 2103 4528 reliquiae
2129 4461 2349 4522 Eridani,
2373 4459 2579 4510 luetuosi
2608 4457 2775 4510 fluvii:
3114 4502 3119 4508 .

1892 4555 1954 4602 Bt
1970 4550 2049 4600 hic
2064 4548 2259 4612 quidem
2287 4547 2481 4598 Orionis
2496 4547 2588 4598 sub
2599 4545 2846 4597 sinistrum
2876 4545 3045 4608 pedem
3060 4546 3214 4606 tendit
3232 4567 3259 4618 ςι

1890 4638 2095 4688 Vincula
2112 4639 2275 4718 autern
2291 4632 2702 4706 eoelestiqquibns
2721 4632 2879 4684 Pisces
2896 4635 3099 4684 extremi
3111 4637 3351 4699 tenentur,

1889 4725 2034 4775 ambo
2047 4727 2247 4784 coeunt,
2263 4735 2291 4770 a
2310 4721 2462 4770 cau'da
2480 4719 2842 4782 descendentia,

1892 4814 1996 4863 Ceti
2018 4825 2131 4861 vero
2150 4812 2256 4873 post
2282 4809 2519 4859 cervicem
2543 4808 2845 4858 commixtim
2864 4809 3083 4858 feruntur

1892 4903 1941 4950 in
1965 4913 2115 4949 unum
2148 4897 2314 4958 ducta,
2348 4900 2497 4958 atque
2516 4896 2657 4945 unica
2680 4896 2819 4946 stella
2838 4895 3159 4946 terminantur

1892 4988 1995 5037 ceti
2010 5023 2023 5046 ,
2042 4999 2151 5048 quae
2173 4983 2275 5045 ejus
2296 4983 2463 5046 prima!
2480 4982 2652 5033 insidet
2667 4982 2831 5046 spina).

1953 5079 2073 5133 Quae
2095 5075 2255 5122 autem
2272 5069 2459 5120 modica
2472 5071 2815 5132 magnitudine,
2830 5069 3020 5120 modioo
3037 5070 3339 5120 eircumrusoe
3354 5075 3442 5122 ful·

1892 5158 1943 5206 in
1960 5156 2267 5220 gubernaculi
2286 5155 2445 5206 medio
2460 5157 2512 5206 et
2541 5157 2648 5206 ceti
2664 5157 2945 5217 volvuntur,
3268 5155 3414 5220 [gon
