3767 5825
425 352 498 402 28
1491 345 1935 406 ΘΕΟΚΡῙΤΟΥ
1974 346 2395 424 ΕῙΔΥΛΔῙΟΝ
2437 349 2532 408 ῙΔ.

419 482 584 551 τᾶμος
613 472 747 551 ἐγώ,
782 473 868 531 τὸν
895 472 1014 552 ἴσας
1033 472 1093 532 τύ
1111 518 1127 546 ,
1155 473 1430 553 Θυώνιχε,
1467 475 1566 544 πὺξ
1601 477 1687 535 ἐπὶ
1708 478 1897 558 κόῤῥας

335 584 393 625 σε
420 562 623 633 ἤλασα,
647 561 848 620 κᾶλλαν
873 552 1039 627 αὗθις·
1071 561 1426 641 ἅνειρύσσασα
1455 562 1510 621 δὲ
1537 564 1751 631 πέπλως

421 650 517 717 ἔξω
543 648 786 729 ἀπῴχετο
810 656 1015 708 Οᾶσσον.
1053 651 1176 725 ἐμὸν
1209 650 1387 723 κακόν,
1417 651 1475 709 οὔ
1495 676 1574 711 τοι
1599 652 1804 733 ἀρέσκω
1825 674 1842 731 3

418 738 576 806 ἄλλος
592 762 669 798 τοι
688 739 911 817 γλυκίων
937 737 1280 818 ὑποκόλπιος;
1306 739 1460 797 ἄλλον
1485 743 1622 799 ἰοῖσα

419 826 586 884 θάλπε
614 826 763 907 φίλον
783 846 796 861 ·
825 826 965 906 τήνῳ
995 824 1060 883 τὰ
1089 826 1158 883 σὰ
1188 827 1386 905 δάκρυα
1414 830 1561 903 μᾶλα
1594 828 1776 907 ῥέοντι.

420 914 669 987 μάστακα
693 916 840 972 δοῗσα
862 914 1113 972 τέκνοισιν
1133 914 1473 995 ὑπωροφίοισι
1503 914 1724 993 χελιδών

339 1021 394 1060 ιο
419 1002 642 1083 ἄψοῤῥον
671 1001 862 1081 ταχινὰ
879 1002 1119 1072 πέτεται,
1147 1001 1254 1081 βίον
1285 1003 1440 1061 ἄλλον
1471 1005 1714 1082 ἀγείρειν·

418 1091 654 1171 ὠκυτέρα
677 1093 922 1167 μαλακᾶς
950 1090 1052 1149 ἀπὸ
1077 1090 1320 1171 δίφρακος
1339 1090 1532 1171 ἔδραμε
1562 1091 1696 1161 τήνα

419 1177 497 1236 ἰθὺ
529 1180 592 1237 δι’
627 1179 915 1259 ἀμφιθύρου
943 1178 1034 1237 καὶ
1063 1179 1314 1253 δικλίδας,
1342 1171 1377 1259 ᾇ
1407 1178 1558 1246 πόδες
1587 1170 1734 1256 ἆγον.

421 1255 560 1333 αἶνός
588 1271 680 1338 θην
713 1266 922 1345 λέγεταί
950 1290 1026 1333 τις
1043 1310 1061 1343 ,
1092 1264 1187 1325 ἔδοι
1212 1264 1488 1347 κένταυρος
1507 1266 1587 1325 ἀν’
1607 1267 1754 1325 ὕλαν.

415 1352 610 1427 εἴκατι,
633 1356 768 1413 ταίδ’
795 1353 965 1428 ὀκτώ,
994 1354 1130 1413 ταίδ’
1158 1354 1301 1413 ἐννέα
1318 1400 1333 1425 ,
1357 1354 1501 1413 ταίδε
1533 1354 1640 1413 δέκ’
1663 1356 1855 1430 ἄλλαι,

337 1458 388 1498 45
417 1440 645 1523 σάμερον
674 1442 922 1501 ἑνδεκάτα
942 1488 957 1514 ,
984 1443 1186 1509 ποτίθες
1215 1441 1331 1513 δύο,
1359 1441 1450 1501 καὶ
1479 1442 1568 1500 δύο
1597 1450 1778 1518 μᾶνες,

417 1528 470 1596 ἐξ
498 1521 542 1589 ὦ
565 1530 656 1587 ἀπ’
677 1530 948 1605 ἀλλάλων,
983 1528 1099 1588 οὐδὲ
1127 1530 1389 1609 Θρᾳκιστὶ
1416 1528 1696 1609 κέκαρμαι.

417 1606 470 1673 οἶ
495 1614 549 1673 δὲ
577 1615 748 1683 Λύκος
766 1622 854 1675 ν’ὗν
881 1615 1056 1675 πάντα
1074 1661 1091 1688 ,
1123 1618 1283 1697 Λύκῳ
1311 1616 1403 1675 καὶ
1425 1618 1604 1684 νυκτὸς
1633 1619 1864 1697 ἀνῷκται
1882 1638 1895 1651 ·

419 1702 593 1781 ἄμμες
611 1705 656 1762 δ’
681 1703 798 1763 οὔτε
825 1702 964 1782 λόγω
991 1704 1122 1769 τινὸς
1145 1703 1274 1771 ἄξιοι
1294 1702 1400 1761 οὔτ’
1431 1703 1707 1783 ἀριθματοί
1721 1750 1736 1775 ,

419 1790 662 1850 δύστανοι
690 1796 965 1872 Μεγαρῆες
993 1792 1284 1871 ἀτιμοτάτῃ
1308 1792 1384 1849 ἐνὶ
1411 1791 1584 1871 μοίρῃ.

338 1896 393 1935 ιο
417 1882 498 1938 κεῖ
527 1877 621 1956 μὲν
651 1879 1054 1961 ἅποστέρξαιμι,
1080 1880 1150 1939 τὰ
1171 1880 1343 1937 πάντα
1371 1902 1458 1938 κεν
1483 1882 1533 1946 ἐς
1554 1879 1664 1938 δέον
1695 1878 1840 1958 ἕρποι
1861 1898 1873 1911 ·

418 1971 508 2023 νῦν
529 1967 584 2025 δὲ
607 1966 789 2041 πόθε-νς
816 1974 913 2045 μῦς
928 2014 943 2041 ,
965 1968 1151 2049 φαντὶ,
1174 1966 1419 2047 Θυώνιχε
1435 2012 1450 2039 ,
1475 1966 1702 2045 γεύμεθα
1725 1966 1935 2032 πίσσας.

417 2052 551 2133 χῶτι
569 2052 630 2113 τὸ
658 2054 938 2136 φάρμακόν
963 2058 1103 2114 ἐστιν
1132 2055 1520 2134 ἀμηχανέοντος
1551 2054 1768 2135 ἔρωτος,

419 2145 513 2201 οὐκ
539 2132 674 2203 οἶδα.
720 2142 859 2201 πλδιν
897 2144 1099 2222 Σῖμος,
1137 2148 1164 2201 ὁ
1198 2154 1287 2209 τᾶς
1320 2142 1640 2221 Ἐπιχάλκω
1687 2142 1949 2223 ἐρασθείς,

421 2230 712 2297 ἐκπλεύσας
731 2230 879 2309 ὑγιὴς
905 2233 1173 2304 ἐπανῆλθ’,
1203 2231 1325 2307 ἐμὸς
1354 2230 1652 2296 ἁλικιώτας.

339 2338 392 2377 ⁶⁶
421 2320 749 2397 πλευσοῦμαι
783 2317 932 2398 κήγὼ
955 2320 1275 2392 διαπόντιος,
1303 2318 1419 2379 οὔτε
1447 2319 1692 2385 κάκιστος

421 2406 538 2465 οὔτε
568 2416 762 2488 πρᾶτος
789 2405 946 2481 ἴσως,
975 2406 1170 2484 ὁμαλὸς
1193 2408 1248 2465 δέ
1269 2432 1374 2480 τις,
1403 2412 1430 2465 ὁ
1451 2406 1786 2487 στρατιώτας.

1021 2511 1360 2557 ΘΥΩΝῙΧΟΣ.

421 2582 590 2665 ὤφελε
618 2584 722 2662 μὰν
747 2585 936 2665 χωρεῖν
958 2583 1094 2644 κατὰ
1121 2588 1238 2642 νοῦν
1267 2581 1380 2641 τεὸν
1406 2574 1476 2641 ὧν
1504 2583 1797 2659 ἐπιθυμεῖς,

421 2671 668 2753 Αἶσχίνα.
695 2671 740 2731 εἶ
769 2674 814 2730 δ’
841 2676 1002 2741 οὓτῶς
1033 2672 1134 2752 ἄρα
1165 2670 1245 2730 σοὶ
1270 2672 1412 2730 δοκεῖ
1435 2670 1550 2737 ὥςτ’
1585 2670 1898 2746 ἀποδαμεῒν,

422 2760 730 2838 μισθοδότας
754 2763 1081 2839 Πτολεμαῖος
1105 2758 1355 2839 ἐλευθέρῳ
1383 2750 1486 2825 οἶος
1512 2758 1744 2839 ἄριστος,

339 2873 394 2914 ω
419 2849 716 2928 εὐγνώμων,
739 2850 1050 2932 φιλόμουσος
1067 2896 1084 2925 ,
1111 2847 1353 2929 ἐρωτικός
1371 2892 1386 2921 ,
1421 2849 1492 2915 εἰς
1523 2846 1680 2927 ἄκρον
1705 2846 1828 2914 ἁδύς
1843 2890 1858 2920 ,

421 2937 571 3007 εἰδὼς
596 2937 684 2998 τὸν
714 2939 954 3020 φιλέοντα
973 2983 988 3011 ,
1009 2938 1097 2996 τὸν
1124 2939 1182 2996 οὗ
1204 2935 1429 3017 φιλέοντ’
1459 2936 1535 2995 ἔτι
1565 2938 1783 3013 μῶλον,

419 3027 630 3096 πολλοῖς
655 3027 827 3086 πολλὰ
856 3027 1052 3099 διδούς,
1077 3026 1372 3101 αἰτεύμενος
1399 3029 1492 3084 οὐκ
1521 3022 1802 3101 ἀνανεύων,

420 3105 505 3174 οἶα
523 3115 626 3198 χρὴ
650 3119 882 3192 βασιλῆ’·
914 3119 1074 3173 αἰτεῖν
1103 3115 1156 3173 δὲ
1193 3115 1272 3175 δεῖ
1297 3117 1391 3173 οὔκ
1412 3113 1498 3171 ἐπὶ
1521 3111 1697 3181 παντί,

428 3204 666 3283 Αἰσχίναι.
691 3203 808 3272 ὥςτ’
831 3203 881 3262 εἴ
899 3227 978 3262 τοι
1005 3202 1144 3260 κατὰ
1173 3202 1334 3271 δεξιὸν
1357 3190 1497 3278 ὦμον
1533 3199 1745 3280 ἀρέσκει

343 3319 395 3357 nt,
418 3292 593 3360 λῶπος
611 3291 766 3374 ἄκρον
787 3296 1127 3373 περονᾶσθαι,
1151 3291 1234 3350 ἐπ’
1251 3289 1559 3372 ἀμφοτέροις
1583 3287 1636 3346 δὲ
1667 3283 1903 3367 βεὸακώς

421 3382 702 3457 τολμασεῖς
724 3381 937 3439 ἐπιόντα
965 3379 1138 3455 με’νειν
1171 3378 1363 3458 θρασὺν
1390 3375 1734 3446 ἀσπιδιώταν,

425 3458 645 3548 ξτοὶχος
661 3468 730 3534 εὶς
753 3465 1043 3542 Αἴγυπτον.
1076 3465 1182 3523 ἀπὸ
1200 3465 1472 3546 κροτάφων
1495 3461 1794 3540 πελόμεσθα

421 3555 614 3622 πάντες
644 3552 892 3635 γηραλέοι
909 3599 925 3630 ,
945 3552 1038 3612 καὶ
1063 3553 1325 3634 ἐπισχερὼ
1355 3557 1406 3620 ἐς
1423 3552 1572 3628 γένυν
1598 3551 1742 3632 ἕρπει

422 3642 706 3700 λευκαίνων
729 3647 758 3700 ὃ
774 3640 973 3723 χρόνος.
1000 3649 1166 3700 ποιεῖν
1195 3665 1244 3699 τι
1274 3643 1382 3718 δεῖ,
1415 3631 1476 3706 ἇς
1493 3639 1615 3720 γόνυ
1633 3637 1857 3718 χλωρόν.

2066 486 2177 533 tum
2196 496 2283 546 ego
2298 521 2314 546 ,
2333 496 2482 546 quem
2498 481 2697 533 uestitu
2710 518 2726 546 ,
2740 482 3017 545 Thyouiche
3034 520 3049 545 ,
3068 498 3285 548 pugnum
3306 485 3351 535 ei
3375 486 3429 535 in
3445 498 3503 535 os

2066 572 2239 634 impegi
2251 609 2266 633 ,
2294 575 2343 621 et
2359 571 2535 621 iterum
2548 587 2563 633 ;
2588 572 2735 635 etque
2755 571 2839 620 illa
2855 571 3113 622 succinctis
3127 574 3343 623 vestibus

2066 660 2193 709 foras
2216 659 2335 709 abiit
2352 660 2504 709 ocius.
2538 672 2647 709 mee
2670 660 2814 722 pestis
2830 697 2847 723 ,
2872 673 2969 709 non
2994 659 3085 710 tibi
3102 660 3299 723 placeo?

2066 746 2188 795 alius
2211 746 2299 797 tihi
2313 747 2501 796 dulcior
2526 747 2577 797 in
2592 748 2805 810 gremio?
2822 747 2974 797 alium
3004 760 3092 811 ege

2066 833 2175 882 fove
2194 832 2433 895 amicum3
2460 834 2543 884 ille
2568 836 2643 885 est
2673 836 2753 884 cui
2784 835 3081 885 destillantes
3102 836 3317 887 lacrimae
3342 838 3445 887 tuae
3478 851 3647 901 poma

2065 922 2215 985 suut]
2242 922 2469 971 alimento
2495 922 2608 973 dato
2620 924 2765 987 pullis
2782 924 2873 973 sub
2896 926 3028 974 tecto
3045 924 3257 975 hirundo

2064 1008 2192 1057 ultro
2210 1009 2428 1073 citroque
2454 1010 2671 1061 celeriter
2692 1010 2852 1076 volat,
2876 1011 3009 1061 aliud
3036 1016 3198 1077 atquc
3213 1013 3371 1064 aliud
3380 1014 3638 1077 pabulum

2064 1096 2323 1146 collectura
2341 1096 2376 1162 ι]
2395 1096 2593 1147 celerior
2612 1098 2691 1147 illa
2718 1112 2746 1148 e
2762 1099 2898 1149 molli
2923 1100 3040 1149 sella
3058 1100 3274 1151 cucurrit

2064 1186 2195 1233 recte
2212 1197 2297 1247 per
2313 1185 2605 1235 vestibulum
2628 1190 2677 1237 et
2689 1188 2814 1237 fores
2831 1189 3037 1239 extimes
3048 1226 3064 1251 ,
3084 1201 3184 1252 quo
3201 1190 3344 1252 pedes
3359 1190 3610 1241 ser-ebant.

2063 1271 2113 1321 in
2142 1273 2399 1335 proverbio
2420 1274 2618 1337 quidem
2644 1276 2718 1324 est
2744 1295 2757 1324 ε
2778 1275 2900 1325 abiit
2924 1278 3185 1327 centaurus
3206 1277 3259 1327 in
3278 1278 3471 1330 silvam.

2063 1359 2229 1423 viginti
2254 1362 2369 1411 sunt
2386 1361 2497 1411 dies
2508 1399 2522 1424 ,
2544 1362 2643 1412 huc
2654 1366 2765 1413 octo
2780 1400 2796 1427 ,
2812 1363 2911 1413 huc
2924 1377 3116 1427 novem,
3136 1364 3233 1415 huc
3248 1366 3415 1415 decem
3434 1367 3518 1416 alii
3532 1404 3551 1427 ,

2063 1447 2205 1497 hodie
2230 1448 2511 1499 undecimus
2523 1452 2599 1499 est
2611 1486 2627 1513 ,
2648 1450 2770 1501 adde
2794 1450 2917 1501 duos
2931 1488 2946 1513 ,
2974 1453 3025 1501 ct
3047 1451 3146 1501 duo
3164 1466 3350 1503 menses
3364 1458 3499 1504 sunt
3512 1492 3529 1516 ,

2062 1548 2127 1585 ex
2147 1548 2245 1598 quo
2263 1535 2489 1599 disjuncti
2500 1550 2697 1599 snmus,
2724 1550 2881 1600 neque
2901 1539 3131 1589 Thracica
3148 1552 3285 1589 more
3306 1542 3479 1591 tonsus
3496 1554 3639 1594 sum.

2062 1622 2133 1673 illi
2152 1636 2283 1673 nunc
2298 1626 2459 1687 Lycus
2476 1624 2625 1675 instar
2638 1626 2857 1675 omnium
2870 1629 2942 1677 est
2953 1663 2969 1689 ,
2986 1630 3117 1690 Lyco
3134 1627 3281 1677 etiam
3298 1632 3441 1679 nocte
3468 1635 3643 1693 porca

2063 1712 2195 1774 patet
2210 1710 2247 1775 ς]
2262 1725 2348 1761 nos
2358 1714 2521 1762 autem
2534 1713 2671 1762 nullo
2684 1726 2840 1776 neque
2856 1716 3073 1777 respectu
3087 1727 3246 1777 neque
3268 1729 3473 1765 numero
3496 1717 3641 1780 digni

2064 1794 2357 1860 habemur-,J
2376 1797 2534 1847 miseri
2561 1800 2854 1860 Megarenses
2866 1798 2918 1848 in
2934 1800 3309 1850 contemtissima
3324 1801 3642 1852 conditione.

2066 1885 2115 1933 et
2130 1885 2169 1933 si
2187 1898 2403 1935 amorem
2420 1898 2599 1936 exuere
2612 1899 2799 1948 possem
2816 1924 2831 1949 ,
2849 1887 3014 1937 omnin
3030 1890 3162 1937 recte
3178 1886 3405 1939 cederent
3420 1905 3437 1951 ;

2065 1980 2194 2015 nunc
2209 1969 2372 2017 autem
2386 1967 2515 2017 unde
2532 1970 2554 2016 Ρ
2574 1980 2685 2017 mus
2696 2004 2712 2031 ,
2737 1971 2794 2018 ut
2808 1969 2945 2019 aiunt
2956 2006 2971 2032 ,
2988 1970 3271 2032 Thyoniche
3280 2007 3297 2034 ,
3324 1970 3643 2033 gustavimus

2064 2047 2238 2113 picem]
2256 2049 2481 2113 quodque
2498 2050 2764 2099 remedium
2781 2051 2843 2101 sit
2864 2050 3030 2101 invicti
3048 2052 3225 2103 amoris
3236 2090 3251 2116 ,

2066 2146 2163 2181 non
2180 2132 2297 2182 scic.
2316 2134 2637 2195 praeterquam
2654 2133 2815 2182 Simus
2830 2168 2847 2194 ,
2862 2135 2945 2196 qui
2963 2134 3396 2197 Epichelciflliam
3409 2136 3641 2196 amabat,

2066 2228 2219 2277 quum
2245 2215 2538 2278 navigasset,
2557 2228 2702 2265 senus
2725 2214 2893 2277 rediit,
2922 2228 3060 2266 meus
3084 2216 3301 2280 aequalis.

2067 2297 2299 2359 navigabo
2316 2310 2403 2362 ego
2417 2310 2612 2360 quoque
2627 2310 2713 2361 per
2730 2310 2863 2347 mare
2874 2336 2889 2361 ,
2915 2310 3007 2349 uec
3021 2299 3258 2363 pessimus

2067 2394 2157 2431 uec
2169 2380 2352 2444 primus
2369 2382 2565 2432 fortusse
2576 2418 2591 2443 ,
2605 2381 2863 2432 sedtamen
2874 2381 3127 2434 mediocris
3142 2382 3341 2456 quidem
3385 2398 3476 2448 eqo
3494 2386 3643 2437 hicce

3136 2444 3271 2509 [pam
3282 2420 3633 2509 milesfloem.

2622 2524 2940 2567 mirorum!
2951 2526 2984 2567 U
2992 2526 3044 2568 8·

2070 2595 2254 2645 utinam
2271 2592 2359 2643 tibi
2384 2606 2447 2642 ex
2470 2592 2631 2642 animo
2647 2591 2930 2655 succedant,
2951 2605 3066 2656 quoe
3088 2594 3254 2658 cupis,

2068 2674 2345 2725 AEschinesl
2368 2674 2411 2723 si
2434 2674 2581 2737 igitur
2598 2674 2669 2723 sic
2690 2673 2779 2723 ubi
2794 2674 2949 2736 placet
2964 2711 2979 2737 ,
2998 2678 3057 2724 ut
3082 2688 3279 2739 peregre
3293 2675 3439 2727 abens
3451 2712 3467 2741 ,

2068 2754 2298 2817 stipendia
2316 2753 2500 2815 praebet
2515 2753 2803 2803 Ptolemaeus
2819 2752 3015 2803 homini
3035 2752 3187 2803 libero
3200 2756 3259 2803 ut
3283 2758 3369 2805 vir
3383 2756 3609 2819 optimus
3618 2794 3637 2818 ‚

2070 2836 2337 2897 humanae,
2356 2846 2604 2885 musarum
2622 2834 2833 2896 amicus,
2853 2835 3007 2884 emori
3036 2822 3254 2900 deditus,
3281 2835 3346 2886 ed
3374 2850 3637 2887 summum

2068 2921 2275 2985 suevis‚]
2292 2920 2377 2984 qui
2392 2919 2531 2970 novit
2548 2922 2789 2969 amantem
2800 2955 2817 2982 ,
2836 2933 2933 2969 non
2950 2922 3193 2970 amantem
3210 2921 3358 2970 etiem
3382 2922 3542 2985 magis
3555 2960 3572 2985 ,

2068 3005 2234 3055 multis
2258 3004 2413 3054 multa
2428 3003 2658 3066 largiens,
2685 3007 2881 3066 rogatus
2905 3017 3006 3055 non
3030 3004 3275 3068 abnuens,

2068 3083 2231 3146 qualia
2248 3082 2387 3132 decet
2396 3095 2427 3132 e
2439 3095 2549 3145 rege
2560 3085 2732 3144 petere
2743 3099 2758 3143 ;
2778 3084 2940 3144 petere
2948 3084 3111 3133 nutem
3120 3095 3219 3132 non
3230 3085 3422 3146 oportet
3432 3087 3639 3148 propter

2070 3174 2312 3224 quamque
2333 3160 2590 3226 caussam]
2620 3161 2882 3213 AEscliines.
2908 3175 3060 3225 quare
3088 3163 3129 3213 si
3154 3163 3414 3226 tibiplecet
3436 3165 3493 3214 in
3508 3165 3637 3215 dex-

2068 3248 2144 3294 tro
2179 3245 2398 3309 humero]
2430 3259 2596 3308 sagum
2632 3258 2880 3295 suunmum
2910 3245 3060 3296 fibula
3102 3247 3451 3310 constringere,
3502 3253 3559 3299 et
3584 3251 3637 3300 in

2069 3330 2276 3391 utroque
2306 3327 2432 3392 pede
2448 3328 2727 3392 consistens]
2746 3327 2944 3378 audebis
2965 3329 3198 3379 sustinere
3214 3330 3421 3380 ferocem
3431 3330 3637 3382 hostem

2070 3413 2331 3473 scutetum,
2349 3409 2389 3458 si
2407 3407 2597 3472 irruat,]
2616 3421 2764 3471 quam
2780 3409 3027 3459 celerrime
3040 3409 3091 3459 in
3110 3411 3366 3474 AEgyptum
3394 3413 3637 3472 eundum

2073 3492 2164 3540 libi
2187 3493 2280 3540 est.
2306 3490 2417 3539 inde
2432 3503 2463 3538 a
2479 3491 2775 3552 temporibus
2792 3490 2895 3540 fieri
2912 3490 3165 3552 incipimus

2068 3581 2234 3619 omnes
2242 3581 2377 3618 senes
2390 3570 2439 3616 et
2446 3566 2723 3629 deincepsin
2733 3580 2902 3630 genam
2915 3567 3063 3630 serpit

2069 3649 2186 3696 aetas
2192 3657 2337 3694 canos
2348 3643 2564 3693 reddens.
2582 3656 2743 3705 gerere
2754 3643 2935 3706 aliquid
2942 3645 3147 3708 oportet,
3158 3643 3277 3694 dum
3284 3658 3439 3709 gnua
3450 3647 3633 3698 virent.

2700 3829 3015 3856 -ano—
