3767 5825
22 760 38 2145 '‘—qq--ffi—v—T-*U—-j—”rss—
22 538 38 750 π’ἆ·
22 526 25 533 ”
22 386 38 519 .“Ἶ’-.
22 296 38 378 —

441 340 511 390 54
1362 334 1515 392 ΤΟΥ
1556 334 1749 394 ΦΙΛΗ
1796 335 2196 396 ΕΚΦΡΑΣΙΣ
2238 337 2718 396 ΕΔΕΦΑΝΤΟΣ.

572 467 747 543 χεῖται
771 461 889 521 κατ’
912 463 1067 520 αὐτοῦ
1094 463 1479 542 προσὸαλόντος
1508 464 1714 542 ἀθρόον,

569 553 659 610 καὶ
686 551 774 618 τὰς
804 551 899 628 μὲν
928 551 1071 630 ὄψεις
1100 553 1347 631 ἀσφαλῶς
1372 553 1675 626 ἀποθ).ί6ει,

569 639 747 717 ὥσπερ
774 638 933 716 τομὸν
962 637 1200 720 τέρετρον
1224 641 1371 698 ὠθῶν
1399 641 1457 698 τὸ
1488 643 1656 716 στόμα
1673 666 1686 679 ·

571 728 772 808 οἰκτρὸν
801 727 854 784 δὲ
878 726 1059 786 λοιπὸν
1089 728 1357 808 εὑρεθέντα
1383 729 1470 786 τὸν
1502 730 1689 806 μέγαν,

466 841 545 878 sco
570 817 661 877 καὶ
683 815 808 897 πρὸς
838 814 1017 896 μάχην
1042 815 1268 892 ἄτολμον
1297 820 1349 884 ἐξ
1376 817 1627 898 ἀθλεψίας
1642 865 1655 890 ,

577 909 807 986 σφαιρῶν
829 904 916 964 τὸν
942 903 1097 962 ὁλκὸν
1123 907 1387 984 ἐγκρατῶς
1411 905 1705 982 ἀποπνίγει.

649 991 911 1069 Τούτους,
938 993 1193 1064 Βασιλεῧ,
1226 993 1341 1060 τοὺς
1369 993 1557 1059 καλοὺς
1585 999 1743 1074 θῆρας
1772 993 1919 1070 λόγος

574 1090 780 1158 θεσμοῖς
806 1083 1040 1162 φυσικοῖς
1068 1085 1327 1148 τακτικῶς
1349 1082 1715 1160 ἠθροισμένους

572 1176 747 1251 τηρεῖν
779 1173 1039 1251 ἀκραιφνῆ
1065 1171 1160 1242 τὴν
1186 1171 1503 1248 φιλάλληλον
1528 1171 1737 1250 σχέσιν·

467 1284 543 1323 aas
572 1261 662 1320 καὶ
683 1260 785 1340 γὰρ
812 1263 916 1319 νέοι
937 1259 1181 1340 γέροντας
1212 1262 1476 1319 αἰδοῦνται
1506 1261 1735 1340 βλέπειν,

572 1350 665 1409 καὶ
695 1350 1079 1408 συλλυποῦνται
1116 1349 1474 1428 δυσπραγοῧσι
1497 1353 1604 1415 τοῖς
1626 1349 1815 1430 φίλοις,

573 1439 644 1504 εἷς
670 1436 903 1516 ἀφρόνων
930 1433 1144 1512 ἔλεγχον
1167 1433 1453 1514 ἀνθρώπων
1478 1435 1641 1515 φίλων

572 1525 632 1584 τὸ
659 1522 829 1583 κοινὸν
853 1521 1170 1601 εἰσφέροντες
1187 1566 1201 1592 ,
1234 1527 1302 1587 ὡς
1323 1521 1482 1594 ἅλας,
1506 1521 1720 1603 τρύφος,

571 1614 661 1673 καὶ
684 1612 790 1678 τοῖς
814 1611 867 1668 ἐν
898 1611 1044 1688 ἀκμῇ
1075 1615 1446 1688 συμμαχοῦσιν
1472 1610 1706 1687 ἐκθύμως
1724 1655 1739 1684 ,

467 1725 549 1765 270
574 1702 751 1764 Ἰνδῶν
776 1701 857 1758 ἐπ’
884 1697 1068 1762 αὐτοὺς
1100 1699 1367 1774 δυσμενῶν
1388 1698 1768 1778 πεφραγμένων

576 1787 851 1866 σάλπιγξι,
877 1790 1095 1866 πυρσοῖς
1113 1832 1129 1863 ,
1155 1785 1471 1865 φασγάνοις,
1500 1785 1783 1858 ἀκοντίοις,

572 1879 663 1940 καὶ
686 1878 791 1944 τοῖς
816 1874 1009 1954 μεταξὺ
1035 1873 1449 1953 μορμολύττουσι
1474 1875 1676 1956 ψόφοις.

576 1965 725 2028 Ἐστὶ
752 1965 796 2024 δ’
824 1963 910 2023 ὅτε
939 1963 1246 2034 θνήσκουσιν
1272 1963 1515 2034 ἀλλήλων
1540 1963 1717 2042 χάριν,

576 2053 667 2114 καὶ
694 2055 895 2133 μᾶλλον
924 2054 1096 2110 αὐτῶν
1124 2055 1217 2122 τῆς
1244 2055 1398 2128 γονῆς
1422 2054 1525 2109 τῶν
1552 2048 1838 2126 σκυμνίων.

471 2165 551 2208 27⁶
575 2141 753 2205 Ὅταν
778 2141 832 2200 δὲ
859 2139 954 2213 τὴν
986 2138 1229 2219 σύρρηξιν
1257 2143 1285 2196 ὁ
1312 2139 1495 2218 χρόνος
1522 2139 1657 2219 λύσῃ

576 2232 669 2292 καὶ
694 2230 786 2298 τὰς
801 2232 927 2312 παρ’
953 2231 1141 2308 ἀμφοῖν
1161 2232 1253 2298 τῆς
1280 2227 1550 2305 κονίστρας
1575 2227 1836 2292 ἐνστάσεις
1853 2271 1867 2297 ,

582 2326 836 2380 σκοποῦσι
863 2316 979 2384 τοὺς
1005 2317 1304 2392 κάμνοντας
1329 2318 1388 2374 ἐκ
1416 2321 1518 2374 τῶν
1547 2315 1881 2395 τραυμάτων,

576 2409 667 2469 καὶ
690 2416 795 2466 πᾶν
824 2405 917 2484 μὲν
942 2404 1199 2485 ἐξαίρουσι
1226 2407 1291 2482 τῇ
1320 2404 1629 2484 προδοσκίδι

582 2498 727 2578 βέλος
755 2493 989 2572 πεπηγὸς
1010 2495 1081 2560 εἰς
1105 2492 1301 2572 μυχοὺς
1324 2490 1673 2574 ἀποκρύφους.

471 2609 551 2648 aco
574 2587 673 2654 Ὦς
701 2585 764 2645 ἂν
789 2583 1047 2660 δὲ,μηδε“ις
1076 2584 1369 2661 φλεγμονῆς
1398 2580 1547 2658 ὄγκος
1572 2582 1731 2640 πάλιν

578 2677 649 2742 εἰς
671 2672 990 2752 ὖποθέρμους
1018 2667 1272 2750 ἐκτροπὰς
1301 2668 1597 2748 ἀντισπάσῃ
1616 2715 1632 2746 ,

577 2764 673 2835 τὴν
701 2759 891 2843 πικρὰν
915 2761 1186 2838 ἐγχέαντες
1210 2757 1368 2829 ἀλόης
1398 2758 1602 2839 δρόσον,

576 2856 822 2933 παρῆκαν
852 2847 1035 2915 αὐτοὺς
1059 2848 1325 2927 εὖδρομεῖν
1354 2845 1651 2912 ἀκινδύνως.

578 2939 797 3006 Τούτοις
825 2937 881 2997 δὲ
903 2946 1077 2995 πᾶσαν
1102 2936 1475 3015 ἡμερουμένοις
1499 2936 1649 2995 νόσον

472 3049 551 3089 ass
576 3018 709 3096 οἶνος
733 3028 895 3104 μέλας
913 3024 1091 3083 ἔλυσεν
1118 3024 1226 3083 ἀνθ’
1245 3024 1643 3103 Ἱπποκράτους.

580 3116 661 3177 Ὢ
689 3116 766 3182 τίς
796 3118 838 3175 Γ
841 3112 1084 3185 αληνὸςῆ
1114 3116 1355 3184 Γαληνοῦ
1387 3114 1590 3191 βιὸλίον

577 3204 787 3269 τούτους
812 3202 1044 3261 διδάσκει
1067 3199 1420 3281 φαρμακεύειν
1440 3201 1536 3268 τὰς
1554 3200 1763 3270 νόσου;;

579 3292 732 3351 πόθεν
766 3290 821 3349 δὲ
848 3288 1026 3369 θηρσὶν
1051 3294 1085 3359 ἡ
1112 3287 1245 3370 σοφὴ
1267 3290 1567 3369 χειρουργία

580 3381 669 3441 καὶ
698 3378 756 3439 τὸ
784 3377 972 3459 κρίνειν
1000 3374 1220 3453 δύναμιν
1257 3378 1426 3436 ἁπλοῦ
1455 3377 1766 3457 φαρμάκου;

478 3490 559 3530 2⁹0
584 3468 727 3534 τίνας
753 3466 806 3525 δὲ
834 3465 1023 3545 τέχνας
1053 3464 1382 3543 ἀκριδοῧντες
1408 3466 1668 3543 εὐστόχως

581 3558 710 3634 αῖμο
744 3552 1000 3635 ραγούσας
1028 3554 1311 3630 ἐμπεδοῦσι
1338 3553 1432 3619 τὰς
1460 3554 1681 3633 φλέδας,

658 3648 709 3705 0
744 3666 823 3701 τοι
849 3640 1085 3718 ποταμὸν
1111 3642 1334 3722 ἐκπερᾶν
1362 3642 1671 3719 ἡπειγμένοι

579 3732 867 3794 πτύσσουσι
895 3732 1001 3797 τοῖς
1027 3730 1211 3809 κέρασι
1238 3729 1335 3801 τὴν
1361 3730 1713 3809 προδοσκίδα,

583 3820 771 3899 μήπως
793 3817 853 3878 τὸ
883 3824 1078 3900 ῥεῖθρον
1108 3816 1289 3897 εἷσρύῃ
1315 3819 1417 3884 τοῖς
1446 3818 1680 3895 ἐγκάτοις

475 3932 556 3973 205
582 3909 675 3970 καὶ
698 3909 1025 3986 συμποδισθῇ
1051 3904 1109 3965 τὸ
1139 3906 1468 3985 σφυρήλατον
1494 3908 1689 3987 σκάφος

580 4002 753 4080 ὑγροῖς
773 3994 1039 4077 χαλασθὲν
1069 3996 1337 4073 δυστυχῶς
1359 3994 1634 4075 ἑφολκίοις.

582 4085 895 4165 Ὑπανέχειν
927 4081 982 4141 δέ
1006 4106 1159 4175 φασιν
1190 4086 1321 4163 αὐτῇ
1352 4082 1467 4150 τοὺς
1494 4082 1703 4156 τόκους,

581 4176 913 4252 ἀγωνιῶντας
934 4172 1061 4248 πρὸς
1088 4170 1147 4229 τὸ
1177 4174 1345 4251 ῥεῦμα
1370 4178 1459 4232 τοῦ
1486 4174 1669 4251 πόρουξ

660 4262 833 4322 ’Ὅταν
862 4258 918 4317 δέ
940 4284 1017 4325 τις
1040 4258 1242 4337 ὄρυγμα
1276 4260 1555 4340 βοθρεύσας
1580 4262 1715 4339 μέγα

475 4374 554 4413 300
579 4350 790 4417 τούτους
811 4348 993 4426 νομίζῃ
1024 4348 1388 4423 συμπεσόντας
1414 4350 1660 4415 ἀσκόπως

581 4439 669 4499 καὶ
690 4436 1095 4517 προστριὸέντας
1117 4438 1170 4495 ἔν
1196 4440 1385 4517 βραχεῖ
1414 4437 1829 4512 συλλαμὸάνειν,

584 4530 775 4585 ὠθοῦσι
801 4524 889 4583 τὸν
917 4523 1158 4601 μέγιστον
1184 4527 1354 4582 αὐτῶν
1384 4528 1454 4592 εἷς
1478 4526 1657 4603 μέσον,

583 4616 673 4675 καὶ
698 4613 933 4691 καθάπερ
962 4611 1188 4693 γεφύραν
1216 4614 1558 4693 εὐτυχηκότες

583 4703 644 4762 τὸ
670 4699 916 4780 δυσχερὲς
940 4700 1186 4780 φεύγουσι
1214 4704 1307 4771 τῆς
1339 4702 1504 4782 ῥύμης
1538 4700 1706 4781 βάθος.

479 4815 557 4853 305
578 4792 655 4851 Τὸ
683 4789 784 4869 γὰρ
814 4788 1031 4868 κεχηνὸς
1056 4794 1147 4847 τοῦ
1176 4796 1327 4848 κενοῦ
1352 4791 1710 4870 πληρούμενον

580 4880 777 4959 ἤγαγεν
808 4878 993 4945 αὐτοὺς
1020 4879 1088 4943 εἷς
1115 4876 1176 4935 τὸ
1202 4882 1293 4949 τῆς
1315 4879 1477 4959 ὄχθης
1504 4879 1709 4957 πέραν,

589 4968 753 5045 βάδην
782 4970 1071 5029 πατοῦντας
1100 4962 1151 5031 ἐξ
1181 4965 1409 5041 ἀνάγκης
1438 4965 1525 5024 τὸν
1554 4966 1721 5045 φίλον.

594 5056 698 5115 Καί
719 5078 795 5122 τις
822 5052 1090 5134 προτείνας
1116 5052 1203 5109 τὸν
1238 5052 1568 5134 βαρύσφυρον
1596 5053 1733 5113 πόδα

587 5147 821 5223 παρῆκεν
850 5144 990 5221 αὐτῷ
1014 5140 1306 5216 συμὸαλεῖν
1332 5133 1390 5199 εὗ
1413 5140 1506 5210 τὴν
1537 5141 1676 5221 ῥίνα·
1714 5189 1727 5198 .

2089 475 2250 526 subito
2269 481 2437 526 contra
2457 477 2590 527 ilium
2609 477 2916 526 accedentem
2935 476 3218 540 effunditur,

2089 579 2146 614 ac
2163 569 2394 628 primum
2417 565 2599 616 belluae
2619 566 2788 615 oculos
2811 579 3006 627 prorsus
3027 565 3166 615 elidit
3179 603 3194 624 ,

2091 654 2207 703 dum
2230 668 2287 703 os
2307 667 2452 703 sunm
2478 654 2630 704 vetuti
2653 657 2848 704 acutam
2871 653 3110 703 terebram
3135 654 3363 716 intrudit;

2091 746 2195 793 tum
2214 743 2411 806 quando
2431 743 2624 804 grandis
2643 743 2794 792 bestia
2811 741 3149 792 miserabiliter
3168 741 3348 792 amicta

2089 835 2137 880 et
2155 844 2255 894 prae
2273 832 2492 880 caecitate
2509 831 2568 880 ad
2589 843 2797 892 pugnam
2817 829 2990 880 timida
3009 830 3194 881 reddita
3215 833 3288 882 est
3299 868 3316 894 ,

2091 933 2196 967 earn
2221 919 2361 981 spiris
2383 919 2480 968 suis
2507 919 2760 980 implicans
2785 917 2946 967 valide
2969 919 3220 980 praetoeat.

2155 1011 2250 1057 iias
2272 1008 2482 1069 egregias
2505 1007 2690 1056 belluas
2705 1045 2720 1068 ,
2740 1021 2773 1056 0
2793 1009 2928 1068 Rex,
2955 1007 3082 1056 fama
3105 1008 3180 1058 est

2089 1095 2386 1144 naturalibus
2403 1094 2586 1157 tegibus
2601 1094 2770 1146 ordine
2785 1095 3049 1146 constituto
3065 1096 3118 1144 in
3137 1109 3290 1144 unum
3309 1095 3544 1146 collectas

2091 1183 2330 1232 illibatum
2351 1195 2544 1232 servare
2569 1181 2883 1232 humanitatis
2905 1182 3182 1242 amorisque
3203 1181 3358 1230 mutui
3387 1194 3588 1230 sensum

2091 1270 2280 1321 Etenim
2295 1271 2498 1332 iuvenes
2515 1272 2794 1320 reverentur
2811 1269 3092 1320 vetulorum
3111 1271 3446 1333 conspectum,

2093 1365 2142 1410 et
2162 1374 2273 1409 cum
2292 1361 2460 1410 amicis
2478 1361 2744 1410 infortunio
2767 1358 2954 1410 affectis
2971 1359 3166 1421 dotent,
3744 1413 3745 1416 ,

2091 1451 2151 1498 ad
2169 1449 2402 1512 pudorem
2418 1450 2670 1498 hominum
2689 1450 2794 1499 sine
2805 1447 3144 1498 benevolentia
3157 1449 3421 1500 amicitiam
3435 1451 3662 1501 simutan-

2091 1547 2398 1584 communem
2422 1537 2570 1584 on'am
2593 1536 2878 1594 asserentes.
2903 1537 3044 1600 quasi
3061 1537 3240 1597 satem3
3525 1541 3661 1602 [tium
3744 1573 3745 1600 3

2093 1627 2140 1673 et
2161 1637 2256 1672 una
2279 1625 2504 1686 proelium
2531 1624 2699 1674 ineunt
2719 1625 2934 1674 animose
2957 1637 3071 1674 cum
3098 1626 3366 1688 gregalibus
3395 1627 3636 1689 robustis,

2093 1727 2243 1774 (quum
2270 1712 2448 1762 inimici
2472 1712 2574 1762 indi
2601 1713 2648 1762 in
2672 1727 2755 1764 eos
2771 1714 3010 1764 invadunt

2094 1798 2220 1848 tubis
2235 1834 2248 1858 ,
2273 1800 2456 1850 facibus
2469 1838 2483 1862 ,
2505 1800 2700 1850 ensibus
2716 1838 2731 1863 ‚
2755 1801 2906 1852 hastis
2918 1839 2934 1864 ‚

2092 1889 2141 1936 et
2162 1888 2661 1938 terriculamentorum
2694 1890 2830 1939 vario
2855 1891 3078 1953 strepitu.

2097 1977 2342 2026 interdum
2365 1991 2561 2041 quoque
2579 1991 2704 2028 unus
2721 1991 2808 2044 pro
2827 1979 2980 2029 altero
2999 1983 3206 2030 mortem
3223 1981 3416 2043 oppetit
3431 2015 3450 2040 ,

2093 2079 2151 2115 ac
2175 2065 2474 2128 potissimum
2501 2080 2587 2129 pro
2603 2080 2694 2115 sua
2711 2067 2877 2117 sobole
2897 2068 3162 2130 pullorum.

2095 2153 2303 2212 Quando
2327 2168 2444 2204 vero
2467 2154 2662 2205 tandem
2680 2155 2822 2205 desiit
2839 2156 3092 2206 conflictus

2093 2244 2144 2292 et
2159 2245 2477 2306 utrorumque
2495 2243 2544 2292 in
2562 2254 2708 2292 arena
2726 2245 2997 2294 contrarius
3015 2243 3146 2294 nisus
3157 2279 3174 2305 ‚

2093 2332 2311 2395 spectant
2335 2345 2417 2382 eos
2442 2333 2526 2394 qui
2555 2331 2837 2382 vulneribus
2864 2332 3120 2391 laborant,

2095 2423 2145 2470 et
2161 2433 2306 2469 omne
2324 2421 2478 2470 tetum
2497 2419 2782 2483 proboscide
2804 2421 3094 2480 extrahunt,

2095 2508 2225 2572 quod
2243 2508 2294 2557 in
2317 2508 2642 2570 penetralibus
2659 2509 2878 2570 corporis
2897 2509 3064 2558 baeret.

2095 2599 2164 2646 Ne
2184 2610 2299 2646 vero
2317 2602 2480 2646 tumor
2501 2595 2892 2646 inflammationis
2909 2600 3072 2658 postea

2095 2687 2148 2735 in
2173 2685 2329 2734 calida
2355 2685 2487 2746 puris
2507 2683 2794 2733 diverticula
2811 2685 2985 2745 abeat,

2097 2771 2360 2822 infundunt
2381 2785 2604 2821 amarum
2629 2773 2752 2822 atone
2769 2785 2994 2832 succum,
3013 2785 3070 2821 ac

2095 2863 2202 2910 tum
2223 2875 2306 2910 eos
2325 2861 2492 2911 sinunt.
2511 2860 2724 2925 periculo
2745 2861 2974 2911 liberatos
2989 2861 3141 2915 abire.

2097 2951 2269 3001 iisdem
2301 2964 2418 3000 vero
2431 2951 2532 3013 jam
2552 2951 2891 3001 mansuefactis
2907 2964 3104 3000 omnem
3123 2950 3350 3001 morbum

2095 3040 2238 3090 solvit
2255 3040 2424 3089 vinnm
2443 3040 2632 3101 nigrum
2650 3039 2758 3088 loco
2779 3038 3098 3101 Hippocratis.

2099 3129 2160 3177 At
2184 3128 2294 3190 quis
2324 3128 2536 3177 Galenus
2557 3128 2644 3175 aut
2667 3126 2838 3176 Galeni
2859 3126 2982 3177 iiber
3022 3125 3036 3138 ⁸

2098 3217 2185 3265 bos
2201 3215 2344 3266 docet
2361 3216 2544 3265 mederi
2573 3218 2673 3265 suis
2695 3216 2912 3265 morbis?

2099 3305 2226 3355 unde
2249 3304 2362 3354 rerae
2385 3306 2658 3354 consecutas
2677 3307 2794 3354 sunt
2810 3304 2942 3353 iliam
2963 3306 3226 3367 sapientem
3247 3304 3588 3370 chirurgiam,

2095 3394 2146 3441 et
2166 3392 2300 3442 illam
2326 3392 2601 3441 facultatem
2627 3391 2936 3455 dignoscendi
2961 3391 3198 3455 simplicia
3213 3393 3616 3445 medicamenta?

2097 3494 2218 3544 quas
2240 3480 2310 3530 ilii
2335 3482 2466 3530 artes
2487 3484 2588 3529 tam
2612 3480 2845 3543 sagaciter
2867 3482 3211 3542 excoluerunt,

2097 3562 2154 3609 ut
2170 3559 2381 3622 obligare
2398 3560 2558 3610 norint
2576 3572 2722 3609 venas
2739 3560 3011 3611 sauciatas?

2161 3648 2309 3699 tidem
2324 3686 2338 3710 ,
2363 3660 2516 3709 quum
2543 3648 2856 3698 transfretare
2879 3648 3082 3698 fluvium
3103 3649 3418 3699 contendunt
3433 3686 3452 3713 ‚

2097 3736 2324 3786 cornibus
2340 3736 2440 3785 suis
2461 3736 2787 3798 comprimunt
2805 3735 3136 3798 proboscidem

2097 3838 2158 3874 ne
2179 3824 2363 3873 scilicet
2387 3836 2512 3887 aqua
2535 3822 2740 3887 perfluat
2766 3824 2818 3873 in
2841 3825 3058 3873 ventrem

2098 3917 2145 3963 et
2169 3911 2459 3975 impediatur
2474 3911 2698 3961 malleolo
2717 3911 2864 3961 ducta
2881 3911 3057 3974 cymba

2099 4000 2296 4049 humido
2319 4014 2466 4049 onere
2489 4000 2742 4049 infeliciter
2764 3999 2992 4048 distenta.

2099 4088 2276 4138 Eadem
2303 4088 2584 4151 proboscide
2607 4101 2720 4136 eum
2744 4088 2981 4136 sustinere
3005 4086 3176 4136 dicunt
3203 4090 3366 4150 pullos
3391 4104 3516 4142 suos

2100 4176 2278 4227 undam
2298 4176 2429 4226 fluvii
2454 4175 2734 4225 transeundi
2757 4176 3188 4238 perhorrescentes.

2161 4270 2322 4324 Quum
2346 4279 2460 4314 vero
2481 4268 2679 4313 venator
2701 4264 2862 4325 ampla
2879 4264 3020 4313 fovea
3036 4263 3260 4327 depressa

2098 4369 2148 4405 se
2166 4354 2314 4403 credit
2331 4367 2412 4402 eos
2431 4352 2778 4403 inconsiderate
2796 4352 2988 4415 illapsos

2099 4446 2147 4493 et
2167 4443 2302 4505 lapsu
2322 4442 2459 4490 iaesos
2482 4440 2614 4489 brevi
2643 4440 3102 4501 comprehensurum
3119 4477 3135 4502 ‚

2096 4531 2163 4579 itii
2189 4530 2424 4592 gregalem
2449 4528 2663 4591 corporis
2685 4528 2812 4577 mole
2836 4528 3108 4577 maximum
3131 4528 3182 4577 in
3213 4530 3442 4581 mediam
3471 4534 3676 4595 sotrum

2099 4622 2245 4681 atque
2269 4619 2335 4667 ita
2363 4616 2498 4666 vetut
2517 4620 2710 4679 pontem
2733 4616 2865 4665 nacti
3369 4620 3676 4685 [den-udum,

2097 4706 2340 4756 inimicam
2366 4704 2740 4767 profunditatem
2763 4705 2859 4753 viae
2882 4704 3132 4767 effugiunt..

2097 4800 2217 4847 Nam
2243 4795 2401 4843 hiatus
2426 4794 2564 4841 vacui
2594 4806 2765 4855 specus
2789 4793 2858 4842 ita
2881 4794 3089 4856 repletus

2098 4898 2181 4933 eos
2203 4883 2250 4931 in
2279 4881 2542 4943 marginem
2570 4882 2778 4929 atterum
2803 4882 2956 4929 sovcm
2979 4880 3230 4943 perducit,

2099 4972 2377 5021 necessitate
2398 4972 2593 5019 coactos
2611 4968 2824 5018 sodalem
2850 4982 2990 5017 suum
3011 4968 3217 5031 pedibus
3235 4971 3464 5024 calcare.

2101 5060 2304 5110 Posthac
2321 5071 2447 5107 unus
2464 5070 2632 5107 eorum
2657 5056 2898 5119 protendit
2915 5061 3055 5119 capto
3074 5058 3414 5119 ponderosum
3435 5063 3610 5125 pedem

2101 5152 2150 5198 et
2169 5148 2402 5211 permittit
2418 5150 2474 5195 ut
2495 5146 2540 5195 ei
2566 5145 2734 5194 dextre
2755 5145 2965 5206 implicet
2984 5146 3324 5209 proboscidem
3342 5163 3360 5197 z
