3767 5825
901 345 1439 406 ARCHESTRATI
1480 345 1709 406 GELO!
1752 343 1936 418 QUAE
1975 341 2442 405 SUPERSUNT.
3174 350 3250 401 83

698 481 996 542 XXXVII.

2339 477 2638 538 XXXVII.

170 579 281 639 Τὸν
308 579 499 658 χρόμιν
522 581 573 636 ἐν
604 578 785 657 Πέλλῃ
818 577 974 658 λήψει
1011 577 1177 656 μέγαν
1204 579 1222 655 (
1252 578 1361 638 ἔστι
1392 577 1447 636 δὲ
1470 575 1620 650 πίων,
1711 575 1944 626 Chromin
1966 575 2110 626 Pelle.
2132 575 2290 637 capies
2305 586 2534 635 magnum
2554 573 2572 635 (
2589 572 2664 622 est
2683 573 2846 620 autem
2867 570 3054 634 pinguis

174 666 269 724 Ἂν
293 664 437 746 θέρος
458 657 493 745 ᾗ
520 668 541 742 )
568 664 659 723 καὶ
680 667 734 723 έν
772 665 1085 746 Ἀμὸρακίᾳ.

58 777 77 838 (
100 777 170 827 lb.
197 789 245 826 a.
268 777 287 837 )

682 855 1001 916 XXXVIII.

188 940 327 1009 Εἶτα
356 949 535 1008 λαὸεἷν
562 953 765 1030 ψῆτταν
796 949 1052 1027 μεγάλην,
1072 949 1164 1008 καὶ
1196 949 1291 1021 τὴν
1325 950 1624 1028 ὑπότρηχυν

192 1035 542 1116 Βούγλωσσον
568 1038 765 1109 ταύτην
787 1038 957 1117 θέρεος
974 1037 1111 1095 κατὰ
1134 1039 1379 1098 Χαλκίδα
1407 1035 1615 1107 κεδνήν.

62 1149 79 1210 (
106 1149 207 1211 ib„
228 1164 279 1214 p.
307 1155 399 1200 288
426 1149 524 1200 bet
539 1155 633 1201 330
650 1151 733 1212 a.)

172 1351 285 1414 Τὸν
308 1352 425 1412 ὄνον
449 1353 495 1410 δ’
521 1351 797 1426 Ἀνθηδὼν,
829 1352 917 1412 τὸν
940 1351 1231 1430 καλλαρίαν
1250 1353 1546 1422 καλέουσιν,

170 1441 449 1522 ’Βκτρέφει
472 1439 725 1520 εὗμεγέθη
741 1485 760 1518 ,
783 1439 989 1522 σομφὴν
1016 1439 1073 1500 δὲ
1095 1440 1265 1521 τρέφει
1287 1437 1404 1497 τινὰ
1428 1437 1622 1516 σάρκα,

178 1529 410 1596 Κᾶλλως
440 1531 540 1609 οὐχ
566 1530 743 1600 ἡδεῖαν
769 1529 958 1606 ἔμοιγ’,
989 1529 1137 1587 ἄλλοι
1166 1530 1213 1586 δ’
1222 1570 1334 1589 .....

172 1619 451 1679 Αἰνοῦσιν·
476 1618 652 1698 χαίρει
674 1617 778 1697 γὰρ
800 1621 828 1675 ὁ
856 1615 952 1694 μὲν
980 1615 1178 1684 τούτοις
1196 1662 1213 1695 ,
1243 1619 1271 1673 δ
1299 1617 1346 1673 δ’
1371 1613 1601 1678 ἐκείνοις.

68 1735 199 1796 (ἢκ,
218 1747 269 1796 p.
294 1737 387 1784 31⁶
407 1735 489 1794 a.)

784 1822 907 1882 XL.

182 1917 465 1995 Μόρμυρος
483 1913 749 1992 αἰγιαλεὺς
768 1916 925 1982 κακὸς
949 1915 1097 1995 ἰχθὺς
1112 1961 1129 1990 ,
1152 1914 1269 1974 οὐδέ
1294 1915 1411 1973 ποτ’
1434 1913 1628 1978 ἐσθλός.

71 2030 204 2092 (ln,
226 2042 277 2090 p.
307 2032 398 2078 ³13
422 2027 492 2089 ί.)

790 2117 912 2176 XL.

178 2209 421 2290 Κεστρέα
452 2211 541 2269 τὸν
561 2209 883 2288 θαυμαστὸν,
904 2207 1028 2269 ὅταν
1056 2208 1258 2290 χειμὼν
1289 2209 1555 2291 ἀφίκηται.

74 2325 199 2386 (ἰὴ,
221 2338 269 2386 p.
294 2323 493 2384 314⁸.)

752 2412 937 2472 XLll.

178 2506 443 2583 Δᾶμὸανε
466 2505 511 2564 δ’
542 2508 599 2564 ἐκ
628 2504 925 2585 Γαίσωνος,
956 2504 1081 2564 ὅταν
1107 2506 1342 2577 Μίλητον
1368 2504 1550 2576 ἵκηαι,

188 2595 431 2674 Κεστρέα
456 2596 544 2654 τὀν
571 2593 795 2674 κέφαλον
829 2595 920 2652 καὶ
950 2593 1037 2654 τὸν
1081 2591 1331 2651 θεόπαιδα
1359 2592 1631 2672 λάὸρακα·

183 2681 310 2743 Elei
328 2682 431 2761 γὰρ
459 2682 629 2740 ἐνθάδ’
656 2681 857 2762 ἄριστοι
873 2705 887 2719 ·
913 2686 941 2740 ὁ
957 2679 1061 2761 γὰρ
1079 2680 1233 2747 τόπος
1254 2681 1365 2740 ἐστὶ
1387 2686 1631 2746 τοιοῦτος·

184 2769 431 2850 Πιότεροι
464 2771 507 2828 δ’
539 2769 704 2846 ἕτεροι
726 2768 911 2827 πολλοὶ
946 2768 1223 2828 Καλυδῶνί
1240 2792 1297 2826 τε
1324 2770 1539 2845 κλεινῇ,

116 2881 141 2920 ⁶
182 2855 480 2937 Ἀμὸρακίᾳ
508 2858 554 2915 τ’
578 2855 651 2915 ἐνὶ
680 2855 1040 2938 πλουτοφόρῳ,
1066 2856 1245 2937 Βολὸῇ
1269 2856 1316 2915 τ’
1338 2857 1411 2915 ἐνὶ
1436 2856 1593 2935 λίμνῃ
1614 2900 1631 2929 ,

190 2945 333 3006 Ἀλλ’
360 2948 457 3004 οὐκ
486 2944 653 3017 εὐώδη
676 2942 954 3017 κέκτηνται
978 2944 1201 3026 γαστρὸς
1238 2944 1473 3025 ἀλοιφὴν,

183 3032 317 3095 Οὐδ’
340 3032 477 3091 οὕτω
504 3033 766 3114 δριμεῖαν·
797 3034 981 3091 ἐκεῖνοι
1010 3034 1056 3091 δ’
1087 3033 1240 3109 εἰσὶν,
1264 3037 1463 3112 ἑταῖρε,

184 3208 459 3280 Ὀπτήσας
476 3210 744 3285 μαλακῶς,
754 3208 1012 3290 χρηστοὺς
1025 3208 1338 3289 προσένεγκε
1356 3211 1420 3267 δι’
1440 3206 1631 3283 ἅλμης.

114 3320 163 3359 ιο
190 3298 349 3370 Μηδὲ
376 3295 637 3376 προσέλθῃ
666 3319 749 3355 σοι
774 3296 903 3375 πρὸς
925 3294 1111 3377 τοῦψον
1136 3302 1287 3356 τοῦτο
1304 3303 1537 3356 ποιοῦντι

188 3386 347 3457 Μήτε
376 3382 693 3463 Συρακόσιος
712 3382 921 3461 μηδεὶς,
949 3382 1075 3457 μήτ’
1098 3384 1399 3457 Ἰταλιιὶιτης
1414 3408 1426 3420 ·

188 3476 271 3535 Οὔ
292 3473 395 3554 γὰρ
424 3470 730 3531 ἐπίστανται
755 3471 1015 3553 χρηστοὺς
1043 3472 1361 3550 σκευαζέμεν
1387 3486 1467 3539 issi
1478 3482 1522 3529 '12
1544 3519 1554 3537 .

190 3562 353 3621 Ἀλλὰ
373 3560 722 3642 διαφθείρουσι
736 3605 753 3633 ,
780 3564 955 3627 κακῶς
972 3566 1242 3641 τυροῦντες
1271 3562 1479 3619 ἅπαντα

198 3648 353 3719 Ὄξει
372 3672 429 3709 τε
456 3651 714 3729 ῥαίνοντες
740 3652 883 3729 ὑγρῷ
906 3648 995 3707 καὶ
1015 3648 1219 3730 σιλφίου
1246 3648 1416 3730 ἅλμῃ·

122 3758 169 3797 ιι
193 3740 317 3798 Τῶν
345 3738 399 3795 δὲ
427 3736 687 3816 πετραίων
712 3736 957 3817 ἰχθυδίων
985 3740 1086 3795 τῶν
1114 3739 1541 3819 τρισκαταράτων

202 3826 433 3886 Πάντων
448 3826 575 3883 εἰσὶν
598 3823 801 3903 ἄριστοι
818 3823 1177 3900 ἐπισταμένως
1203 3826 1481 3898 διαθεῖναι,

192 3913 303 3973 Καὶ
323 3912 525 3979 πολλὰς
552 3912 690 3978 ἰδέας
708 3915 923 3993 κομψῶς
945 3912 1091 3993 παρὰ
1112 3914 1247 3971 δαιτὶ
1273 3914 1513 3975 δύνανται

198 4000 471 4081 Ὀψαρίων
499 3999 701 4079 τεύχειν
724 4000 989 4081 γλίσχρων
1010 4002 1477 4082 ἡδυσματολήρων.

90 4116 217 4177 (1b.,
238 4128 290 4177 p.
310 4119 399 4164 311
424 4118 514 4177 a.)

761 4196 966 4255 XLIII.

196 4290 441 4371 Κεστρέα
463 4291 511 4349 δ’
538 4290 753 4369 Αἰγίνης
778 4291 829 4359 ἐξ
859 4292 1151 4372 ἀμφιρύτης
1180 4294 1427 4375 ἀγόραζε,

192 4378 439 4460 Ἀνδράσι
460 4378 507 4437 τ’
536 4378 819 4439 ἀστείοισιν
846 4380 1130 4456 ὁμιλήσεις.

96 4494 218 4556 (ιιι,
238 4508 289 4557 p.
312 4497 403 4544 307
430 4492 511 4555 d.)

763 4573 963 4634 XLIV.

196 4666 306 4727 Τὸν
330 4667 385 4725 δὲ
414 4667 573 4726 λάτον
607 4666 693 4727 τὸν
721 4669 922 4728 κλεινὸν
950 4670 1005 4727 ἕν
1028 4669 1233 4751 Ἰταλίῃ
1262 4672 1587 4757 πολυδένδρῳ

198 4753 267 4815 Ὁ
296 4756 593 4822 Σκυλλαῖος
619 4754 727 4835 ἔχει
756 4758 1015 4836 πορθμὸς,
1044 4760 1343 4835 θαυμαστὸν
1372 4762 1589 4841 ἔδεσμα.

101 4865 219 4928 (ιιι,
236 4881 286 4929 p.
310 4873 397 4918 ειι
420 4867 491 4929 ι.)
1392 4848 1399 4857 ”

788 4959 964 5019 XLV.

852 5052 1081 5133 Κίθαρον
1110 5053 1165 5113 δὲ
1194 5056 1389 5114 κελεύω

204 5134 299 5195 Ἂν
326 5136 425 5215 μὲν
448 5137 631 5206 λευκὸς
654 5138 806 5221 ἔῃ....
838 5142 1041 5221 στερεός
1067 5166 1125 5200 τε
1148 5145 1354 5225 πεφύκῃ
1370 5189 1387 5217 ,

1714 664 1908 716 AEsiatis
1929 665 2182 728 tempore)
2203 662 2470 725 itidemque
2494 659 2780 712 Ambracia).

2333 859 2656 919 xxxvnl.

1716 957 1835 1006 Dein
1853 969 1992 1006 sume
2009 969 2243 1018 passerem
2267 967 2494 1018 magnum
2525 957 2576 1004 et
2592 953 2908 1015 subasperam

1716 1045 1904 1094 soleam
1921 1043 2055 1093 illam
2071 1047 2238 1094 aestate
2257 1041 2482 1093 chalcide
2508 1041 2712 1104 inclyta.

2363 1259 2632 1320 XXXIX.

1716 1353 1931 1405 Asellum
1948 1357 2110 1404 autem
2123 1391 2138 1416 ,
2162 1367 2306 1417 quem
2327 1354 2568 1402 callariam
2588 1354 2788 1410 vocant,
2816 1345 3069 1399 Anthedon

1718 1443 1815 1494 Alit
1831 1443 2160 1506 magnitudine
2175 1443 2404 1505 insignem
2418 1458 2432 1504 ;
2448 1441 2591 1490 habet
2599 1452 2712 1488 vero
2723 1438 2803 1487 hic
2809 1439 3111 1500 spongiosam
3122 1447 3274 1499 quan·

2891 1526 2911 1590 [
2932 1526 3044 1576 dam
3064 1541 3276 1587 carnem,

1718 1617 2009 1681 ceteroquin
2030 1617 2158 1667 haud
2177 1619 2382 1680 gratam,
2411 1615 2665 1678 meiudice
2685 1615 2856 1665 saltem
2871 1651 2886 1676 ,
2902 1614 2985 1665 sed
3003 1615 3082 1664 alii

1720 1706 1964 1768 Laudant3
1983 1706 2157 1769 gaudet
2179 1707 2306 1756 enim
2325 1705 2449 1754 alius
2475 1705 2546 1754 liis
2562 1739 2577 1764 ,
2602 1704 2724 1754 alius
2746 1703 2857 1754 illis.

2435 1812 2552 1870 XL.

1721 1921 1936 1979 Mormyr
1949 1917 2168 1967 littoralis
2187 1927 2364 1978 pravus
2381 1914 2526 1977 piscis
2539 1951 2552 1976 ,
2569 1927 2726 1977 neque
2743 1927 2960 1976 unquam
2979 1913 3152 1964 bonus.

2430 2121 2576 2180 xLi.

1723 2217 1948 2280 mugilem
1972 2216 2298 2266 admirabilem
2313 2252 2327 2276 ,
2355 2229 2512 2278 quum
2545 2215 2792 2264 advenerit
2815 2215 3000 2277 hyena.

2411 2419 2596 2479 XLII.

1727 2517 1877 2562 Sume
1895 2525 1957 2562 ex
1982 2513 2213 2573 Gaesone,
2236 2523 2388 2574 quum
2414 2511 2634 2562 Miletum
2651 2513 2866 2574 veneris,

1726 2599 1951 2662 Mugilem
1973 2599 2224 2661 cephalum
2248 2601 2298 2648 et
2322 2599 2523 2649 deorum
2548 2600 2820 2661 progeniem
2844 2600 3049 2662 lupum;

1726 2690 1849 2738 Sunt
1867 2688 1997 2737 enim
2021 2687 2119 2738 illic
2135 2687 2334 2750 optimi;
2359 2701 2472 2736 nam
2488 2687 2623 2736 locus
2639 2687 2708 2736 sic
2731 2701 2784 2737 se
2813 2687 2973 2738 habet.

1725 2779 1848 2827 Sunt
1867 2790 1981 2825 vero
2001 2776 2277 2838 pinguiores
2304 2775 2383 2824 alii
2410 2775 2551 2825 multi
2571 2775 2817 2838 Calydone
2833 2776 3014 2839 inclyta

1726 2864 2094 2927 Ambraciaeque
2117 2864 2358 2927 opulentae
2379 2866 2429 2914 et
2448 2863 2597 2915 Bolbe
2621 2863 2671 2912 in
2691 2864 2799 2914 lacn
2812 2901 2826 2927 ‚

1724 2953 1817 3005 Sed
1834 2967 1934 3003 non
1955 2953 2134 3003 habent
2155 2954 2511 3003 suaveolentem
2540 2954 2722 3003 ventris
2735 2952 3066 3015 pinguedinem
3083 2989 3098 3013 ,

1725 3046 1894 3105 Neque
1915 3042 2034 3091 adeo
2053 3055 2240 3103 acrem3
2263 3042 2341 3093 isti
2362 3055 2478 3091 vero
2495 3042 2607 3089 sunt
2619 3074 2634 3099 ,
2654 3040 2806 3091 amice
2821 3077 2835 3102 ,

1729 3134 1932 3193 Propter
1950 3130 2176 3180 virtutem
2197 3128 2492 3191 admirandi3
2511 3130 2716 3193 integros
2735 3132 2895 3179 autem
2912 3144 2994 3179 eos
3011 3144 3108 3180 non
3125 3130 3287 3180 detra-

1727 3223 1843 3268 Assa
1871 3218 2057 3279 leniter,
2077 3222 2128 3268 et
2147 3216 2416 3279 probandos
2433 3216 2555 3266 infer
2577 3230 2690 3267 cum
2711 3220 2884 3267 muria.
2953 3218 3063 3283 [ctis
3076 3218 3288 3281 squamis

1730 3310 1797 3357 Ne
1816 3320 1930 3356 vero
1948 3306 2034 3355 tibi
2049 3342 2064 3366 ‚
2084 3305 2202 3355 dum
2229 3306 2335 3355 hoec
2353 3306 2478 3367 agis,
2500 3305 2559 3354 ad
2583 3306 2836 3368 opsonium
2856 3306 3054 3357 accedat

1728 3394 2011 3458 Syracusius
2029 3394 2158 3443 ullus
2175 3431 2189 3456 ,
2210 3395 2284 3444 vel
2307 3394 2484 3456 italus;

1729 3486 1886 3533 Bonos
1903 3481 2030 3531 enim
2055 3484 2274 3532 nesciunt
2298 3495 2463 3546 [verare
2484 3482 2636 3544 pisces
2654 3520 2669 3545 ‚

1728 3570 1821 3621 sed
1847 3574 2191 3633 corrumpunt,
2215 3570 2341 3620 male
2358 3584 2498 3621 caseo
2513 3574 2882 3637 conspergentes
2896 3572 3060 3621 omnia

1727 3661 1974 3721 Acetoque
1995 3660 2198 3721 rigantes
2215 3658 2396 3722 liquido
2420 3662 2470 3709 et
2494 3660 2657 3709 laseris
2679 3660 2865 3721 muria3

1732 3746 1873 3803 Quod
1901 3759 2014 3795 vero
2041 3746 2103 3795 ad
2120 3747 2345 3797 saxatiles
2364 3748 2538 3796 attinet
2559 3747 2812 3809 piscimlo‘s
2829 3748 2906 3797 ter
2923 3746 3263 3807 exsecrandos,

1735 3836 1835 3883 Hos
1854 3835 2064 3883 tractare
2077 3822 2294 3883 om'nmm
2317 3834 2498 3897 optime
2517 3834 2817 3896 intelligunt,

1734 3924 1799 3970 Et
1820 3921 1975 3984 lepide
1997 3923 2176 3971 norunt
2197 3922 2244 3971 in
2265 3923 2416 3985 epulis
2435 3922 2612 3971 multas
2632 3922 2812 3985 species
2934 3922 3288 3986 [structorum.

1732 4012 1906 4059 Parare
1926 4010 2234 4071 opsoniorum
2253 4009 2545 4059 viscidorum
2577 4010 2839 4072 nugatoriis
2861 4010 3184 4061 ‘condimentis
3207 4010 3284 4061 in-

2405 4199 2616 4258 XLIII.

1736 4292 1962 4355 Mugilem
1984 4292 2148 4341 aulem
2166 4304 2229 4341 ex
2245 4292 2412 4354 AEgina
2439 4292 2722 4342 circumflua
2747 4302 2980 4355 mercare,

1734 4382 1928 4431 Etcum
1947 4380 2064 4429 viris
2089 4380 2285 4430 urbanis
2309 4394 2411 4430 rem
2432 4380 2646 4432 habebis.

2411 4567 2615 4626 xle.

1740 4664 1910 4713 Latum
1938 4674 2056 4713 vero
2077 4661 2288 4712 nobilem
2317 4662 2366 4712 in
2393 4662 2528 4713 ltalia
2545 4663 2733 4725 sylvosa

1740 4751 1996 4815 Scyllaeum
2023 4752 2200 4801 fretum
2226 4750 2400 4811 habet,
2436 4750 2692 4800 mirificum
2711 4749 2944 4801 edulium.

2435 4947 2605 5006 XLV.

2547 5050 2802 5102 citliarum
2824 5050 2986 5101 autem
3005 5049 3152 5112 jubeo
3170 5082 3184 5104 0

1745 5138 1894 5188 Albus
1917 5136 2113 5201 quidem
2127 5138 2166 5189 sl
2191 5140 2210 5189 i
2211 5139 2336 5189 uerit
2347 5152 2588 5202 carneque
2605 5139 2804 5189 firmiori
2820 5174 2836 5193 .

3015 5260 3087 5299 20·
