3767 5825
482 319 647 392 mn,
1820 303 2254 365 PRAEFA‘rlo.

484 437 624 496 belii
653 438 868 496 lectore
894 456 1011 493 non
1044 434 1261 492 monito
1286 433 1515 509 legitur,
1550 432 1853 490 confirmat
1880 429 2007 487 cod.
2105 426 2462 503 transscripsi
2509 427 2838 503 exemplum
2880 423 3239 482 Wakefieldii
3290 436 3350 479 et
3391 421 3626 497 Briggsii

481 525 733 583 vindob.
766 526 852 583 cf.
884 523 1125 601 Ziegler.
1155 526 1211 577 in
1244 520 1534 579 Theocrit.
1560 524 1603 577 Ι.
1639 520 1733 577 85.
2101 525 2330 571 secutus
2351 557 2367 585 ,
2408 513 2514 571 etsi
2553 532 2662 590 pro
2703 512 2942 570 Moscho
2980 525 3214 569 auctore
3254 522 3476 567 certare
3520 529 3626 565 nou

558 616 858 671 Extremas
894 610 1204 688 particulas
1236 606 1377 665 duas
1403 627 1477 665 ex
1512 606 1858 684 Anthologia
1897 606 2010 663 huc
2100 601 2305 658 ausim.

571 808 738 877 Haec
771 803 1118 874 hactenus
1150 799 1241 871 de
1281 814 1433 871 arte
1462 800 1711 871 critica
1736 853 1755 888 ‚
1804 825 2022 895 quam
2063 800 2396 871 factitavi.
2464 799 2778 870 Alterum
2815 798 3113 870 editoris
3145 797 3468 868 officium
3505 823 3628 893 po-

476 936 691 1006 situm
728 934 858 1004 fuit
890 934 965 1003 in
1004 931 1597 1028 interpretatione
1637 931 1910 1001 Latina.
1957 932 2456 1027 interpretatio
2495 946 2763 1017 autem,
2793 954 3014 1028 quam
3051 929 3263 1018 dedi,
3313 954 3464 1000 non
3523 931 3631 999 illa

474 1065 771 1162 quidem
802 1089 1096 1161 prorsus
1124 1062 1231 1134 est
1271 1086 1460 1133 nova
1482 1114 1500 1151 ,
1532 1062 1657 1133 sed
1696 1063 1938 1133 multis
1970 1063 2043 1134 in
2090 1061 2270 1133 locis
2292 1062 2387 1132 ita
2419 1061 2696 1150 reficta‚
2734 1076 2816 1132 ut
2845 1062 3071 1159 possit
3095 1060 3630 1158 propemodum

474 1221 663 1267 nova
699 1195 971 1267 haberi.
1024 1200 1205 1266 Nam
1233 1209 1595 1291 praeeunte
1638 1194 2108 1293 Kiesslingio,
2160 1194 2292 1291 qui
2337 1195 2486 1289 jam
2541 1195 2812 1290 egregie
2862 1208 3184 1264 versatus
3221 1208 3324 1263 est
3357 1194 3434 1262 in
3480 1193 3631 1263 vul-

471 1343 629 1424 gata
672 1329 1005 1399 versione
1040 1326 1438 1424 prudenter
1473 1325 1921 1421 castiganda,
1955 1351 2086 1422 ego
2119 1328 2195 1397 in
2235 1352 2321 1398 eo
2357 1327 2822 1423 potissimum
2860 1325 3267 1412 elaboravi,
3315 1326 3629 1421 primum

476 1474 558 1529 ut
596 1483 761 1530 vera
816 1473 997 1529 esset
1036 1458 1576 1555 interpretatio,
1645 1482 1879 1555 neque
1933 1457 2131 1530 aliud
2187 1458 2651 1555 eloqueretur
2694 1471 2913 1553 atque
2975 1456 3293 1529 bucolici
3353 1457 3628 1543 Graeci,

472 1590 734 1661 deinde
762 1606 843 1662 ut
875 1606 1257 1688 poetarum
1297 1591 1734 1661 sententiam
1780 1615 1927 1660 non
1970 1591 2306 1661 universe
2337 1590 2464 1661 sed
2504 1588 2866 1685 sigillatim
2902 1604 2974 1660 et
3013 1605 3347 1661 accurate
3378 1589 3631 1659 redde-

474 1736 606 1791 ret-
663 1722 886 1818 Cujus
926 1721 1163 1792 laudis
1220 1745 1303 1792 ac
1348 1722 1632 1791 virtutis
1688 1720 2056 1792 studiosus
2108 1747 2256 1793 non
2311 1722 2520 1793 anxie
2579 1723 2794 1793 vitavi
2847 1721 3202 1793 vocabula
3247 1737 3631 1817 argenteae,

471 1878 635 1949 quae
667 1853 959 1943 dicitur,
997 1856 1260 1943 aetatis3
1291 1878 1451 1951 quae
1485 1854 1616 1950 qui
1656 1854 1950 1924 vitanda
1992 1879 2144 1925 esse
2175 1853 2437 1925 dicunt
2465 1857 2888 1926 Graecorum
2914 1869 3163 1951 poetas
3189 1854 3263 1924 in
3301 1854 3633 1925 Latinum
3736 1890 3737 1895 κ

473 2010 887 2057 sermonem
938 1956 1578 2074 convertentibus,
1640 2010 1752 2055 nae
1790 1986 1897 2056 illi
1953 2001 2123 2056 sunt
2163 1986 2380 2057 nimis
2431 1988 2659 2058 severi
2712 2002 2784 2057 et
2837 1986 3156 2058 molestis
3217 1985 3634 2079 ambagibus
3736 2060 3737 2065 ,

473 2118 693 2213 magis
733 2117 1070 2190 delectari
1112 2133 1473 2213 coguntur
1498 2143 1719 2214 quam
1754 2117 2212 2189 considerata
2243 2118 2726 2215 simplicitate.
2759 2122 3012 2214 Neque
3047 2119 3325 2214 captavi
3355 2117 3635 2211 elegan-

475 2253 640 2322 tiam
680 2252 1047 2348 quandam
1084 2252 1549 2348 exquisitam,
1596 2251 1723 2322 sed
1766 2276 2047 2321 memor
2085 2252 2443 2349 propositi
2490 2254 2632 2324 mei
2695 2253 3209 2349 interpretatus
3266 2277 3428 2323 sum
3483 2276 3626 2322 ver·
3736 2224 3737 2251 ³

472 2384 652 2455 bum
689 2384 779 2455 de
823 2384 1046 2455 verbo
1072 2436 1092 2471 ‚
1144 2385 1285 2455 nisi
1327 2383 1538 2454 aliam
1582 2383 1973 2455 verborum
2005 2384 2561 2456 collocationem
2604 2384 2921 2481 flagitare
2953 2383 3337 2455 videbatur
3365 2386 3634 2480 perspi-

473 2518 720 2589 cuitas.
760 2520 908 2587 Hac
939 2517 1154 2613 igitur
1194 2516 1477 2587 ratione
1513 2516 1831 2587 effecisse
1863 2542 1981 2588 me
2019 2532 2201 2614 puto
2225 2570 2243 2606 ,
2283 2533 2363 2588 ut
2394 2519 2639 2589 Latina
2668 2516 2948 2616 ubique
2978 2531 3126 2588 tam
3154 2516 3397 2587 verbis
3417 2540 3635 2611 quam
3736 2594 3737 2607 χ

472 2650 827 2721 sententia
861 2674 1030 2719 cum
1068 2648 1338 2720 Graecis
1385 2650 1615 2719 amice
1652 2650 2116 2721 conveniant.
2161 2652 2348 2720 Sane
2385 2650 2688 2747 quidem
2722 2675 2978 2722 sensus
3003 2648 3500 2745 complurium
3540 2648 3636 2717 lo·

472 2808 728 2854 corum
791 2783 1107 2853 incertus
1160 2796 1265 2851 est
1315 2796 1533 2877 atque
1578 2762 2010 2875 ambiguus,
2051 2781 2178 2853 sed
2225 2807 2339 2853 me
2377 2783 2470 2854 ab
2502 2783 2658 2855 aliis
2705 2782 2853 2855 non
2893 2798 3165 2855 temere
3221 2781 3636 2851 dissensisse

472 2894 846 3013 apparebit
895 2941 978 2985 ex
1033 2914 1504 2986 adnotatione
1560 2939 1779 3012 supra
1837 2915 2148 3009 adjecta,
2211 2916 2285 2986 in
2327 2940 2471 3012 qua
2526 2916 2860 3012 quaedam
2909 2930 3234 3013 spectant
3280 2914 3373 2985 ad
3411 2916 3634 2985 solam
3736 2894 3737 2905 ἶ

472 3050 1162 3145 interpretationem.
1202 3046 1410 3118 Volui
1437 3048 1632 3118 enim
1668 3047 1944 3143 ubique
1981 3062 2346 3118 remotum
2386 3072 2501 3120 me
2535 3073 2688 3120 esse
2714 3063 3073 3145 quantum
3110 3049 3202 3120 ab
3233 3047 3637 3119 affirmandi
3736 3079 3737 3082 ¹

472 3181 904 3275 arrogantia,
949 3193 1231 3250 tantum
1293 3179 1334 3250 a
1390 3181 1790 3250 temeritate
1845 3180 2310 3251 assentiendi.
2373 3185 2607 3276 Atque
2658 3182 2730 3250 in
2770 3183 3019 3251 animo
3081 3205 3244 3251 meo
3287 3179 3638 3276 insculpta
3736 3187 3737 3202 l

477 3311 790 3383 haerebat
829 3312 1060 3406 imago
1099 3310 1485 3396 δίεόείιζςίἰ,
1530 3311 1704 3382 olim
1746 3313 2204 3409 praeceptoris
2238 3311 2415 3382 mihi
2446 3312 2948 3402 dilectissimi,
2979 3313 3111 3408 qui
3144 3313 3252 3382 vir
3287 3312 3641 3382 candidis-

476 3445 672 3517 simae
703 3444 957 3514 animae
991 3448 1065 3513 in
1090 3446 1389 3514 Pausan.
1421 3443 1565 3513 vol.
1592 3447 1708 3514 IV.
1745 3468 1815 3539 p.
1847 3449 2043 3516 XXII
2067 3446 2380 3539 ingenue
2407 3446 2504 3517 ita
2534 3447 2816 3543 scripsit
2852 3473 2868 3516 ε
2897 3476 2930 3509 «
2957 3447 3373 3516 meminisse
3403 3445 3638 3530 decet,
3736 3455 3737 3544 J

477 3577 807 3648 homines
844 3600 981 3647 nos
1018 3599 1173 3647 esse
1198 3627 1218 3664 ,
1258 3600 1576 3671 quorum
1611 3575 1938 3647 studium
1967 3578 2114 3648 veri
2147 3578 2620 3672 investigandi
2658 3603 3033 3674 nunquam
3063 3577 3361 3673 quidem
3393 3577 3641 3648 labore

476 3709 842 3804 defatigari
873 3706 1171 3796 debeat,
1208 3731 1393 3804 saepe
1426 3722 1666 3779 tamen
1700 3733 1741 3778 a
1777 3724 1970 3779 recta
2007 3709 2117 3779 via
2153 3708 2376 3780 soleat
2417 3708 2811 3806 cupiditate
2841 3707 3128 3779 abduci.
3155 3711 3394 3794 Quare
3435 3710 3643 3778 etiam

478 3842 606 3913 ubi
647 3841 818 3912 mihi
860 3841 1060 3912 visus
1091 3865 1253 3912 sum
1297 3841 1603 3911 certiora
1645 3855 1999 3935 sequutus
2028 3840 2194 3937 jure
2244 3839 2339 3910 ab
2375 3840 2528 3910 aliis
2574 3839 2990 3930 dissentire,
3049 3838 3456 3910 cavendum
3525 3865 3648 3935 pu-

480 3983 657 4069 tavi,
702 3997 893 4052 certe
931 4006 1180 4053 cavere
1226 3981 1466 4063 volui,
1516 4005 1607 4052 ne
1648 4006 1971 4077 unquam
2026 3979 2478 4052 effunderem
2517 3987 2660 4064 ἔπος
2699 3987 2856 4076 μέγα
2885 4005 2955 4049 ³).
3736 4077 3737 4080 Ἴ

574 4115 724 4220 Alia
762 4113 855 4184 ad
891 4115 1555 4212 interpretationem
1600 4113 2038 4210 spectantia,
2085 4137 2244 4209 quae
2293 4112 2631 4184 uberiore
2679 4111 3160 4209 explicatione
3205 4137 3414 4206 egere
3455 4113 3646 4182 vide·

482 4262 754 4335 rentur,
814 4247 1159 4316 reservavi
1198 4244 1290 4316 ad
1344 4246 1652 4316 Lexicon
1692 4244 2199 4315 Theocriteum
2237 4248 2587 4316 Bioneum
2643 4244 3106 4334 Moscheum,
3163 4245 3235 4314 in
3284 4271 3440 4340 quo
3484 4272 3646 4315 con-

480 4380 724 4453 dendo
777 4393 1175 4474 occupatus
1219 4403 1381 4449 sum
1404 4430 1424 4467 ,
1457 4378 1873 4474 exemplum
1906 4379 2366 4474 propositum
2398 4377 2672 4448 habens
2705 4377 2906 4473 quod
2941 4377 3342 4447 Ellendtius
3373 4378 3645 4473 praeivit
3736 4361 3737 4380 ³

482 4515 553 4584 in
600 4514 876 4608 egregio
916 4513 1173 4582 Lexico
1210 4505 1644 4607 sophoclem
1722 4510 2141 4581 Scribebam
2197 4510 2548 4582 Molhusae
2603 4513 2677 4580 in
2743 4509 3167 4604 Thuringia,
3227 4481 3391 4606 quae
3451 4535 3649 4580 nunc
3736 4583 3737 4624 ἢ

482 4659 680 4741 paret
731 4645 1096 4732 BorussiS,
1160 4643 1495 4716 Calendis
1544 4643 1793 4731 Maiis,
1846 4643 1964 4714 die
2019 4645 2090 4712 in
2155 4643 2573 4714 memoriam
2625 4641 2894 4712 Christi
2948 4641 3040 4712 ad
3079 4640 3366 4712 Coelites
3425 4641 3652 4714 evecti

484 4775 833 4848 celebrata
868 4803 929 4848 a.
968 4780 1474 4848 MDCCCXLV.
