3767 5825
1485 291 1913 349 PRAEFATlo.

238 433 360 476 τοῖσι
378 429 420 477 δ’
444 428 535 491 ἄρα
557 427 801 489 στυγεροὺς
818 425 986 474 Ποιναὶ
1002 424 1226 485 uel-trove?
1241 422 1485 485 ὑμεναίους

238 500 475 561 νερτὲριαι,
505 498 735 560 χείρεσσιν
760 495 1053 557 ἀναψάμεναι
1068 495 1175 555 πυρὶ
1198 494 1373 547 πεύκας
1388 506 1398 517 ·

240 570 439 630 μητράσι
456 568 545 629 γὰρ
564 568 802 629 σφετέραις
823 564 1087 627 φιλοτήσιον
1112 564 1157 619 ἐς
1175 565 1310 626 λέχος
1329 564 1483 621 ἦλθον.

136 692 231 757 Qui
284 688 709 767 comparaverit
772 686 1003 744 solitam
1054 681 1261 763 poetae'
1281 685 1645 761 jejunitatem
1663 730 1679 759 ,

133 778 285 834 etiam
302 780 363 836 in
380 780 583 835 ceteris
594 775 799 834 incesti
820 772 1133 849 generibus
1147 787 1432 830 servatam
1450 773 1528 849 (v.
1554 796 1575 829 1
1587 774 1681 849 59,

138 886 261 936 170,
312 876 418 937 174
464 886 580 941 sq.,
620 866 763 940 196,
810 866 990 938 204),
1034 863 1099 919 in
1132 882 1257 919 eam
1292 862 1681 938 conjecturam

134 954 283 1011 facile
310 954 615 1030 inciderit,
654 952 948 1026 singulare
987 949 1231 1024 aliquod
1270 951 1505 1007 illorum
1537 961 1684 1007 tem-

134 1062 326 1117 porum
370 1042 592 1100 facinus
620 1039 895 1118 pluribus
930 1038 1127 1096 verbis
1160 1060 1192 1095 a
1219 1051 1389 1117 poeta
1418 1037 1686 1095 celebra—

138 1140 241 1185 tum
278 1148 423 1186 esse.
457 1128 555 1199 Et,
592 1147 725 1185 ecce
760 1128 1061 1185 commode
1098 1146 1159 1184 se
1200 1126 1373 1183 offert
1403 1128 1687 1182 Caracalli

130 1216 397 1291 flagitium
417 1261 433 1288 ,
467 1216 571 1293 qui
590 1258 605 1287 ,
646 1229 715 1273 ut
748 1214 943 1273 verbis
984 1228 1115 1273 utar
1141 1215 1273 1271 AElii
1303 1214 1595 1292 Spartiani
1624 1214 1687 1271 in

128 1308 313 1361 Severo
346 1326 399 1365 c.
453 1326 522 1361 21
547 1349 562 1376 ,
609 1330 633 1355 α
663 1323 971 1361 novercam
994 1347 1009 1374 ,
1044 1318 1276 1359 matrem
1306 1310 1437 1377 quin
1483 1310 1682 1371 1'mm0,

128 1394 182 1448 in
196 1392 360 1470 cujus
384 1394 517 1451 sinu
536 1392 739 1451 Getam
760 1393 945 1449 filium
966 1391 1093 1469 ejus
1112 1392 1423 1463 occiderat,
1447 1412 1687 1449 uxorem

126 1480 297 1540 duxit.
335 1508 361 1533 υ
396 1481 583 1549 Quam
612 1500 733 1539 rem
761 1492 1027 1539 accurate
1046 1478 1199 1537 idem
1222 1493 1455 1538 enarrat
1482 1481 1543 1538 in
1562 1482 1691 1537 Vita

128 1569 300 1645 ipsius
331 1573 623 1627 Caracalli
650 1590 703 1626 c.
744 1590 813 1626 10
847 1591 861 1625 :
904 1595 927 1619 «
955 1573 1206 1627 Interest
1222 1570 1396 1640 scire,
1426 1569 1692 1645 quemad·

132 1682 154 1708 «ι
189 1657 425 1715 modum
443 1676 752 1714 novercam
770 1676 926 1714 suam
951 1656 1171 1714 Juliam
1195 1675 1434 1713 uxorem
1462 1657 1692 1714 duxisse

132 1770 154 1794 «ι
184 1744 433 1804 dicatur.
460 1744 601 1813 Quae
625 1764 805 1822 quum
832 1758 979 1803 esset
998 1745 1423 1822 pulcherrima,
1447 1758 1503 1801 et
1526 1745 1691 1821 quasi

132 1859 152 1881 ιι
182 1853 286 1907 per
308 1834 721 1910 negligentiam
750 1854 811 1891 se
832 1834 1085 1891 maxima
1105 1830 1370 1910 corporis
1392 1847 1555 1910 parte
1580 1854 1690 1890 nu-

132 1946 153 1969 a
184 1919 395 1991 (lasset,
426 1921 785 1998 dixissetque
814 1920 1173 1991 Antoninus,
1199 1918 1447 1992 Vellem,
1474 1921 1521 1977 si
1551 1921 1689 1979 lice-

133 2033 153 2057 a
184 2022 267 2065 ret
292 2031 309 2079 ;
346 2007 717 2086 respondisse
748 2008 929 2065 fertur
954 2028 969 2067 :
1000 2008 1063 2065 Si
1088 2006 1261 2079 libet,
1284 2008 1437 2065 licet.
1481 2010 1575 2065 An
1603 2028 1696 2066 ne-

133 2121 154 2145 «ι
187 2097 300 2155 scis
342 2109 397 2154 te
425 2098 834 2174 imperatorem
876 2114 1029 2166 esse,
1068 2108 1127 2153 et
1161 2096 1319 2171 leges
1354 2098 1525 2168 dare,
1554 2117 1694 2167 ,non

134 2209 157 2233 ει
189 2184 491 2261 accipere?
520 2183 651 2252 Quo
674 2182 893 2253 audito,
907 2182 1082 2254 fur-or
1100 2186 1411 2240 Inconditus
1447 2183 1518 2240 ad
1554 2184 1691 2241 effe·

132 2297 153 2319 n
188 2284 342 2327 ctum
388 2272 655 2328 criminis
685 2269 995 2329 roboratus
1040 2282 1158 2339 est,
1200 2274 1551 2349 nuptiasque
1600 2292 1695 2330 eas

136 2385 155 2405 ι
191 2358 512 2418 celebravit
530 2402 547 2430 ‚
581 2378 727 2436 quas
746 2403 761 2429 ,
797 2359 849 2417 si
883 2360 1063 2417 sciret
1090 2377 1152 2417 se
1174 2358 1329 2435 leges
1357 2358 1526 2433 dare,
1558 2380 1697 2419 vere

133 2471 154 2496 α
188 2447 350 2503 solus
385 2445 699 2523 prohibere
739 2445 1055 2505 debuisset.
1085 2450 1335 2503 Matrem
1358 2448 1511 2506 enim
1548 2450 1697 2523 (non

132 2561 153 2583 ιι
186 2539 307 2592 alio
324 2538 567 2602 dicenda
585 2548 712 2592 erat
731 2538 987 2611 nomine)
1006 2538 1176 2591 duxit
1188 2556 1447 2609 uxorem3
1466 2536 1538 2595 ad
1564 2558 1695 2616 par-

132 2650 153 2673 κ
189 2623 471 2681 ricidium
485 2623 689 2701 junxit
713 2631 1008 2692 incestum;
1039 2624 1327 2700 siquidem
1346 2644 1473 2683 eam
1500 2626 1697 2684 matri-

132 2739 151 2759 «
192 2714 401 2771 monio
418 2713 693 2783 sociavit,
718 2711 889 2789 cujus
914 2712 1099 2771 filium
1123 2730 1309 2790 nuper
1325 2712 1635 2771 occiderat.
1665 2736 1690 2762 »

124 2796 293 2857 Vides
328 2801 681 2859 luculentius
725 2800 874 2858 illud
914 2800 1195 2875 flagitium
1224 2800 1417 2857 notari
1444 2819 1560 2858 non
1592 2819 1697 2877 po·

127 2888 304 2947 tuisse
330 2910 345 2946 :
374 2908 546 2966 quam
568 2903 791 2961 notam,
825 2889 1057 2966 quibos
1089 2889 1403 2967 scriptores
1434 2888 1700 2947 Historiae

125 2977 401 3050 Augustae
444 2978 707 3049 noverit,
757 2998 830 3035 ex
860 2980 1005 3055 ipsis
1048 2977 1357 3052 aequalium
1401 2990 1698 3034 auctorum

124 3064 569 3121 commentariis
588 3063 849 3122 haustam
888 3083 1012 3122 esse
1047 3065 1195 3123 nihil
1226 3064 1610 3135 dubitaverit,
1637 3077 1701 3120 ut

122 3151 448 3208 clarissime
474 3151 612 3209 inde
631 3165 935 3230 appareat,
970 3173 1143 3230 quam
1177 3153 1505 3210 communis
1537 3153 1703 3210 fuerit

122 3252 175 3292 vt
208 3239 493 3296 diuturna
522 3239 823 3298 hominum
857 3241 929 3298 de
961 3242 1087 3299 istis
1120 3240 1341 3315 nuptiis
1362 3240 1704 3317 OEdipodio-

126 3327 241 3382 niis
272 3329 632 3402 indignatio.
675 3329 988 3390 corollarii
1026 3331 1154 3387 loco
1202 3329 1382 3386 affero
1410 3342 1702 3406 postremo

124 3418 494 3488 Heliogabali
519 3415 806 3472 insaniam
824 3458 841 3486 ,
864 3419 997 3491 qui,
1027 3428 1168 3473 teste
1190 3415 1490 3494 Lamprid.
1514 3437 1566 3476 c.
1602 3438 1667 3473 21
1682 3462 1698 3488 ,

129 3527 151 3548 «ι
183 3501 393 3560 leones
415 3515 473 3560 et
497 3503 802 3580 leopardos
827 3517 1149 3562 exarmatos
1180 3507 1243 3562 in
1272 3505 1501 3562 deliciis
1526 3505 1704 3562 habe-

126 3615 147 3638 «
192 3588 319 3661 bat,
342 3611 489 3667 quos
506 3591 736 3649 edoctos
757 3612 865 3669 per
887 3600 1286 3650 mansuetan'm·
1313 3594 1506 3651 subito
1527 3594 1598 3650 ad
1625 3613 1706 3651 se-

124 3704 147 3726 «
184 3679 447 3737 cundam
483 3693 541 3736 et
568 3679 790 3737 tertiam
836 3701 1090 3738 mensam
1128 3680 1377 3758 jubebat
1412 3681 1706 3739 accumbe·

121 3789 145 3814 α
178 3785 280 3837 re;
320 3792 350 3819 ι
378 3766 817 3844 elephantorum
859 3769 1033 3826 etiam
1072 3783 1128 3826 et
1165 3770 1521 3827 camelorum
1570 3790 1705 3846 qua-

116 3853 314 3929 drigis
339 3854 658 3914 delectatus
680 3857 699 3933 (
718 3856 791 3914 cs.
818 3877 865 3914 c.
895 3859 967 3914 23
992 3855 1031 3934 ).

200 3942 289 4000 Ex
340 3943 437 4001 his
462 3943 669 4018 igitur,
697 3964 829 4020 quae
867 3944 1170 4023 hucusque
1212 3947 1502 4023 disputata
1537 3960 1702 4017 sunt,

116 4047 229 4102 pro
276 4043 444 4088 certo
485 4044 630 4108 puto
672 4031 1074 4090 affirmandum
1116 4052 1242 4091 esse
1277 4033 1391 4091 hoc
1425 4055 1438 4089 :
1477 4047 1703 4111 poetam

118 4133 319 4193 neque
340 4130 477 4175 ante
492 4127 806 4176 Antoninos
830 4141 1019 4196 neque
1038 4134 1172 4196 post
1195 4125 1588 4178 Alexandrum
1607 4127 1705 4178 Se-

118 4223 311 4260 verum
358 4205 611 4277 vixisse,
658 4209 799 4265 satis
829 4207 1215 4286 probabiliter
1234 4229 1391 4268 ⁰vero
1436 4208 1707 4266 concludi

116 4311 336 4366 posse:
370 4311 503 4350 eum
524 4296 657 4372 ipso
677 4301 1010 4354 Alexandro
1028 4301 1227 4356 Severo
1251 4299 1569 4376 imperante
1589 4319 1708 4355 car-

114 4399 255 4436 men
278 4399 461 4438 suum
484 4382 735 4442 edidisse
751 4427 767 4455 ,
796 4404 967 4461 quem
998 4385 1073 4443 ab
1106 4405 1261 4444 anno
1293 4406 1405 4444 aaa
1431 4406 1611 4463 usque
1636 4386 1708 4444 ad

114 4485 351 4524 annum
388 4468 499 4524 235
522 4490 787 4546 regnasse
810 4486 1051 4532 constat.

200 4555 372 4612 Huic
406 4557 753 4633 conjecturae
784 4562 1004 4638 optime
1032 4565 1345 4621 convenire
1374 4575 1556 4640 poetae
1589 4583 1707 4620 ser-

115 4664 371 4702 monem
412 4656 583 4721 atque
610 4668 884 4724 versuum
926 4650 1407 4709 modulandorum
1444 4653 1709 4728 proprie-

110 4745 301 4790 tatem
340 4751 465 4788 non
493 4753 640 4809 opus
666 4749 755 4794 est
777 4751 841 4795 ut
864 4739 1063 4797 multis
1086 4738 1386 4816 probetur.
1412 4739 1528 4796 Nec
1554 4741 1705 4797 enim

111 4839 473 4897 quenquam
519 4825 864 4882 exstiturum
910 4830 1143 4905 opinor,
1193 4829 1295 4904 qui
1342 4827 1480 4884 hinc
1518 4829 1711 4904 petitis

108 4907 499 4984 argumentis
528 4907 686 4966 illam
714 4913 1102 4990 conjecturam
1131 4915 1471 4973 labefactare
1492 4928 1589 4972 aut
1618 4937 1684 4971 ro

112 5011 301 5052 netur
314 5008 424 5052 aut
444 4995 652 5056 valeat.
670 4997 888 5057 Tamen
910 5001 1084 5078 hujus
1108 5003 1491 5078 quoqueloci,
1509 5007 1603 5076 qui
1628 5016 1711 5058 est

110 5085 187 5142 de
208 5084 491 5142 dictione
515 5097 571 5140 et
584 5105 758 5145 versu
777 5101 983 5164 poetae‚
1007 5110 1191 5167 pauca
1211 5090 1523 5148 delibanda
1542 5105 1673 5148 sunt
1691 5136 1705 5163 ,

387 5197 588 5234 ananus.-

1776 442 1906 497 quae
1932 422 2180 479 maxime
2207 421 2502 498 pertinent
2533 419 2604 478 ad
2636 420 3146 487 demonstrandam
3176 422 3345 479 etiam

1773 511 1864 567 his
1884 512 1946 568 in
1961 509 2134 567 rebus
2151 511 2328 566 trium
2343 508 2630 568 librorum
2647 510 3117 571 similitudinem.
3131 509 3345 568 Obser-

1775 612 2062 656 vaverunt
2080 597 2339 675 quaedam
2364 598 2670 656 novissimi
2693 598 2948 656 editores
2977 598 3038 656 in
3060 619 3350 657 commen·

1775 688 1991 743 tatione
2039 688 2341 763 praemissa
2385 706 2437 745 c.
2488 685 2584 757 IV,
2615 705 2676 763 p.
2704 706 3022 744 xxiii-xxxx
3039 732 3055 757 ,
3106 688 3207 746 sed
3241 688 3348 765 ita,

1775 786 1839 830 ut
1863 793 2050 849 neque
2071 794 2187 847 qua
2207 774 2433 831 ratione
2455 774 2687 849 singula
2704 775 2990 850 elegerint
3012 775 3152 834 satis
3173 795 3352 854 appa·

1776 876 1922 932 reat,
1949 875 2007 918 et
2034 863 2363 939 promiscue
2393 882 2594 919 omnes
2619 882 2719 919 sex
2743 862 2934 921 libros
2953 876 3348 938 pertractave-

1776 952 1913 1010 rint.
2699 940 2704 948 ¹

1858 1036 2012 1096 Usus
2066 1051 2154 1096 est
2211 1040 2458 1096 omnino
2503 1052 2677 1114 poeta
2740 1039 3027 1098 sermone'
3061 1042 3310 1119 simplici
3333 1087 3349 1115 ,

1778 1127 1957 1197 sicce,
1991 1146 2064 1183 ne
2088 1125 2276 1183 dicam
2297 1126 2505 1204 jejuno
2521 1174 2537 1203 ‚
2564 1126 2647 1184 ita
2665 1140 2753 1198 ut,
2771 1146 2902 1204 quae
2932 1126 3126 1199 vellet,
3151 1130 3354 1203 paucis

1777 1212 1970 1288 iisque
2009 1234 2132 1271 rem
2177 1214 2332 1273 nude
2375 1214 2844 1291 significantibus
2889 1212 3192 1271 vocabulis
3230 1214 3353 1291 ple·

1778 1321 2027 1378 rumque
2055 1303 2423 1381 expresserit.
2450 1302 2644 1361 Verba
2670 1307 2794 1378 ipsa
2832 1320 3096 1377 magnam
3129 1313 3354 1377 partem

1779 1391 1962 1467 epica}
2001 1410 2241 1467 poeseos
2286 1391 2619 1449 communia
2659 1404 2826 1463 sunt,
2871 1390 2986 1447 alia
3009 1409 3083 1447 ex
3124 1391 3354 1467 vulgari

1782 1498 2047 1537 sermone
2085 1494 2182 1537 aut
2224 1500 2296 1537 ex
2334 1481 2478 1537 artis
2520 1480 2786 1537 terminis
2815 1478 3192 1556 deprompta,
3225 1500 3354 1559 quae

1780 1580 1916 1624 sunt
1939 1570 2058 1624 sere
2085 1567 2405 1643 ejusmodi,
2437 1580 2503 1625 ut
2526 1566 2670 1644 quid
2700 1566 2776 1624 iis
2809 1566 3138 1638 denotetur,
3173 1568 3358 1643 epicis

1782 1654 2084 1712 vocabulis
2111 1676 2225 1712 non
2257 1668 2370 1713 tam
2396 1653 2660 1713 breviter
2682 1668 2742 1712 et
2762 1656 2918 1712 nude
2940 1654 3060 1712 dici
3084 1656 3356 1732 potuerit.

1782 1743 2070 1815 Omnino,
2113 1745 2162 1801 si
2189 1764 2222 1800 a
2259 1756 2446 1801 metro
2486 1744 2618 1821 ipso
2659 1744 2998 1814 recesseris,
3024 1744 3222 1819 potius
3239 1745 3359 1802 sin-

1784 1831 1956 1905 gulis,
1981 1851 2111 1907 quae
2130 1832 2357 1906 poetica
2377 1844 2534 1905 sunt,
2556 1831 2872 1901 vocabulis,
2893 1850 3064 1906 quam
3087 1833 3362 1891 universo

1784 1919 2072 1976 orationis
2096 1920 2294 1977 colore
2314 1940 2347 1977 a
2371 1939 2547 1996 prosa
2564 1917 2782 1977 differt.
2811 1919 2968 1989 Sola,
2999 1940 3115 1997 qua
3140 1923 3364 1999 conspi-

1785 2026 1928 2065 cuus
1955 2019 2064 2077 est,
2089 2007 2325 2064 ubertas
2350 2009 2411 2065 in
2437 2007 2848 2066 coacervandis
2871 2006 3166 2066 similibus
3186 2030 3362 2067 voca·

1785 2091 1942 2151 bulis
1965 2095 2317 2165 continetur,
2346 2115 2464 2172 quo
2496 2095 2746 2165 clarius),
2782 2094 2927 2171 quid
2957 2114 3190 2172 quaque
3217 2115 3361 2153 con-

1786 2182 2108 2240 stellatione
2147 2183 2535 2257 significetur,
2574 2196 2869 2261 appareat.
2915 2182 3166 2240 Perraro
3204 2183 3364 2242 locos

1786 2270 2037 2329 inseruit
2052 2271 2253 2348 aliquo
2272 2271 2503 2350 poetico
2523 2284 2732 2327 ornatu
2746 2272 3064 2327 instructos
3079 2314 3095 2341 ,
3115 2292 3364 2347 quorum

1786 2356 2308 2417 luculentissimum
2323 2358 2397 2417 de
2417 2350 2720 2417 similibus
2731 2358 2935 2435 OEdipi
2951 2360 3171 2436 nuptiis
3189 2380 3367 2439 supra

1788 2445 2094 2525 adscripsi.
2143 2446 2324 2506 Etiam
2363 2450 2428 2506 in
2471 2446 2792 2506 verborum
2820 2446 3257 2524 jungendorum
3306 2464 3368 2508 et

1787 2536 2309 2595 construendorum
2363 2536 2592 2595 ratione
2639 2537 3109 2614 simplicissimus
3151 2550 3260 2610 est,
3303 2550 3370 2597 ut

1785 2625 2139 2701 paucissima
2171 2639 2392 2684 tantum
2417 2644 2550 2700 quae
2575 2637 2779 2683 notatu
2819 2626 2998 2700 digna
3023 2625 3366 2703 videantur,

1788 2730 1861 2767 ex
1883 2732 1954 2769 eo
1979 2712 2178 2787 afferri
2196 2713 2447 2789 possint.
2475 2712 2563 2771 Ex
2582 2714 2767 2771 variis
2785 2714 3066 2771 membris
3082 2715 3369 2773 orationis

1791 2798 1912 2857 fere
1940 2801 2065 2858 sola
2106 2802 2493 2859 inveniuntur
2531 2802 2880 2878 temporalia
2911 2812 2971 2859 et
2997 2800 3370 2860 conditiona-

1792 2888 1892 2964 lia,
1925 2908 2058 2966 quae
2079 2908 2212 2947 sane
2241 2893 2564 2965 argumenti
2598 2888 2798 2947 indole
2831 2889 3081 2948 maxime
3108 2890 3368 2967 require-

1792 2975 2006 3036 bantur
2029 3000 2046 3049 ;
2083 2979 2266 3036 multo
2291 2978 2478 3035 rarius
2515 2997 2620 3055 per
2647 2977 2936 3036 vocabula
2964 2979 3238 3048 relativa,
3265 2999 3370 3057 per

1791 3067 2107 3141 particulas
2123 3065 2398 3136 causales,
2413 3067 2835 3137 consecutivas,
2851 3066 3163 3124 consilium
3187 3066 3338 3123 deno
3351 3103 3366 3114 -

1794 3165 1978 3210 tantes
2003 3154 2194 3211 oratio
2218 3155 2612 3212 continuatur.
2637 3153 2780 3212 Jure
2800 3155 2982 3230 igitur
3007 3154 3369 3232 Bernhardyi

1792 3239 2012 3299 dictum
2033 3285 2049 3313 ,
2083 3262 2202 3318 quo
2231 3242 2334 3300 ille
2362 3241 2846 3308 Manethonianos,
2858 3240 3047 3301 libros
3074 3245 3261 3300 siccos
3287 3256 3368 3300 ta-

1794 3326 2068 3387 bularum
2098 3332 2581 3406 astrologicam-um
2610 3331 2834 3390 indices
2856 3331 2920 3389 in
2949 3350 3179 3390 versum
3203 3332 3358 3390 reda-

1793 3429 1918 3474 ctos
1945 3418 2284 3495 appellavit,
2311 3419 2485 3475 etiam
2509 3415 2782 3477 Nostrum
2813 3419 2878 3476 in
2895 3432 3128 3497 poetam
3153 3420 3372 3478 referre

1796 3505 1999 3582 possis.
2030 3503 2243 3562 Verum
2275 3497 2468 3562 tamen
2496 3524 2622 3564 eam
2641 3504 3014 3583 jejunitatem
3042 3508 3372 3568 consulto.a

1794 3605 1967 3669 poeta
1989 3592 2306 3651 adhibitam
2333 3613 2458 3651 esse
2483 3593 2695 3651 docent
2718 3613 2837 3652 non
2863 3596 3049 3654 solum
3080 3596 3252 3670 pauci
3282 3597 3371 3654 illi

1798 3679 1950 3753 loci,
1979 3680 2196 3757 quibus
2225 3681 2550 3758 paullulum
2581 3701 2759 3758 supra
2792 3701 2918 3740 eam
2958 3683 3247 3757 ascendit,
3269 3685 3372 3743 sed

1794 3769 2046 3826 maxime
2074 3769 2308 3826 dicendi
2339 3770 2609 3841 facilitas,
2651 3769 2819 3846 cujus
2846 3770 3112 3846 exempla
3148 3771 3222 3829 iis
3243 3791 3374 3834 ,ver-

1798 3856 1960 3913 sibus
2003 3856 2304 3927 exhibuit,
2338 3856 2556 3933 quibus
2600 3856 2674 3914 ab
2717 3857 2852 3915 aliis
2889 3863 3082 3936 operis
3107 3860 3372 3937 partibus

1798 3945 1869 4002 ad
1895 3945 2038 4002 alias
2067 3947 2512 4019 transgreditur,
2542 3947 2690 4021 quos
2725 3946 2885 4004 locos
2911 3965 3088 4025 supra
3107 3962 3373 4007 accurate

1798 4033 2073 4092 indicavi.
2091 4031 2240 4090 Tum
2260 4031 2398 4116 libri
2415 4036 2641 4088 secundi
2656 4033 2854 4105 initio,
2872 4054 2990 4111 quo
3006 4055 3137 4092 cum
3153 4035 3226 4092 de
3246 4036 3374 4093 aliis

1800 4121 1974 4180 rebus
1995 4120 2320 4179 caelestibus
2336 4164 2351 4190 ,
2377 4134 2496 4178 tum
2524 4121 2596 4178 de
2619 4120 2864 4182 orbibus
2892 4122 3186 4199 exposuit,
3217 4122 3370 4180 haud

1798 4210 2109 4268 infeliciter
2139 4230 2269 4267 cum
2321 4211 2500 4266 Arato
2530 4209 2788 4268 certavit.
2831 4215 3034 4287 ltaque
3062 4211 3369 4269 consilium

1796 4313 1984 4374 poetae
2005 4300 2202 4374 potius
2232 4297 2342 4356 hoc
2366 4298 2542 4356 fuisse
2571 4298 2826 4370 videtur,
2864 4311 2928 4355 ut
2955 4298 3224 4357 versibus
3255 4313 3372 4358 tra-

1799 4385 1962 4444 deret
2001 4386 2298 4443 materiam
2336 4384 2630 4444 oblivioni
2659 4385 2970 4443 admodum
3019 4385 3367 4460 obnoxiam,

1800 4495 1917 4551 quo
1948 4476 2174 4534 facilius
2203 4475 2498 4532 memoriae
2521 4473 2892 4532 mandaretur
2918 4487 2976 4532 et
2999 4489 3189 4534 mente
3212 4489 3370 4534 tene-

1799 4577 1990 4638 retur,
2014 4583 2186 4641 quam
2215 4577 2280 4622 ut
2317 4563 2630 4620 caelestium
2656 4581 2862 4619 arcana
2890 4564 3104 4640 poetici
3129 4565 3372 4641 spiritus

1801 4665 1974 4727 atque
2021 4665 2261 4709 ornatus
2305 4650 2628 4708 luminibus
2667 4649 3013 4723 illustraret;
3058 4653 3368 4710 consilium

1803 4741 2044 4797 minime
2071 4741 2360 4818 poeticum
2387 4752 2544 4811 erat,
2577 4739 2677 4796 sed
2723 4739 2796 4797 ad
2840 4759 3006 4797 usum
3042 4741 3367 4817 spectabat3
3403 4787 3414 4798 .

1804 4848 1922 4885 non
1953 4829 2262 4898 delectare,
2287 4829 2388 4886 sed
2428 4841 2648 4885 tantum
2691 4827 2962 4905 prodesse
3001 4827 3226 4886 volebat
3272 4825 3370 4886 bie

1803 4930 1987 4994 poeta.
2024 4917 2208 4986 Quam
2235 4916 2441 4994 procul
2471 4915 2624 4973 absit
2644 4919 2764 4972 haec
2788 4915 3066 4974 carminis
3096 4914 3374 4974 didactici

1805 5005 1992 5061 forma
2006 5004 2079 5061 ab
2101 5005 2298 5074 altera,
2319 5005 2380 5060 in
2397 5023 2514 5081 qua
2526 5005 2824 5080 Oppianus
2838 5005 2868 5060 ὁ
2878 5001 3200 5071 ‘Alauna-6<
3214 5006 3389 5078 longe

1802 5106 1890 5150 est
1917 5094 2223 5169 princeps,
2273 5091 2555 5149 indicasse
2597 5090 2830 5153 sufficit.
2875 5090 3001 5150 Hoc
3042 5089 3223 5159 addo,
3256 5089 3376 5166 jam

1719 5199 1764 5212 κ·
1797 5186 1871 5223 ··‹-
3090 5187 3153 5234 ao

3209 309 3342 349 xvu
3423 346 3432 355 ,
