3767 5825
395 424 428 472 2
1464 412 1913 473 ΘΕΟΚΡΙΤΟΥ
1958 413 2375 473 ΕΙΔΥΛΛΙΟΝ
2422 420 2491 473 Α.

307 558 366 603 β
389 537 568 597 τυτθὸν
597 538 641 595 δ’
663 538 814 597 ὅσσον
835 538 1039 597 ἄπωθεν
1061 538 1356 617 ἁλιτρύτοιο
1373 537 1606 619 γέροντος

388 624 660 704 πυρναίαις
686 626 998 705 σταφυλαῖσι
1033 624 1190 683 καλὸν
1219 624 1452 703 βέὸριθεν
1476 626 1648 697 ἄλωά,

387 712 482 772 τὸν
509 713 678 789 ὀλίγος
699 735 774 779 τις
795 717 958 791 κῶρος
983 715 1062 793 ἐφ’
1089 713 1390 789 αἱμασιαῖσι
1411 713 1663 793 φυλάσσει

391 800 598 877 ἥμενος·
628 799 762 882 ἀμφί
790 798 846 860 δέ
873 823 949 858 νιν
977 799 1055 859 δύ’
1087 800 1380 873 ἀλώπεκες,
1410 802 1445 859 ἁ
1468 799 1561 878 μὲν
1587 800 1662 859 ἀν’
1687 803 1854 881 ὄρχως

390 894 544 970 φοιτῇ
569 887 812 966 σινομένα
838 887 933 946 τὰν
960 887 1233 969 τρώξιμον,
1261 888 1296 945 ἆ
1325 889 1369 945 δ’
1400 888 1488 946 ἐπὶ
1511 888 1655 969 πήρα

310 994 366 1037 ω
389 977 562 1035 πάντα
584 976 732 1035 δόλον
751 976 997 1055 τεύχοισα
1016 975 1077 1034 τὸ
1094 974 1301 1034 παιδίον
1321 976 1380 1033 οὐ
1409 974 1530 1055 πρὶν
1563 976 1769 1047 ἀνήσειν

391 1064 514 1146 φατὶ
541 1064 660 1142 πρὶν
679 1064 714 1135 ἢ
745 1064 1054 1143 ἄκράτιστον
1083 1064 1174 1123 ἐπὶ
1203 1062 1402 1143 ξηροῒσι
1425 1063 1627 1143 καθίξῃ.

391 1151 556 1231 αὐτὰρ
586 1150 664 1229 ὅγ’
689 1151 1014 1230 ἄνθερίκεσσι
1040 1150 1212 1209 καλὰν
1236 1149 1418 1209 πλέκει
1443 1150 1783 1231 ἀκριδοθήραν

390 1240 582 1320 σχοίνῳ
613 1240 974 1320 ἐφαρμόσδων·
999 1238 1216 1317 μέλεται
1243 1238 1299 1297 δέ
1331 1242 1380 1297 οἱ
1407 1237 1525 1297 οὔτε
1545 1263 1595 1297 τι
1616 1239 1788 1316 πήρας

389 1327 506 1387 οὔτε
533 1331 706 1408 φυτῶν
732 1332 1001 1400 τοσσῆνον,
1025 1325 1145 1385 ὅσον
1167 1325 1290 1406 περὶ
1321 1326 1586 1404 πλέγματι
1613 1327 1778 1405 γαθεῗ.

309 1433 362 1471 εῡ
389 1425 561 1497 παντᾷ
593 1416 638 1474 δ’
664 1416 798 1496 ἀμφὶ
823 1416 981 1481 δέπας
1007 1414 1392 1495 περιπέπταται
1421 1413 1571 1495 ὑγρὸς
1593 1414 1825 1481 ἄκανθος·

389 1503 634 1565 Αἰολικόν
662 1527 714 1562 τι
741 1504 940 1578 θάημα·
966 1502 1117 1582 τέρας
1145 1502 1205 1563 κέ
1227 1526 1288 1561 τυ
1311 1502 1473 1579 θυμὸν
1497 1500 1700 1569 ἀτύξαι.

387 1596 464 1651 τῶ
487 1590 582 1669 μὲν
611 1590 713 1670 ἐγὼ
735 1596 957 1669 πορθμεῖ
979 1590 1300 1671 Καλυδωνίῳ
1323 1582 1450 1667 ati-(oi
1473 1594 1518 1649 τ’
1539 1589 1710 1649 ἔδωκα

389 1668 521 1739 ὦνον
547 1677 638 1737 καὶ
660 1678 908 1759 τυρόεντα
937 1678 1100 1756 μέγαν
1127 1678 1334 1737 λευκοῖο
1353 1674 1628 1754 γάλακτος·

389 1764 508 1827 οὖδό
531 1764 584 1824 τί
609 1788 688 1846 πᾳ
715 1764 837 1825 ποτὶ
854 1767 1028 1844 χεῖλος
1051 1764 1175 1841 ἐμὸν
1203 1763 1361 1842 θίγεν,
1384 1764 1501 1821 ἀλλ’
1522 1762 1598 1819 ἔτι
1623 1763 1790 1819 κεῖται

311 1874 366 1914 oo
389 1854 667 1935 ἄχραντον.
695 1856 772 1933 τῷ
798 1851 891 1912 καί
921 1876 983 1911 τυ
1003 1852 1149 1929 μάλα
1174 1850 1416 1932 πρόφρων
1445 1848 1760 1929 ἀρεσαίμαν,

390 1940 516 2001 αἴκα
539 1964 628 2019 μοι
651 1939 714 1999 τὺ
744 1938 887 2021 φίλος
906 1939 994 1997 τὸν
1021 1940 1260 2021 ἐφίμερον
1286 1936 1444 2015 ὕμνον
1473 1937 1669 2015 ἀείσῃς.

389 2027 566 2089 κοῦτοι
587 2027 870 2111 κερτομίη).
895 2026 1102 2105 πόταγ’,
1129 2016 1316 2105 ὦγαθέ·
1339 2025 1434 2085 τὰν
1461 2026 1562 2107 γὰρ
1594 2025 1772 2084 ἀοιδάν

391 2115 504 2177 οὔτι
529 2138 608 2197 πᾳ
629 2118 702 2184 εἰς
731 2110 980 2194 Ἀΐδανγε
1007 2114 1094 2175 τὸν
1121 2114 1463 2174 ἕκλελάθοντα
1487 2112 1742 2193 φυλαξιῖς.

1055 2211 1292 2257 ΘΥΡΣῙΣ.

475 2292 666 2373 ἄρχετε
697 2293 1015 2369 βωκολικᾶς,
1038 2294 1233 2350 Μῶσαι
1264 2291 1440 2371 φίλαι,
1465 2288 1643 2369 ἄρχετ’
1671 2286 1866 2352 ἀοιδᾶς.

311 2405 364 2441 ⁰5
395 2380 592 2459 Θύρσις
618 2378 692 2437 ὅδ’
713 2377 782 2446 ὼξ
813 2377 1030 2450 Αἴτνας,
1057 2377 1148 2437 καὶ
1173 2376 1430 2456 Θύρσιδος
1460 2376 1588 2435 ἇδέα
1618 2374 1784 2455 φωναί.

394 2472 469 2547 πῇ
481 2470 598 2526 ποκ’
615 2466 696 2546 ἄρ’
711 2460 849 2538 ἧσθ’,
863 2464 962 2524 ὅκα
975 2464 1171 2545 Δάφνις
1183 2464 1414 2537 ἐτάκετο,
1428 2468 1504 2543 πῇ
1520 2486 1681 2539 ποκα,
1699 2461 1918 2541 Νύμφαι
1932 2485 1945 2533 ;

391 2554 427 2626 ἢ
449 2553 587 2613 κατὰ
615 2556 829 2626 Πηνειῶ
849 2551 989 2611 καλὰ
1011 2552 1244 2631 τέμπεα,
1272 2552 1308 2623 ἦ
1329 2550 1464 2611 κατὰ
1491 2550 1699 2621 Πίνδω;

392 2645 450 2701 οὗ
477 2641 580 2722 γὰρ
609 2640 672 2712 δὴ
700 2644 924 2721 ποταμῷ
945 2664 1006 2718 γε
1035 2638 1198 2718 μέγαν
1225 2639 1338 2721 ῥόον
1361 2638 1516 2719 εἴχετ’
1542 2637 1772 2709 Ἀνάπω,

391 2732 498 2790 οὔδ’
522 2730 716 2795 Αἴτνας
743 2728 983 2801 σκοπιάν,
1003 2731 1110 2787 οὐδ’
1133 2726 1333 2795 Ἄκιδος
1354 2726 1488 2806 ἱερὸν
1513 2726 1668 2805 ὕδωρ.

313 2845 366 2886 70
473 2817 660 2897 ἄρχετε
686 2817 1004 2896 βωκολικᾶς,
1029 2819 1223 2876 Μῶσαι
1247 2814 1422 2895 φίλαι,
1451 2813 1628 2893 ἄρχετ’
1672 2814 1863 2876 ἀοιδᾶς.

392 2910 543 2978 τῆνον
576 2903 679 2983 μὰν
707 2907 859 2976 θῶες,
885 2908 1036 2976 τῆνον
1058 2903 1208 2964 λύκοι
1232 2901 1528 2984 ὠδύραντο,

393 2998 544 3066 τῆνον
563 2997 680 3074 χῶκ
706 2994 920 3072 δρυμοῖο
945 2993 1080 3052 λέων
1103 2991 1324 3052 ἔκλαυσε
1351 2989 1592 3052 θανόντα,

471 3083 662 3162 ἄρχετε
692 3083 1010 3160 βωκολικᾶς,
1041 3083 1244 3142 Maiam
1274 3080 1455 3162 φίλαι,
1490 3079 1662 3158 cip-ku?
1691 3079 1887 3142 ἀοιδᾶς.

391 3169 580 3230 πολλαί
608 3171 656 3228 οἱ
681 3167 793 3249 πὰρ
813 3171 972 3227 ποσσὶ
1009 3168 1152 3248 βόες,
1173 3168 1360 3227 πολλοὶ
1379 3167 1436 3226 δέ
1461 3191 1518 3225 τε
1539 3171 1748 3245 ταῦροι,

311 3283 364 3324 75
391 3255 584 3316 πολλαὶ
610 3255 654 3314 δ’
688 3245 755 3313 αὖ
775 3255 1012 3334 δαμάλαι
1035 3254 1124 3312 καὶ
1152 3255 1356 3334 πόρτιες
1382 3253 1664 3332 ὠδύραντο.

471 3342 658 3422 ἄρχετε
686 3345 1003 3422 βωκολικᾶς,
1031 3345 1225 3401 Μῶσαι
1251 3341 1424 3420 φίλαι,
1456 3341 1636 3420 ἄρχε-ε’
1655 3340 1848 3404 ἀοιδᾶς.

392 3422 503 3503 ἧνθ’
532 3430 736 3510 Ἑρμᾶς
761 3428 1043 3508 πράτιστος
1065 3425 1157 3485 ἀπ’
1179 3425 1368 3507 ὤρεος,
1399 3417 1512 3486 εἶπε
1535 3426 1605 3486 δέ·
1625 3427 1795 3506 Δάφνι
1809 3469 1825 3496 ,

393 3517 470 3584 τίς
495 3541 557 3575 τυ
587 3514 932 3594 κατατρύχει;
959 3514 1124 3586 τίνος,
1146 3503 1318 3590 ὦγαθέ
1337 3559 1354 3586 ,
1381 3514 1568 3572 τόσσον
1591 3516 1806 3593 ἐρᾶσαι;

471 3604 658 3684 ἄρχετε
688 3604 1003 3682 βωκολικᾶς,
1032 3600 1425 3682 Μῶσαιφίλαι,
1451 3601 1632 3682 ἄρχετ’
1660 3607 1852 3674 ἀοιδᾶς.

314 3719 368 3759 ω
393 3685 542 3765 ἧνθον
565 3691 643 3751 τοὶ
674 3695 865 3770 βιῗνται,
887 3690 966 3748 τοὶ
986 3688 1256 3768 ποιμένες,
1280 3689 1476 3770 ᾡπόλοι
1498 3681 1668 3762 ἦνθον·

391 3779 580 3846 πάντες
601 3777 890 3860 ἀνηρώταν,
912 3775 966 3836 τί
987 3777 1142 3836 πάθοι
1160 3778 1336 3836 κακόν.
1363 3769 1473 3848 ἧνθ’
1496 3780 1524 3836 δ
1551 3777 1784 3859 Πρίηπος

390 3868 552 3948 κῆφα·
587 3866 756 3949 Δάφνι
777 3865 964 3938 τάλαν,
991 3866 1043 3924 τί
1070 3864 1133 3924 τὺ
1161 3866 1376 3938 τάκεαι;
1407 3866 1442 3924 ἆ
1471 3864 1526 3924 δέ
1547 3890 1604 3924 τε
1632 3865 1776 3946 κώρα

392 3963 565 4022 πᾶσας
587 3952 687 4012 ἀνὰ
708 3953 934 4032 κράνας,
961 3951 1114 4011 πάντ’
1147 3953 1308 4010 ἄλσεα
1337 3951 1498 4011 ποσσὶ
1524 3954 1784 4032 φορεῖται,

473 4041 661 4122 ἄρχετε
693 4042 1006 4119 βωκολικᾶς,
1033 4041 1231 4100 Μῶσαι
1258 4039 1431 4120 φίλαι,
1460 4038 1640 4118 ἄρχετ’
1666 4042 1860 4108 ἀοιδᾶς.

314 4151 364 4188 no
393 4129 615 4196 ζατεῦσ’.
637 4118 672 4184 ἆ
699 4125 911 4206 δύςερὼς
933 4150 1009 4193 τις
1028 4125 1160 4202 ἄγαν
1189 4124 1279 4183 καὶ
1314 4125 1588 4204 ἀμήχανός
1609 4129 1743 4188 ἐσσι.

396 4216 567 4295 βώτας
596 4214 701 4292 μὰν
722 4215 929 4292 ἐλέγευ,
961 4219 1048 4272 νῦν
1077 4215 1125 4272 δ’
1158 4213 1358 4292 αἱπόλῳ
1380 4213 1526 4291 ἀνδρὶ
1553 4215 1742 4282 ἔοικας.

393 4304 621 4385 ῲπόλος,
642 4301 755 4362 ὅκκ’
778 4303 924 4383 ἕςορῇ
947 4300 1041 4368 τὰς
1067 4300 1305 4377 μηκάδας
1331 4292 1415 4359 οἶα
1443 4305 1744 4380 βατεῢνται,

393 4391 608 4450 τάκεται
634 4391 941 4472 ὀφθαλμώς,
969 4387 1050 4447 ὅτι
1075 4391 1134 4448 οὗ
1161 4387 1347 4468 τράγος
1371 4388 1525 4456 αὐτὸς
1548 4389 1741 4468 ἔγεντο.

473 4479 662 4560 ἄρχετε
696 4479 1014 4551 βωκολικᾶς,
1037 4477 1232 4536 Μῶσαι
1255 4475 1429 4556 φίλαι,
1461 4475 1641 4556 ἄρχε-ι’
1670 4480 1862 4546 ἀοιδᾶς.

315 4593 366 4628 νυ
391 4568 480 4626 καὶ
507 4566 568 4625 τὺ
593 4566 659 4638 δ’,
682 4564 795 4624 ἐπεί
816 4568 865 4623 κ’
896 4567 1071 4644 ἐςορῇς
1081 4562 1177 4630 τὰς
1197 4563 1446 4644 παρθένος
1467 4555 1549 4624 οἶα
1570 4566 1807 4644 γελᾶντι,

391 4655 576 4712 τάκεαι
601 4651 904 4733 ὀφθαλμώς,
931 4649 1011 4709 ὅτι
1031 4653 1090 4710 οὗ
1119 4649 1252 4728 μετὰ
1279 4658 1420 4710 ταῖσι
1451 4649 1700 4730 χορεύεις.

391 4740 490 4808 τὼς
522 4743 568 4798 δ’
601 4739 744 4799 οὐδὲν
775 4737 1072 4806 ποτελίξαθ’
1095 4742 1124 4798 ὁ
1149 4738 1402 4818 βωκόλος,
1429 4736 1566 4796 ἀλλὰ
1585 4737 1672 4796 τὸν
1705 4743 1844 4798 αὑτῶ

393 4829 514 4888 ἄνυε
531 4828 714 4908 πικρὸν
735 4828 929 4909 ἔρωτα,
953 4827 1043 4886 καὶ
1068 4829 1121 4895 ἐς
1141 4827 1286 4894 τέλος
1304 4827 1424 4885 ἄνυε
1449 4827 1648 4908 μοίρας.

472 4917 660 4996 ἄρχετε
691 4919 1003 4995 βωκολικᾶς,
1031 4919 1226 4976 Mamm
1253 4915 1426 4997 φίλαι,
1455 4914 1634 4996 ἄρχετ’
1663 4918 1856 4984 ἀοιδᾶς.

314 5027 362 5063 νο
389 4997 511 5076 ἧνθέ
536 5028 596 5083 γε
632 5002 736 5080 μὰν
762 5003 909 5070 ἁδεῖα
931 5002 1023 5062 καὶ
1054 5003 1088 5060 ἃ
1119 5003 1319 5082 Κύπρις
1343 5003 1590 5080 γελάοισα
1607 5049 1623 5079 ,

389 5081 576 5170 λάθρια
609 5089 702 5168 μὲν
727 5091 1004 5168 γελάοισα,
1042 5089 1205 5170 βαρὺν
1231 5092 1275 5148 δ’
1295 5090 1392 5148 ἀνὰ
1423 5089 1581 5166 θυμὸν
1614 5090 1821 5168 ἔχοισα,

391 5170 556 5242 κεῖπε·
584 5178 646 5237 τύ
670 5183 763 5252 θην
791 5177 878 5237 τὸν
895 5177 1108 5258 Ἔρωτα
1131 5178 1384 5258 κατεύχεο
1401 5223 1420 5255 ,
1443 5177 1640 5256 Δάφνι,
1665 5175 1899 5254 λυγιξείν·

1985 563 1993 579 ·
2033 541 2163 591 haud
2188 544 2399 605 procula
2421 558 2533 593 sene
2555 543 2932 591 marino-labore
2950 543 3114 592 attrito

1987 652 1993 688 ;
2032 632 2283 693 purpureis
2304 645 2363 680 ux
2374 632 2413 681 is
2428 632 2595 693 pulcre
2610 632 2807 693 gravata
2824 632 2899 681 est
2914 632 3055 679 vinea
3068 672 3083 693 ,

2031 726 2179 775 quam
2196 715 2426 777 parvulus
2440 713 2639 777 quidam
2654 726 2773 777 puer
2789 712 2841 762 in
2858 712 3049 774 sepibus
3066 710 3273 759 custodit

2031 799 2201 849 sedens
2210 817 2225 861 ;
2246 800 2373 849 circa
2390 800 2519 849 hunc
2534 802 2699 849 autem
2713 798 2823 849 duae
2840 800 3010 861 vulpoe
3020 835 3037 860 ,
3056 799 3205 847 altera
3218 810 3303 860 per
3320 796 3513 845 ordines
3528 796 3593 844 vi·

2032 886 2177 951 tium]
2204 886 2383 937 incedit
2400 887 2629 937 arrodens
2648 886 2813 937 edules
2832 900 2977 948 uvas,
2996 886 3147 935 altera
3164 885 3230 935 ob
3246 898 3413 947 peram

2032 986 2227 1025 omnem
2252 974 2419 1026 dolum
2444 988 2617 1039 parans
2630 988 2835 1040 puerum
2854 988 2951 1023 non
2970 975 3103 1038 prius
3124 986 3180 1023 se
3201 974 3479 1021 relicturam

2032 1075 2134 1125 prm
2150 1076 2202 1113 se
2216 1062 2333 1125 tert,
2360 1075 2508 1126 quam
2528 1076 2647 1113 eum
2664 1076 2775 1111 cum
2788 1062 3034 1123 jentaculo
3048 1061 3097 1109 in
3114 1060 3242 1110 sicco
3269 1060 3595 1109 collocaverit.

2032 1150 2115 1199 sed
2128 1150 2209 1199 ille
2230 1164 2291 1200 ex
2308 1152 2527 1201 caulibus
2546 1150 2791 1214 asphodeli
2807 1151 3024 1213 pulcram
3043 1148 3194 1198 nectit
3206 1147 3505 1197 asservandis
3525 1148 3593 1195 lo-

2032 1238 2180 1287 custis
2202 1237 2417 1297 caveam]
2432 1239 2583 1301 junco
2604 1238 2923 1299 concinnans;
2943 1240 3081 1287 curat
3104 1238 3263 1285 autem
3285 1236 3363 1284 ille
3394 1250 3487 1284 nec
3511 1250 3593 1297 pe-

2034 1324 2157 1390 ram]
2176 1340 2333 1389 neque
2348 1327 2536 1389 plantas
2545 1328 2757 1388 tantum,
2768 1329 3005 1391 quantum
3020 1338 3163 1388 opere
3180 1324 3310 1388 quod
3326 1324 3447 1373 texit
3462 1322 3594 1371 dele-

2032 1412 2231 1477 ctatum]
2252 1414 2465 1478 undique
2482 1416 2711 1477 poculum
2730 1413 2883 1464 ambit
2898 1412 3056 1463 mollis
3073 1414 3307 1461 acanthus
3315 1429 3332 1474 ς

1986 1490 1997 1594 J
2033 1502 2269 1551 AEolicum
2292 1502 2537 1565 quoddam
2556 1503 2881 1565 spectaculum
2903 1520 2915 1550 ε
2942 1500 3082 1565 quod
3104 1501 3392 1549 miraculum
3412 1504 3559 1548 tuum

1988 1597 1995 1691 Ι
2034 1590 2249 1639 animum
2284 1590 2669 1655 obstupefaciat]
2706 1604 2795 1655 pro
2813 1589 2905 1639 hoc
2922 1602 3011 1651 ego
3038 1592 3201 1639 nautae
3220 1588 3482 1650 Calydonio
3510 1602 3595 1635 ca-

2034 1689 2169 1740 pram
2183 1676 2313 1741 dedi]
2334 1680 2542 1741 pretium
2560 1680 2609 1727 et
2626 1690 2849 1740 magnam
2870 1678 3140 1741 placentam
3174 1678 3225 1725 et
3246 1689 3385 1724 caseo
3410 1676 3536 1723 lacte

2034 1764 2237 1814 candido
2250 1764 2473 1828 factam;]
2494 1778 2651 1827 neque
2668 1778 2900 1827 umquam
2925 1764 3115 1813 labrum
3128 1776 3295 1813 meum
3312 1762 3487 1825 attigit,
3502 1762 3595 1811 sed

2034 1851 2192 1901 adhuc
2204 1852 2439 1917 servatur]
2468 1853 2719 1903 intactum.
2750 1853 2843 1903 hoc
2860 1855 2909 1902 te
2934 1852 3291 1902 lubentia->simus
3307 1852 3487 1901 donare
3512 1866 3597 1900 ve·

1988 1956 1995 2034 i
2033 1938 2159 2002 lim,]
2190 1939 2231 1989 si
2256 1940 2375 1989 mihi
2400 1942 2455 1989 tu
2478 1941 2663 1989 amicus
2686 1939 2892 1991 amabile
2910 1940 3039 1989 istud
3070 1953 3265 1989 carmen
3284 1937 3530 1989 cecineriS.

2034 2040 2125 2077 nec
2140 2040 2257 2077 sane
2276 2027 2388 2078 hoec
2406 2026 2515 2077 dico
2532 2028 2607 2077 tui
2622 2026 2851 2077 irridendi
2869 2040 3053 2077 caussa.
3075 2042 3181 2091 age,
3208 2042 3239 2077 o
3258 2028 3383 2076 bone
3406 2048 3417 2073 z
3436 2026 3569 2075 istud

1988 2063 1999 2228 l
2034 2116 2163 2165 enim
2180 2116 2393 2181 carmen]
2414 2128 2721 2179 nequaquam
2744 2118 2873 2167 Orco
2896 2116 3131 2167 oblivioso
3148 2116 3429 2166 reservabis.
3463 2176 3474 2187 ·

2672 2205 2954 2248 THYRSIS.

1990 2237 1997 2374 ἔ
2100 2292 2291 2353 incipite
2314 2292 2618 2354 bucolicum,
2638 2294 2790 2343 Musae
2805 2304 2960 2353 carm,
2978 2292 3172 2354 incipite
3194 2306 3405 2341 carmen.

1990 2386 1996 2426 l
2034 2378 2228 2441 Thyrsis
2248 2380 2327 2429 hic
2344 2383 2421 2443 est
2444 2380 2507 2429 ab
2532 2382 2699 2442 AEtna,
2720 2382 2771 2429 et
2792 2379 3036 2443 Thyrsidis
3052 2381 3214 2429 suavis
3230 2395 3343 2430 vox.

2034 2480 2133 2529 quo
2149 2466 2343 2517 tandem
2362 2469 2531 2529 eratiS,
2551 2482 2705 2531 quum
2724 2468 2935 2531 Daphnis
2956 2468 3348 2530 eontabcsoebat,
3368 2482 3468 2532 quo
3488 2474 3599 2518 tam-

2034 2554 2145 2604 dem
2157 2592 2173 2617 ,
2192 2556 2424 2619 Nymphae
2433 2556 2475 2619 9]
2491 2570 2555 2606 an
2572 2558 2623 2605 in
2642 2557 2783 2607 Penei
2800 2570 2989 2606 amoena
3004 2558 3167 2619 tempe
3178 2594 3195 2619 ,
3212 2569 3273 2605 an
3292 2558 3343 2606 in
3362 2558 3503 2607 Pindi
3518 2562 3541 2606 :³

2036 2656 2147 2691 nam
2156 2657 2271 2693 sane
2279 2644 2433 2693 amnis
2441 2644 2635 2707 quidem
2648 2645 2795 2707 Anapi
2806 2657 3035 2707 magnum
3044 2644 3223 2695 (lumen
3234 2658 3330 2693 non
3342 2646 3601 2707 tenebatiS,

2034 2744 2189 2793 neque
2206 2735 2362 2781 AEtnae
2380 2732 2643 2795 speculam,
2664 2746 2820 2795 neque
2838 2732 2997 2783 Acidis
3014 2744 3199 2783 sacram
3225 2747 3419 2796 aquam.

2097 2819 2287 2881 incipite
2312 2820 2611 2883 bucolicum,
2638 2824 2786 2871 Musae
2811 2836 2962 2882 carm,
2990 2820 3183 2883 incipite
3208 2836 3419 2871 carmen.

2034 2919 2147 2956 eum
2170 2921 2283 2958 sane
2310 2908 2472 2970 thoes,
2501 2922 2613 2958 eum
2632 2909 2731 2972 lupi
2751 2908 3145 2972 deploraverunt,

2032 3007 2147 3044 eum
2164 2995 2307 3044 etiam
2326 3008 2389 3044 ex
2409 2994 2529 3044 silva
2548 2996 2621 3044 leo
2636 2995 2767 3046 flevit
2787 2999 3052 3046 mortuum.

2092 3080 2285 3146 incipite
2301 3082 2573 3132 bucolicum
2587 3120 2602 3145 ,
2622 3087 2771 3133 Musae
2788 3097 2915 3132 carae
2927 3120 2942 3145 ,
2974 3084 3165 3148 incipite
3194 3098 3406 3134 carmen.

2002 3203 2007 3208 -
2033 3170 2199 3220 multae
2228 3171 2331 3232 ejus
2355 3171 2415 3220 ad
2438 3172 2581 3234 pedes
2607 3184 2795 3232 vaccae,
2824 3172 2965 3221 multi
2986 3173 3099 3222 item
3120 3176 3272 3236 tauri,

2032 3258 2199 3306 multae
2222 3259 2365 3308 etiam
2384 3259 2605 3321 juvencae
2624 3261 2672 3307 et
2690 3259 2857 3308 vitulae
2878 3259 3123 3310 luxerunt.

2094 3345 2287 3407 incipite
2302 3345 2575 3395 bucolicum
2590 3383 2605 3407 ,
2632 3349 2783 3396 Musae
2810 3361 2961 3408 carm,
2982 3346 3175 3410 incipite
3192 3362 3406 3398 carmen.

2032 3435 2163 3484 venit
2187 3436 2451 3484 Mercurius
2473 3437 2659 3498 primus
2682 3435 2744 3484 de
2768 3435 3193 3500 monte,dixitque
3214 3457 3227 3486 ε
3252 3437 3469 3500 Daphni,

2032 3522 2139 3585 quis
2156 3525 2206 3572 te
2226 3523 2451 3572 conticit?
2468 3523 2607 3586 cujus
2620 3561 2635 3585 ,
2661 3538 2693 3572 o
2708 3524 2833 3574 bone
2844 3561 2861 3586 ,
2878 3524 2998 3574 adeo
3015 3538 3179 3575 amore
3196 3529 3367 3588 captus
3386 3527 3470 3576 es?

2092 3610 2571 3672 incipite-bucolicum
2584 3647 2599 3672 ,
2618 3613 2767 3660 Musae
2784 3626 2907 3661 carae
2920 3649 2935 3674 ,
2950 3612 3145 3676 incipite
3162 3627 3372 3663 carmen.

2031 3699 2265 3746 venerunt
2281 3697 2507 3760 bubulci,
2528 3700 2769 3761 pastores,
2791 3701 2992 3764 caprarii
3016 3703 3271 3750 venerunt.

2032 3797 2199 3833 omnes
2212 3785 2593 3848 interrogabant,
2612 3785 2744 3848 quod
2762 3787 3005 3850 pateretur
3020 3787 3221 3838 malum.
3242 3787 3376 3837 venit
3394 3789 3604 3851 Priapus

1938 3917 1949 3926 ,
2031 3871 2250 3934 dixitque
2267 3892 2280 3922 :
2297 3873 2486 3935 Daphni
2502 3873 2666 3935 miser,
2679 3873 2797 3936 quid
2812 3875 2869 3922 tu
2887 3873 3120 3924 tabescis?
3134 3875 3233 3938 ipsa
3250 3877 3415 3924 autan
3434 3878 3600 3937 puella

2032 3971 2200 4010 omnoe
2217 3973 2301 4022 per
2319 3961 2472 4010 sontes
2486 3998 2499 4022 ,
2518 3973 2687 4011 omnes
2701 3973 2796 4024 per
2817 3961 2961 4012 silvas
2982 3961 3185 4024 pedibus
3212 3963 3383 4026 fertur,

2093 4048 2287 4110 incipite
2307 4048 2579 4098 bucolicum
2592 4085 2609 4110 ,
2628 4052 2779 4100 Musae
2794 4063 2921 4098 carae
2932 4087 2947 4112 ,
2966 4050 3159 4113 incipite
3175 4064 3387 4101 cannen.

2032 4149 2267 4198 quaerenS.
2284 4136 2371 4184 ah!
2392 4139 2449 4185 tu
2463 4137 2681 4200 torpidus
2698 4136 2759 4185 ad
2772 4121 2987 4187 amorem
3004 4139 3054 4186 et
3074 4139 3254 4187 ferreus
3264 4139 3429 4188 animo
3443 4153 3515 4188 es.

2033 4223 2272 4273 bubulcus
2288 4237 2403 4272 vero
2422 4223 2670 4274 vocabaris
2682 4262 2696 4286 ,
2716 4237 2847 4274 nunc
2862 4227 3027 4274 autem
3042 4225 3256 4288 caprario
3272 4226 3439 4275 similis
3462 4241 3537 4278 vs.

2029 4311 2275 4374 caprarius
2284 4349 2299 4374 ,
2313 4311 2509 4374 quando
2526 4311 2657 4361 videt
2674 4325 2842 4374 capras
2854 4312 2995 4362 sicuti
3014 4311 3373 4374 niscenduntnr‚

2030 4399 2231 4450 tabescit
2250 4399 2427 4461 oculiS,
2448 4399 2579 4462 quod
2596 4413 2695 4452 non
2720 4399 2883 4450 hircus
2898 4401 3000 4464 ipse
3018 4403 3161 4450 natus
3182 4403 3269 4450 oet.

2092 4487 2283 4550 incipite
2301 4487 2573 4537 bucolicum
2586 4524 2601 4549 ,
2622 4489 2773 4538 Musae
2790 4501 2917 4538 σεται
2928 4523 2943 4548 ,
2962 4488 3156 4552 incipite
3173 4502 3385 4538 carmen.

2028 4574 2176 4624 etiam
2192 4575 2247 4623 tu
2261 4611 2277 4636 ,
2300 4573 2495 4636 quando
2520 4575 2654 4624 vidoe
2668 4575 2875 4638 virgines
2890 4575 3032 4626 sicuti
3052 4575 3235 4638 rident,

2029 4662 2233 4711 taboecis
2248 4663 2400 4712 oculis
2411 4698 2426 4723 ,
2449 4661 2579 4725 quod
2598 4675 2695 4713 non
2714 4676 2827 4712 cum
2845 4663 2939 4713 illis
2956 4664 3157 4714 choreas
3168 4663 3324 4714 ducis.

2031 4749 2105 4800 his
2126 4748 2322 4812 quidem
2342 4749 2462 4800 nihil
2480 4750 2725 4814 respondit
2741 4750 3008 4812 bubulcus,
3024 4751 3111 4802 sed
3134 4765 3277 4802 suum
3340 4751 3597 4816 [mortem.

2030 4836 2313 4886 conficiebat
2335 4837 2564 4886 acerbum
2588 4851 2801 4888 morem
2816 4876 2829 4902 ,
2850 4841 2901 4890 et
2917 4838 2979 4888 ad
3008 4842 3275 4889 extremam
3306 4839 3599 4890 conticit-bal

2092 4925 2285 4986 incipite
2305 4924 2607 4988 bucolicum,
2627 4929 2778 4976 Musae
2808 4938 2933 4977 carte
2948 4964 2963 4988 ,
2996 4927 3188 4990 incipite
3218 4941 3429 4977 carmen.

2032 5013 2161 5062 venit
2175 5011 2369 5074 quidem
2386 5025 2501 5062 sane
2522 5012 2633 5063 laeta
2658 5013 2803 5063 etiam
2822 5017 2986 5064 Venus
3004 5014 3161 5064 ridens
3172 5053 3187 5076 ,

2029 5100 2227 5150 subdole
2238 5099 2433 5162 quidem
2458 5101 2635 5164 ridenS,
2656 5101 2739 5151 scd
2758 5093 2952 5164 gravem
2970 5103 3091 5152 iram
3114 5103 3360 5164 cohibem,
3374 5103 3599 5166 [tui-mn:

2030 5191 2077 5236 et
2105 5187 2223 5236 dixit
2246 5207 2258 5236 :
2274 5189 2329 5236 tu
2346 5187 2526 5238 scilicet
2544 5194 2767 5240 Amorem
2780 5187 3079 5252 gloriabaris,
3098 5187 3303 5252 Daphni,
3326 5191 3374 5237 te
3391 5202 3599 5252 supera·
