3767 5825
1011 415 1323 473 ΟΡΡΙΑΝΙ
1366 415 1463 472 DE
1504 413 1958 473 PlSCATIONE
2003 417 2144 476 LlB.
2189 417 2292 478 IV.
3202 433 3272 484 93

200 551 488 632 κέκρυπται·
518 547 662 626 τάχα
689 549 789 624 γάρ
819 569 907 622 μιν
936 545 1283 625 ἐρυσσάμενος
1308 544 1617 623 παλάμῃσιν

201 639 441 719 ἅγρευτὴρ
468 636 623 696 ἀνέδυ
650 659 705 694 τε
734 634 826 691 καὶ
853 634 1206 714 ἀφραίνουσαν
1240 635 1413 714 ἔφηνε.

110 749 165 788 ’σε
268 725 443 787 Τόσσοι
473 723 569 804 μὲν
596 723 885 805 ῖχθυὸόλων
916 723 1075 795 ἐδάην
1104 722 1347 805 ἁλιεργέα
1375 721 1562 802 τέχνης

179 816 339 888 ’δήνεα
361 817 451 874 καὶ
471 815 733 873 τόσσοισιν
765 813 845 871 ἐπ’
872 810 1047 892 ἰχθύσι
1075 811 1262 894 πικρὸν
1288 812 1513 892 ὄλεθρον·

196 905 301 972 τοὺς
323 907 365 962 δ’
394 903 585 970 ἄλλους
606 901 908 980 ξύμπαντας
934 900 1132 978 ὁμοίΐος
1160 892 1288 960 αἶσα
1315 901 1521 981 κιχάνει

197 993 379 1073 κύρτων
401 993 450 1050 τ’
485 989 777 1071 ἀγκίστρων
803 1014 861 1048 τε
891 989 1241 1070 βαθυπλεκέος
1264 1015 1321 1049 τε
1349 989 1507 1050 λίνοιο

198 1085 337 1160 ῥιπῆς
358 1079 757 1161 τετριόδοντος,
782 1077 859 1136 ὅσ’
888 1079 1133 1160 ἀνδράσιν
1162 1077 1309 1137 ἔντεα
1336 1079 1538 1158 τέχνης.

103 1191 164 1227 οιυ
194 1167 315 1232 Τοὺς
330 1167 423 1245 μὲν
434 1166 782 1246 ὖπηματίους,
797 1165 972 1233 τοὺςὸν
992 1165 1208 1246 ἕσπερος
1220 1158 1325 1225 εἷλε
1346 1166 1621 1244 δαμέντας,

216 1248 287 1314 ὖτ,
306 1255 331 1278 ἡ
394 1261 423 1314 ὖ
470 1255 485 1278 ἱ
602 1259 637 1274 n»
879 1253 893 1275 ἱ
1187 1258 1205 1278 2
1376 1259 1411 1274 συ

196 1280 215 1314 ε
306 1279 366 1315 αν
426 1279 497 1314 πο
522 1278 727 1336 πρωτον
751 1277 931 1322 νυκτος
955 1253 1147 1336 κνέφας
1175 1257 1465 1327 ασπαλιηες

194 1343 373 1424 πυρσὸν
398 1345 751 1424 ἀναψάμενοι,
774 1341 1037 1423 γλαφυρὸν
1062 1341 1257 1424 σκάφος
1282 1341 1558 1413 ἰθύνοντες,

196 1431 381 1510 ἰχθύσιν
408 1429 752 1510 ἀτρεμέουσιν
779 1429 1009 1489 ἀείδελον
1040 1422 1195 1489 αἶσαν
1228 1431 1442 1509 ἄγωσιν.

191 1515 325 1580 Ἔνθ’
350 1524 397 1579 οἱ
428 1519 524 1597 μὲν
553 1517 750 1590 πεύκης
775 1519 976 1600 λιπαρῇ
1000 1517 1154 1598 φλογὶ
1182 1519 1581 1599 καγχαλόωντες

102 1625 159 1666 us
194 1607 310 1686 ἀμφ’
333 1607 515 1688 ἀκάτῳ
541 1606 777 1678 θύνουσι,
801 1605 964 1666 κακὸν
995 1605 1040 1664 δ’
1060 1605 1171 1666 ἴδον
1201 1606 1439 1689 ἑσπέριον
1467 1615 1596 1689 πῦρ,

191 1699 331 1775 ῥιπῆς
350 1695 687 1778 τριγλώχινος
709 1694 1029 1773 ἀμειλίκτοιο
1054 1695 1314 1775 τυχόντες.

255 1782 409 1846 Ἔστι
436 1785 495 1844 δέ
520 1809 596 1851 τις
622 1783 782 1866 θήρης
807 1782 981 1866 ἕτερος
1005 1782 1161 1862 νόμος
1189 1785 1509 1865 ἷχθυὸόλοισι

190 1873 533 1978 φαρμάκταις,
558 1871 611 1931 οἳ
631 1872 822 1955 λυγρὸν
852 1872 935 1932 ἐπ’
963 1870 1141 1952 ἰχθύσι
1168 1873 1460 1951 μητίσαντο

190 1983 475 2040 φαρμακον,
508 1960 780 2041 ὠκύμορον
813 1960 869 2019 δὲ
900 1961 1048 2028 τέλος
1074 1959 1373 2020 νεπόδεσσιν
1405 1963 1614 2036 ἔθηκαν.

96 2067 157 2106 ιω
188 2048 251 2108 Οἳ
272 2052 315 2108 δ’
338 2050 457 2124 ἤτοι
482 2053 690 2131 πρῶτον
720 2047 817 2127 μὲν
845 2051 1225 2130 ἐπασσυτέραις
1256 2051 1515 2130 βολίδεσσι

186 2143 359 2196 κοντῶν
382 2163 439 2198 τε
464 2143 648 2220 ριπῇσι
672 2138 767 2208 καὶ
793 2140 1003 2218 ἀῑκῇσιν
1038 2141 1267 2220 ἐρετμῶν

187 2225 364 2284 eiham
388 2224 621 2285 νεπόδων
654 2224 825 2292 δειλὰς
852 2225 1038 2306 στίχας
1062 2228 1134 2293 εἰς
1162 2225 1252 2285 ἕνα
1279 2231 1449 2308 χῶρον

188 2317 447 2398 κούιοῳῆ,
480 2318 777 2393 κευθμῶσιν
808 2313 1168 2392 θπαγνύμενον
1197 2314 1492 2392 θαμέεσσιν·

188 2403 275 2459 ἔνθ’
298 2406 345 2461 οῖ
373 2403 471 2480 μὲν
500 2402 736 2463 δύνουσιν
767 2402 871 2462 ὑπὸ
897 2404 1164 2486 γλαφυρῇς
1192 2403 1532 2478 σπιλάδεσσι,

93 2509 153 2546 ms
183 2491 253 2549 τοὶ
277 2491 329 2550 δὲ
354 2491 743 2573 περιστήσαντο
766 2491 923 2552 λίνων
949 2491 1164 2574 εὖερκέα
1190 2492 1363 2569 πάντη

185 2578 349 2638 δίκτυα
376 2580 763 2655 κυκλώσαντες,
787 2579 867 2639 ἅτ’
888 2581 1109 2662 ἀνδράσι
1132 2581 1468 2660 δυσμενέεσσι

185 2666 329 2726 &aaliz
354 2668 831 2752 περιπροὸαλόντες
853 2668 1079 2750 ἀνάρσια
1102 2669 1281 2751 τείχεα
1311 2670 1520 2751 πέτρης.

188 2756 281 2814 Καὶ
303 2757 407 2815 τότ’
436 2755 571 2838 ἀνὴρ
599 2756 811 2839 ἄργιλον
833 2760 967 2834 ὁμοῦ
989 2755 1194 2839 πίειραν
1224 2758 1401 2839 ἀείρας

182 2843 311 2923 ῥίζαν
336 2845 397 2920 θ’,
424 2845 492 2918 ἣν
514 2845 835 2925 κυκλάμινον
862 2844 1126 2927 ἐφήμισαν
1154 2846 1390 2929 ἷητῆρες,

88 2948 150 2988 σω
179 2932 313 3007 μίξας
336 2937 391 2993 ἐν
421 2934 735 3014 παλάμῃσι,
764 2932 869 2992 δύω
891 2933 1161 3016 φυρήσατο
1185 2934 1370 3012 μάζας·
1476 2939 1613 3016 [ταῖς

184 3021 337 3103 πόντῳ
364 3024 409 3083 δ’
436 3023 797 3099 ἐγκατέπαλτο
817 3022 974 3082 λίνων
996 3020 1147 3104 ὅπερ·
1178 3024 1316 3105 ἀμφὶ
1338 3024 1382 3083 δ’
1412 3024 1497 3107 ἄρ’
1524 3029 1613 3085 αὖ·

180 3111 369 3170 κοιλάσι
394 3110 486 3171 καὶ
515 3111 787 3191 θαλάμῃσι
816 3110 1013 3171 δυσαέα
1042 3110 1279 3193 φάρμακ’
1307 3112 1490 3196 ἄλειψε

176 3197 445 3278 χρίσματος
472 3201 778 3282 ἐχθοδοποῑο
805 3200 895 3260 καὶ
924 3199 1160 3279 ἔξεμίῃνε
1187 3200 1474 3262 θάλασσαν.

182 3286 276 3345 Καὶ
299 3288 388 3347 τὸν
414 3286 509 3367 μὲν
532 3286 843 3369 παλίνορσον
868 3288 1075 3370 ὀλέθρια
1104 3288 1451 3371 φαρμάξαντα

83 3390 145 3430 aa
178 3373 345 3442 δέξατο
370 3382 509 3444 ναῦς·
536 3374 657 3443 τοὺς
687 3377 731 3433 δ’
761 3366 891 3456 αἶψα
918 3374 1059 3446 κακὴ
1088 3377 1179 3435 καὶ
1207 3376 1447 3460 ἀνάρσιος
1471 3382 1605 3458 ὀδμὴ

175 3468 344 3543 πρῶτα
372 3466 467 3543 μὲν
494 3467 549 3523 ἐν
578 3462 882 3546 θαλάμῃσιν
908 3462 1159 3523 ἱκάνεταν
1189 3466 1352 3543 ἀχλύὶ·
1378 3468 1422 3524 δ’
1448 3467 1568 3527 ὄσσε

177 3552 257 3609 καὶ
278 3552 475 3635 κεφαλὴ
504 3554 597 3613 καὶ
624 3563 749 3633 γυῖα
780 3551 1093 3634 βαρύνεται,
1123 3552 1241 3612 οὐδὲ
1264 3552 1507 3613 δύνανται

177 3639 371 3718 μίμνειν
394 3644 446 3701 ἐν
474 3646 789 3720 κευθμῶσιν,
824 3638 1124 3719 ἀτυζόμενοι
1148 3640 1202 3700 δὲ
1225 3641 1436 3721 χέονται

176 3729 308 3797 ἐκτὸς
324 3730 432 3789 ἀπὸ
452 3728 741 3789 σπιλάδων·
768 3734 803 3802 ἡ
827 3727 885 3787 δέ
902 3752 1050 3812 σφισι
1072 3726 1238 3787 πουλὺ
1269 3729 1509 3791 θάλασσα

78 3830 141 3871 sm
174 3817 463 3899 πικροτέρη·
491 3828 626 3879 τοῖον
656 3817 761 3900 γὰρ
786 3821 838 3877 ἐν
866 3817 1081 3895 οἴδμασι
1109 3822 1265 3894 πῆμα
1292 3818 1565 3901 πέφυρται.

175 3902 239 3963 Οἳ
260 3906 303 3964 δ’
330 3904 455 3966 ὥστ’
482 3906 795 3986 οἶνοὸαρεῖς,
823 3907 950 3979 ὀλοῆ
973 3904 1244 3983 μεθύοντες
1267 3908 1443 3987 ἀῢτμῇ
1458 3952 1472 3979 ,

174 3990 333 4067 πάντη
358 3994 610 4078 δινεύουςί
639 3993 733 4054 καὶ
752 3992 932 4053 οὗποθι
956 3996 1127 4074 χῶρον
1158 3992 1335 4073 ἔχουσι

172 4081 469 4159 λειπόμενον
495 4082 813 4157 κακότητος,
842 4078 1098 4160 ἐπαΐγδην
1129 4082 1182 4141 δὲ
1212 4080 1394 4142 λίνοισι

172 4170 507 4251 σπερχόμενοι
528 4170 815 4263 ἑπίπτουσι,
844 4170 1149 4252 διεκθορέειν
1179 4176 1469 4249 μεμαῶτες·

76 4270 139 4310 επ.
172 4258 279 4313 ἀλλ’
300 4256 361 4316 οὔ
384 4283 459 4327 τις
478 4262 723 4341 χαλεπῆς
749 4258 878 4332 ἄτης
900 4256 1072 4330 λύσις,
1102 4258 1207 4316 οὐδ’
1226 4257 1459 4340 ἀλεωρή·

171 4347 335 4426 πολλῇ
363 4346 421 4406 δὲ
446 4350 576 4431 ῥιπῇ
606 4371 661 4406 τε
684 4348 774 4407 καὶ
802 4346 1001 4426 ἅλματι
1023 4346 1363 4425 κυμαίνονται

172 4433 467 4514 τειρόμενοι·
486 4437 553 4495 ϊὸ
576 4435 632 4495 δὲ
653 4436 845 4496 πολλὸν
874 4435 1137 4517 ἐπιτρέχει
1164 4434 1446 4518 ἀμφιτρίτῃ

173 4522 463 4599 ὀλλυμένων
486 4524 712 4607 φύσημα
726 4569 744 4604 ,
770 4524 833 4584 τό
859 4525 906 4583 τ’
936 4522 1139 4605 ἰχθύσιν
1164 4521 1347 4581 ἔπλετο
1375 4524 1557 4588 δειλοῖς

174 4611 391 4689 οἰμωγή·
414 4612 489 4673 τοὶ
516 4614 563 4672 δ’
593 4612 740 4681 ἐκτὸς
762 4612 843 4671 ἐπ’
872 4612 1081 4689 ἄλγεσιν
1112 4614 1401 4681 ἀσπαλιῆες

80 4714 139 4749 ³3¹1
172 4698 469 4777 τερπόμενοι
498 4700 781 4779 μίμνουσιν
812 4698 1049 4772 ἀκηδέες,
1079 4697 1247 4757 εἰσόκε
1280 4696 1398 4775 σιγὴ

174 4784 351 4845 πόντον
381 4786 473 4871 ἕλῃ
490 4834 506 4862 ,
534 4786 788 4871 φλοίσὸου
814 4788 870 4848 δὲ
895 4785 986 4846 καὶ
1013 4786 1286 4868 ἀργαλέοιο
1310 4786 1556 4861 κυδοιμοῦ

176 4872 503 4950 παύσωνται,
528 4876 843 4936 στονόεσσαν
870 4873 1287 4940 ἀποπνεύσαντες
1317 4872 1539 4949 ἀϋτμήν.

176 4960 277 5021 Καὶ
297 4963 409 5023 τότ’
432 4963 731 5047 ἀπειρέσιον
759 4961 951 5022 νεκύων
981 4961 1214 5045 ἐρύουσιν
1241 4960 1422 5040 ὅμιλον

176 5044 299 5131 Ξυνῷ
324 5056 615 5125 τεθνηῶτας
641 5054 772 5129 ὁμοῦ
797 5048 1056 5132 λωὸἤτορι
1082 5048 1286 5130 πότμῳ.

80 5148 139 5189 *h
176 5132 269 5204 Ὦς
294 5138 339 5196 δ’
366 5138 451 5199 ὅτε
482 5138 847 5218 δυσμενέεσσιν
870 5138 1253 5210 ἐπιστήσωνται
1277 5138 1415 5216 ἄρηα
1432 5183 1447 5213 ,

176 5227 389 5307 φροῦδον
416 5227 708 5308 ἰελδόμενοι
736 5231 915 5312 ῥαῖσαι
936 5228 1103 5301 πόλιν,
1132 5226 1239 5285 οὐδ’
1268 5230 1449 5282 ἀνιεῖσι

1702 553 1966 603 occultatur
1977 571 1992 616 ;
2019 568 2130 602 mox
2147 555 2273 603 enim
2297 555 2449 617 ipsam
2465 558 2722 606 extrahens
2746 559 2969 607 manibus

1700 643 1909 705 piscator
1931 643 2128 705 emergit
2147 649 2196 693 et
2217 641 2442 694 stolidam
2459 645 2682 694 ostendit.

1763 731 1898 780 Talia
1915 731 2110 793 quidem
2133 733 2422 794 piscatorum
2447 733 2560 782 novi
2579 733 3016 800 in-marioccupata
3037 738 3154 786 artis

1700 819 1898 869 consilia
1919 822 1969 869 et
1988 823 2060 869 tot
2078 820 2130 868 in
2151 821 2308 884 pisces
2325 821 2513 871 tristem
2540 821 2790 872 interitum
2807 839 2824 886 ς

1700 908 1910 970 reliquos
1933 921 2048 958 vero
2068 915 2271 958 cunctos
2289 910 2445 960 simile
2463 911 2616 961 fatum
2640 913 2957 975 apprehendit

1701 1009 2047 1059 nassau-umque
2069 997 2416 1062 hamorumque
2437 1001 2491 1048 et
2509 999 2750 1063 lats-plexi
2766 999 2854 1050 lini

1702 1085 1921 1148 ictusque
1942 1085 2191 1147 tridentis,
2213 1099 2323 1148 quae
2343 1085 2463 1136 viris
2485 1085 2806 1138 instrumenta
2822 1089 2940 1138 artis
2960 1097 3102 1140 sunt.

1702 1173 1832 1222 Alios
1850 1173 2046 1236 quidem
2068 1173 2265 1224 diurnos
2278 1212 2293 1236 ,
2317 1175 2437 1224 alios
2462 1188 2577 1225 vero
2599 1188 2800 1240 vespera
2820 1177 2951 1241 capit
2971 1177 3207 1242 domitos,

1702 1262 1895 1323 quando
1916 1263 2007 1312 sub
2031 1264 2241 1324 primum
2263 1264 2423 1313 noctis
2444 1266 2784 1328 crepusculum
2809 1266 3072 1328 piscatores

1701 1350 1803 1399 face
1825 1364 2025 1400 accensa
2047 1363 2216 1401 cavam
2241 1353 2469 1415 scapham
2487 1353 2835 1418 gubernantes,

1700 1439 1913 1500 piscibus
1932 1441 2113 1490 securis
2132 1440 2384 1491 obscuram
2403 1447 2608 1492 mortem
2625 1442 2848 1494 afferunt.

1701 1529 1773 1578 lbi
1797 1530 1865 1579 illi
1883 1529 2080 1592 quidem
2101 1529 2252 1594 piceae
2269 1530 2432 1592 pingui
2457 1529 2650 1580 flamma
2673 1531 2890 1582 laetantes

1699 1619 1825 1668 circa
1840 1632 2015 1668 navem
2034 1623 2250 1679 currunt,
2271 1620 2550 1683 malumque
2571 1619 2737 1670 vident
2749 1621 3079 1685 vespertinum
3093 1624 3268 1688 ignem,

1699 1707 1815 1756 ictui
1836 1706 2083 1771 tricuspidi
2101 1706 2284 1757 crudeli
2308 1713 2630 1759 occurrentes.
2651 1737 2662 1742 -

1760 1799 1846 1845 Est
1869 1809 2011 1858 porro
2033 1793 2255 1858 quaedam
2274 1800 2486 1865 capturae
2503 1796 2598 1846 alia
2619 1797 2742 1846 ratio
2763 1798 3083 1861 piscawribus

1698 1882 1966 1934 venenariis
1977 1921 1993 1946 ,
2012 1885 2096 1946 qui
2113 1883 2306 1934 exitiale
2327 1885 2376 1933 in
2397 1884 2553 1948 pisces
2575 1886 2906 1948 excogitarunt

1697 1985 1938 2022 venenum
1953 1973 2266 2036 velocemque
2289 1973 2432 2022 finem
2455 1971 2668 2036 piscibus
2690 1974 2959 2039 imponunt.

1696 2059 1771 2109 Illi
1792 2060 1940 2122 igitur
1962 2059 2167 2123 primum
2190 2059 2388 2124 quidem
2405 2061 2709 2112 densioribus
2727 2063 2899 2125 iaculis

1696 2152 2042 2210 cantorumque
2063 2148 2274 2211 impulsu
2295 2152 2345 2198 et
2365 2149 2552 2211 impetu
2571 2163 2818 2199 remorum

1695 2240 1874 2300 cogunt
1892 2236 2097 2299 piscium
2115 2236 2311 2286 timidos
2333 2251 2499 2300 greges
2521 2237 2571 2287 in
2591 2252 2744 2288 unum
2766 2238 2930 2290 locum

1694 2339 1956 2376 concavum
1971 2363 1984 2388 ,
2007 2326 2220 2375 latibulis
2241 2325 2498 2376 infractum
2518 2327 2877 2391 frequentibus;

1694 2417 1761 2466 ibi
1780 2415 1860 2466 alii
1882 2415 2076 2480 quidem
2097 2415 2306 2466 subeunt
2327 2428 2470 2466 cavos
2493 2417 2716 2480 scopulos
2733 2454 2747 2479 ,

1693 2505 1772 2554 aiii
1790 2508 1955 2555 autem
1981 2505 2294 2554 circumstant
2315 2505 2521 2554 linorum
2546 2506 2827 2570 bene-septa
2847 2507 3166 2572 undequaque

1697 2594 1813 2642 retia
1832 2595 2100 2656 cingentes,
2119 2593 2259 2656 quasi
2282 2594 2400 2643 viris
2419 2594 2674 2644 hostilibus

1692 2682 1909 2744 duplices
1931 2682 2388 2743 circumobjicientes
2413 2683 2613 2732 infestos
2637 2697 2800 2733 muros
2822 2686 3023 2747 scopuli.

1692 2773 1753 2820 Et
1770 2777 1886 2819 tunc
1909 2771 1984 2819 vir
2005 2770 2219 2832 argillam
2245 2770 2390 2819 simul
2413 2769 2640 2832 pinguem
2665 2771 2902 2833 accipiens

1684 2857 1996 2921 radicemque
2009 2892 2025 2918 ,
2048 2869 2193 2920 quam
2222 2856 2542 2919 cyclaminum
2565 2858 2806 2921 appellant
2825 2859 3024 2923 medici,

1691 2947 1897 2995 miscens
1921 2944 2168 3007 manibuS,
2197 2946 2318 2995 duas
2341 2944 2520 3009 subigit
2542 2947 2811 3009 placentas3

1692 3034 1809 3084 mari
1831 3036 1994 3083 autem
2014 3033 2160 3083 insilit
2181 3047 2323 3097 super
2342 3034 2467 3097 lina,
2488 3036 2670 3084 circum
2694 3036 2823 3099 ipsas
2845 3042 3007 3086 autem

1690 3124 1919 3173 cavitates
1937 3128 1987 3172 et
2008 3123 2213 3173 latebras
2237 3122 2559 3185 graveolentia
2581 3124 2839 3186 pharmaca
2864 3126 2996 3187 ungit

1690 3212 1924 3274 unguenti
1945 3211 2101 3261 infesti
2119 3248 2134 3274 ,
2155 3214 2204 3261 et
2222 3211 2397 3275 polluit
2419 3224 2567 3261 mare.

1688 3303 1751 3351 Et
1774 3302 1902 3350 hunc
1913 3300 2110 3363 quidem
2125 3300 2370 3363 reducem,
2385 3300 2650 3363 perniciosa
2665 3308 3258 3367 postquam-venena·para·

1692 3390 1799 3453 vit,]
1820 3388 1989 3452 recipit
2000 3388 2156 3448 navis,
2173 3388 2280 3438 illos
2301 3393 2466 3438 autem
2488 3389 2652 3439 statim
2670 3390 2826 3440 malus
2849 3392 2899 3440 et
2913 3391 3134 3441 inimicus
3153 3394 3268 3441 odor

1688 3478 1845 3541 primo
1864 3476 2062 3540 quidem
2084 3476 2134 3525 in
2157 3476 2374 3527 latibulis
2393 3477 2608 3542 attingit&
2631 3478 2830 3541 caligine
2852 3493 2968 3529 vero
2989 3480 3114 3529 oculi

1687 3572 1736 3615 et
1754 3567 1967 3629 caputet
1987 3566 2205 3615 membra
2225 3568 2505 3628 gravanmr,
2530 3580 2690 3630 neque
2713 3572 2916 3630 possunt

1689 3668 1882 3703 manere
1900 3654 1952 3703 in
1975 3654 2198 3716 latebris,
2219 3652 2386 3705 amicti
2409 3659 2572 3705 autem
2591 3655 2858 3706 funduntur

1688 3746 1819 3791 extra
1841 3756 1868 3792 e
1887 3744 2125 3807 scopulis3
2145 3748 2196 3792 at
2215 3742 2334 3806 ipsis
2349 3745 2506 3793 multo
2518 3747 2596 3794 est
2619 3758 2752 3793 mare

1688 3833 1923 3893 amarius;
1946 3831 2058 3881 talis
2075 3832 2206 3882 enim
2223 3832 2274 3881 in
2291 3833 2430 3896 aquis
2453 3846 2577 3882 noxa
2601 3832 2852 3883 mixta-est.

1686 3920 1757 3968 lili
1780 3925 1946 3969 autem
1963 3924 2192 3983 tanquam
2215 3908 2531 3983 vino-gravati
2546 3959 2561 3983 ‚
2581 3920 2853 3983 pernicioso
2876 3921 2994 3969 ebrii
3016 3922 3164 3971 halitu
3177 3960 3192 3984 ,

1690 4008 2036 4073 usquequaque
2057 4012 2330 4070 versantur,
2356 4014 2407 4058 et
2427 4022 2668 4070 nusquam
2694 4009 2851 4057 locum
2872 4008 3051 4059 habent

1692 4088 1910 4139 relictum
1929 4088 2267 4138 ab·aiilictione
2278 4123 2293 4149 ,
2313 4088 2627 4150 cum-impetu
2655 4102 2766 4139 vero
2785 4088 2898 4138 linis

1688 4176 1966 4227 festinantes
1984 4176 2226 4236 incidunt,
2247 4174 2486 4224 transilire
2507 4176 2754 4238 cupientes
2772 4215 2787 4239 ,

1688 4264 1772 4313 sed
1790 4246 2012 4313 nulla‘est
2027 4262 2252 4313 a·difficili
2271 4276 2395 4313 noxa
2404 4262 2640 4325 liberatio,
2652 4278 2808 4327 neque
2818 4266 3258 4327 effugiumullum‚·

1689 4352 1923 4415 frequenti
1943 4364 2059 4401 vero
2082 4352 2265 4415 impetu
2282 4355 2333 4402 et
2355 4352 2479 4402 saltu
2498 4352 2734 4402 fluctuant

1688 4440 1914 4499 cruciati,
1935 4440 2116 4489 inultus
2137 4452 2255 4489 vero
2281 4441 2599 4503 currit-super
2615 4454 2745 4489 mare

1688 4528 1990 4591 pereuntium
2007 4528 2270 4587 anhelitus,
2296 4542 2406 4591 quai
2429 4528 2640 4591 piscibus
2659 4532 2733 4579 est
2755 4528 2942 4578 miseris

1688 4616 1910 4679 ejulati03
1928 4622 1978 4666 at
1997 4616 2209 4666 exterius
2227 4630 2372 4680 super
2390 4616 2634 4667 doloribus
2651 4617 2910 4680 piscatores

1690 4706 1873 4755 delecta
1881 4706 1915 4753 ti
1933 4709 2129 4754 manent
2152 4704 2252 4753 laeti
2269 4742 2282 4765 ,
2307 4705 2462 4754 donec
2480 4696 2722 4753 silentium

1690 4807 1818 4842 mare
1836 4796 2022 4855 teneat,
2047 4798 2097 4843 et
2117 4794 2360 4855 a·strepitu
2381 4806 2438 4843 ac
2457 4791 2634 4841 difficili
2655 4792 2824 4856 proelio
2843 4794 3004 4853 pisces

1691 4882 1935 4941 desinant,
1959 4880 2272 4944 suspiriosum
2295 4880 2510 4931 efflantes
2529 4880 2812 4930 anhelitum.

1693 4974 1755 5019 Et
1773 4975 1887 5019 tunc
1904 4969 2138 5019 infinitam
2155 4970 2442 5019 cadaverum
2461 4969 2718 5019 extrahunt
2739 4969 2950 5027 turbam,

1694 5046 1938 5107 communi
1953 5057 2206 5106 dehine-tos
2226 5071 2320 5106 una
2341 5058 2482 5105 noxio
2507 5059 2618 5105 falc.

1694 5149 1760 5195 Ut
1777 5147 1940 5195 autem
1959 5146 2150 5208 quando
2173 5146 2398 5194 in·hostes
2414 5146 2660 5193 instruunt
2685 5150 2883 5194 :nartem
2896 5179 2912 5204 ,

1694 5238 1928 5283 remotam
1951 5234 2197 5297 cupientes
2220 5238 2407 5283 vastare
2427 5234 2592 5283 urbem
2607 5268 2620 5293 ,
2641 5246 2796 5296 neque
2817 5230 3054 5282 desistunt

2901 5348 2962 5388 13.
