3767 5825
383 388 544 431 INIII

381 501 436 560 δὲ
459 504 666 581 κενῇσιν
691 501 824 568 ὁδοῖς
851 501 1001 579 μόνοι
1027 515 1126 561 aut
1146 504 1198 560 ἐν
1212 493 1511 581 ’κέντροισιν
1534 518 1632 561 aut
1651 504 1762 562 tale
1787 504 1933 581 quid

381 590 775 667 reponendum
811 616 835 643 υ
866 593 1171 666 cogitavit,
1203 592 1302 649 sed
1331 592 1622 667 quomodo
1660 594 1780 650 haec
1805 594 1937 650 illa-

1749 370 2176 433 PRAEFATIO.

2147 503 2386 567 οὗρανίῃσι
2410 504 2567 567 βολαῖς
2586 503 2853 567 &em
2875 502 3006 559 Μ
3028 500 3271 566 mv·

2147 575 2386 637 οὐρανίῃσι
2411 576 2570 639 βολαῖς
2586 578 2651 631 ὡς
2672 575 2861 639 ἀστέρες
2874 574 3015 635 ἦλθον
3030 574 3111 623 ὑπ’
3128 573 3316 636 ὄρφνην.

383 690 548 735 turus
574 692 745 749 esset,
771 678 964 736 dicere
986 681 1199 739 omisit.
1231 679 1418 737 Locus
1454 680 1596 757 quid
1627 679 1742 738 sibi
1767 681 1931 747 velit,
2027 682 2189 739 Hanc
2223 682 2623 759 repetitionem
2667 682 2910 741 minime
2940 681 3323 756 inelegantem
3366 679 3575 739 inferre

383 765 600 840 optime
619 764 966 839 intelligitur
986 786 1059 823 ex
1080 765 1180 838 Vl,
1206 768 1319 825 258
1344 787 1432 843 sq.

504 894 549 940 o!
563 894 604 941 δ’
620 893 745 943 ὀλοοὶ
761 895 848 953 κῆν
875 895 1018 955 δρῶσι
1037 897 1174 957 γονὴν
1193 897 1367 946 τεκέων
1383 896 1686 960 μερόπεσσιν,

506 965 536 1021 ἢ
553 964 689 1013 πάλιν
708 964 776 1027 ἂψ
799 965 1008 1026 ἀφείλοντ’
1057 968 1087 1025 ἢ
1107 966 1308 1030 ἀνάρσια
1335 968 1464 1017 θέντο
1483 972 1718 1027 τοκεῦσιν,

383 1078 516 1137 coll.
542 1078 663 1153 111,
695 1100 824 1152 17⁰·
852 1080 1218 1139 Praecedebat
1245 1102 1447 1141 versus
1463 1126 1480 1155 ,
1507 1104 1624 1161 quo
1647 1085 1798 1141 nihil
1819 1102 1938 1139 om-

381 1174 514 1223 ηἰηο
536 1171 666 1223 dari
689 1190 726 1223 a
748 1174 938 1225 noxiis
956 1172 1134 1225 stellis
1163 1169 1583 1247 explicabatur,
1609 1172 1704 1229 cui
1730 1170 1940 1228 deinde

382 1253 531 1313 bene
561 1255 978 1334 subjiciebatur
1001 1278 1016 1314 :
1039 1260 1092 1315 ἐν
1122 1256 1177 1315 δὲ
1198 1257 1424 1316 τέκνοισι
1445 1257 1617 1335 μόνοις
1646 1256 1940 1336 ἀγνώμονες

384 1344 482 1401 εἰσι
526 1344 755 1422 δοτῆρες.
801 1342 931 1402 Jam
973 1346 1146 1403 etiam
1192 1359 1347 1424 patet
1389 1362 1630 1426 propter
1673 1348 1935 1406 ultimam

383 1451 582 1489 vocem
613 1431 683 1489 ad
719 1429 786 1488 τὰ
823 1432 965 1512 δῶρα
1000 1453 1059 1492 v.
1097 1434 1166 1491 81
1209 1434 1330 1493 haec
1366 1436 1658 1514 adscripta
1689 1455 1831 1494 esse.
1861 1468 1941 1480 —-

385 1519 480 1576 83.
514 1518 847 1595 ἐπιπένθιμον
877 1519 1022 1596 ΜΗ,
1057 1518 1144 1579 ἐπὶ
1176 1520 1423 1596 πένθιμον
1457 1521 1533 1594 G,
1568 1521 1659 1580 ἔπι
1692 1519 1938 1598 πένθιμον

383 1606 497 1677 ed.,
521 1607 621 1665 sed
651 1620 772 1664 tum
797 1607 971 1665 etiam
996 1612 1120 1687 γονῇ
1143 1609 1514 1670 scribendum
1535 1623 1704 1669 esset.
1739 1610 1940 1687 ltaque

381 1696 611 1772 praetuli
639 1694 714 1752 ἰδὲ
735 1696 1002 1771 πένθιμον.

469 1786 562 1853 111,
588 1783 790 1857 84·92.
831 1780 1090 1858 Longius
1132 1782 1514 1859 fragmentum
1549 1785 1622 1843 de
1659 1789 1850 1841 Marte
1886 1798 1941 1842 et

382 1874 672 1941 Mercurio,
711 1870 1065 1948 adscriptum
1101 1872 1173 1929 ad
1219 1876 1277 1931 8.
1312 1873 1670 1947 Quamquam
1705 1886 1943 1951 propter

381 1960 608 2014 Saturni
653 1958 1039 2017 accessionem
1088 1978 1148 2019 ν.
1193 1981 1264 2036 91
1307 1961 1478 2018 etiam
1518 1960 1758 2017 omnino
1805 1958 1939 2017 addi

384 2058 608 2124 poterat
633 2046 962 2104 collectioni
998 2046 1070 2104 de
1095 2051 1265 2103 malis
1299 2048 1481 2105 stellis
1511 2048 1800 2106 institutae.
1834 2047 1943 2106 Hic

384 2132 547 2191 locus
575 2133 645 2191 ad
673 2132 816 2191 libri
845 2132 918 2191 IV
947 2134 1144 2192 stilum
1186 2134 1456 2193 accedere
1493 2135 1724 2193 videtur
1760 2154 1774 2193 :
1802 2134 1941 2193 hinc

385 2240 627 2279 numero
652 2219 726 2277 lv
749 2222 1053 2297 insignivi.
1075 2255 1154 2266 —-
1190 2243 1286 2299 9o.
1326 2220 1418 2293 ἠδὲ
1440 2220 1516 2293 G,
1539 2222 1640 2279 sed
1663 2223 1726 2280 in
1757 2242 1939 2299 marg.

390 2334 416 2361 α
441 2309 537 2379 ἤδε
561 2308 679 2366 MS.
710 2336 769 2381 υ,
791 2322 850 2367 et
878 2334 904 2360 σι
931 2328 1222 2387 superscr.
1247 2308 1350 2367 εἰδὲ
1381 2336 1405 2363 10
1441 2330 1642 2381 onom,
1665 2312 1710 2368 εἰ
1741 2310 1794 2369 δὲ
1825 2310 1939 2383 HJ,

385 2396 541 2475 quod
592 2408 932 2474 receperunt
973 2395 1108 2469 ΑΒ,
1157 2395 1222 2467 ἢν
1264 2396 1320 2455 δὲ
1362 2418 1512 2456 corr.
1554 2397 1902 2457 Letronnius
1921 2443 1937 2471 ,

383 2504 555 2562 quem
582 2504 689 2543 nos
715 2485 894 2542 secuti
919 2503 1138 2541 sumus.
1167 2518 1246 2527 —-
1273 2506 1372 2561 91.
1400 2482 1589 2561 δεσμὸν
1621 2484 1784 2557 edd„
1815 2486 1940 2565 δρη·

385 2571 518 2648 σμὸν
552 2591 677 2644 nos,
707 2571 866 2649 quod
899 2572 1264 2630 referendum
1292 2573 1363 2630 ad
1387 2574 1484 2649 89.

467 2663 564 2732 15,
608 2662 815 2737 93·99.
861 2658 1022 2717 Idem
1061 2663 1248 2739 σχῆμα
1283 2681 1297 2718 :
1339 2665 1542 2718 Martis
1583 2674 1641 2719 et
1675 2664 1944 2719 Mercurii

383 2746 742 2824 conjunctio.
761 2780 838 2790 —-
855 2754 952 2822 94.
977 2744 1214 2812 δύναντες
1227 2747 1388 2823 edd„
1406 2747 1638 2813 δύνοντες
1653 2769 1778 2807 nos.
1803 2749 1944 2807 Post

383 2833 538 2893 hun‘c
561 2856 620 2895 v.
641 2836 902 2893 lacunam
922 2853 1048 2914 esse
1066 2834 1235 2893 hians
1257 2836 1541 2894 sententia
1564 2837 1936 2895 demonstrat.

384 2959 461 2968 —
485 2945 584 3000 97.
613 2924 986 3002 ἐπιγεινόμενοι
1013 2923 1144 2996 GH,
1176 2922 1263 2982 ἔπι
1287 2923 1570 3003 γεινόμενοι
1596 2925 1690 2983 ed.
1718 2945 1751 2984 e
1779 2947 1934 2985 corr.

382 3011 435 3067 D
467 3013 576 3083 437
586 3034 604 3083 ;
637 3010 995 3090 ἕπαειρόμενοι
1022 3012 1114 3068 vel
1134 3011 1503 3089 ἐπιτεινόμενοι
1526 3013 1682 3089 conj.
1714 3013 1836 3072 AR.
1863 3047 1942 3058 —-

383 3102 481 3175 98.
511 3098 764 3180 φύσαντες
791 3098 950 3172 edd.;
983 3100 1043 3156 ἐκ
1067 3099 1111 3157 δ’
1132 3099 1337 3179 ἄστρων
1365 3103 1625 3181 φυσῶντες
1652 3102 1757 3178 (ex
1775 3109 1941 3160 asm's

380 3187 788 3264 superbientes)
835 3185 884 3243 D
922 3188 1070 3260 482,
1113 3187 1198 3258 ἠδ’
1228 3189 1399 3246 αὐτῶν
1428 3187 1680 3268 φύσαντες
1711 3189 1941 3267 (eorum

373 3290 642 3351 parentes
664 3276 681 3351 )
700 3274 779 3333 id.
810 3276 924 3332 680
950 3273 1108 3351 conj.
1117 3296 1134 3348 ;
1156 3273 1461 3355 ψευσθέντες
1486 3277 1580 3334 vel
1602 3278 1941 3356 σφαλμῶντες

384 3381 486 3420 seu
523 3364 879 3441 σφαλμοῧντες
905 3362 979 3433 Α,
1023 3364 1082 3420 ἐκ
1113 3361 1156 3420 δ’
1187 3363 1391 3440 ἄστρων
1413 3362 1725 3429 πταίσαντες
1752 3364 1820 3422 R.
1861 3399 1941 3408 —

383 3471 481 3526 99.
523 3441 676 3520 ἦλθον
707 3449 786 3506 ἐπ’
827 3447 972 3528 ἄφνῳ
998 3446 1072 3519 G,
1103 3449 1204 3506 sed
1235 3475 1260 3501 α
1290 3451 1430 3508 Post
1469 3450 1579 3508 hoc
1607 3450 1851 3508 verbum
1880 3453 1939 3508 in

383 3535 502 3594 MS.
537 3535 891 3593 adscribitur
931 3533 1264 3615 ἀνέλαμψαν,
1300 3537 1466 3614 quasi
1499 3537 1560 3594 id
1596 3535 1689 3594 his
1715 3537 1940 3596 adnecti

383 3622 641 3682 deberet.
695 3649 720 3674 ν
769 3643 943 3680 Gnou-
987 3621 1069 3678 ἐπ’
1118 3622 1265 3703 ἄφνω
1309 3623 1619 3704 ἀνέλαμψαν
1664 3621 1723 3680 J.
1771 3623 1940 3692 Quod

383 3710 628 3769 verbum
657 3710 807 3768 male
833 3731 944 3790 pro
963 3710 1154 3787 glossa
1173 3711 1417 3769 habetur
1440 3712 1502 3768 in
1527 3730 1711 3787 marg.
1737 3711 1809 3783 H,
1837 3712 1939 3769 ubi

381 3812 463 3857 est
481 3789 537 3870 ἦ.
570 3797 651 3856 ἐπ’
675 3797 844 3880 ἄφνω,
871 3799 1028 3873 quod
1052 3811 1394 3878 receperunt
1429 3798 1552 3869 AR,
1591 3818 1939 3876 quamquam

382 3893 433 3945 A
452 3886 609 3963 conj.
632 3876 788 3958 ἦλθον
809 3887 860 3953 ἐς
883 3883 1094 3967 ὄρφνην.
1111 3885 1514 3944 infelicissime
1532 3887 1585 3943 D
1607 3889 1719 3952 482
1744 3900 1804 3945 et
1825 3888 1941 3945 680

379 3967 535 4048 ἦττον
567 3975 656 4032 vel
688 3965 840 4045 ἦττον
887 3974 1081 4051 (quod
1125 3973 1366 4032 verbum
1410 3975 1597 4031 esset!
1628 3975 1646 4051 )
1678 3973 1761 4030 ἐπ’
1792 3973 1941 4053 ἄφνει

381 4063 476 4121 vel
515 4059 597 4119 ἐπ’
627 4059 802 4142 ἅφνος.
842 4094 922 4105 —
963 4060 1180 4120 Locum
1212 4081 1286 4120 ex
1325 4060 1445 4134 111,
1488 4061 1559 4133 67
1601 4081 1692 4138 sq.
1727 4063 1937 4139 partim

379 4169 714 4229 expressum
747 4162 887 4227 puto
912 4171 925 4206 ε

505 4278 717 4336 ἐξαπίνης
735 4278 775 4327 δ’
791 4279 984 4336 ἔσφηλεν
1003 4279 1048 4335 ἐς
1063 4280 1255 4341 οὐρανὸν
1273 4279 1414 4327 αἰπὺν
1435 4277 1588 4342 ἀείρας

505 4349 730 4405 δειλαίους
752 4354 906 4412 φῶτας
919 4351 1025 4398 ποτὶ
1045 4349 1280 4412 Τάρταρον
1304 4349 1538 4412 ἠερόεντα.

380 4471 532 4530 Tum
552 4473 614 4528 in
639 4469 1014 4546 sequentibus
1036 4489 1152 4558 non
1175 4468 1405 4539 dubito,
1433 4469 1574 4544 quin
1611 4480 1811 4543 arguta
1829 4467 1937 4524 ho-

381 4579 511 4617 rum
559 4557 860 4616 bominum
905 4559 1261 4632 comparatio
1313 4576 1440 4612 cum
1491 4555 1675 4613 stellis
1717 4554 1940 4612 crinitis

383 4646 576 4706 subito
600 4645 1012 4724 apparentibus
1031 4645 1226 4703 subito
1259 4641 1736 4701 ‘evanescentibus
1767 4643 1942 4701 fuerit

383 4735 665 4793 instituta.
701 4733 851 4789 Hinc
876 4745 1056 4790 totum
1087 4733 1275 4790 locum
1323 4751 1440 4789 uno
1469 4751 1641 4788 versu
1673 4743 1939 4808 transpo-

381 4821 495 4880 sito
523 4821 605 4878 ita
632 4821 940 4877 constitui:

411 4947 472 4992 96
506 4941 631 5001 ὄλὸῳ
648 4939 739 5002 γὰρ
759 4939 946 4990 πίσυνοι
961 4942 1042 4990 καὶ
1059 4941 1244 5004 τεύχεσι
1263 4941 1570 5004 θωρηχθέντες

507 5009 684 5060 ἐλπίσιν
703 5011 954 5069 ἀπλήστοις
979 5011 1182 5074 μεγάλας
1200 5013 1343 5074 ἀρχὰς
1360 5014 1630 5074 μελετῶσιν,

506 5080 736 5141 ουρανίοις
755 5081 797 5128 δ’
825 5081 1010 5144 ἄστροις
1037 5083 1381 5144 ἀνεπειγὸμενοι
1406 5083 1628 5142 ὰτῶνται,

503 5151 576 5210 ἠδ’
593 5149 776 5214 ἄστρων
787 5152 1046 5214 ψαύσαντες
1065 5154 1144 5210 ἐῆν
1163 5155 1238 5201 διὰ
1257 5153 1410 5201 πίστιν
1433 5152 1648 5212 ἄπιστον,

2026 788 2143 827 non
2172 768 2471 827 dubitavi:
2498 770 2749 828 similem
2776 768 2957 828 habes
2978 767 3077 840 Vl,
3108 768 3221 836 453
3251 787 3345 845 sq.

2112 861 2207 927 16,
2246 877 2518 917 1oo·102.
2548 860 2786 915 Malitia
2808 860 3018 914 Martis
3043 868 3101 915 et
3126 860 3376 915 Veneris.

2111 948 2208 1017 17,
2243 946 2346 1002 103
2372 965 2465 1022 sq.
2504 948 2687 1003 Venus
2730 959 2788 1003 et
2818 945 3139 1003 Mercurius
3165 944 3433 1003 infausti.
3459 944 3581 1003 Fra-

2028 1044 2319 1105 gmentum
2342 1031 2666 1090 mutilatum
2685 1052 2811 1091 esse
2830 1044 3004 1110 patet.
3027 1030 3144 1089 Pro
3167 1028 3413 1108 γελοίων,
3436 1034 3581 1109 quod

2028 1116 2243 1177 habent
2260 1119 2395 1177 edd.
2414 1164 2432 1193 ,
2460 1121 2672 1197 scripsi
2694 1119 2926 1199 γελοίους
2946 1138 3021 1177 ex
3040 1137 3153 1179 em.
3177 1119 3230 1175 D
3252 1120 3395 1179 666.

2113 1212 2212 1283 18,
2248 1207 2522 1283 105-107.
2540 1212 2741 1267 Παίω-
2764 1210 2978 1267 iterum
3004 1211 3168 1264 Mars
3198 1228 3333 1265 cum
3360 1212 3581 1267 Vertere.

2032 1294 2293 1354 Fortasse
2323 1296 2435 1354 hoc
2478 1294 2791 1355 frustulum
2831 1314 2963 1354 cum
3008 1298 3081 1353 16
3122 1294 3475 1355 cohaerebat.
3514 1339 3583 1350 -

2028 1382 2120 1441 καὶ
2148 1402 2255 1459 ego
2282 1385 2576 1463 supplevi,
2608 1384 2703 1461 μὲν
2722 1383 2845 1443 An.
2884 1379 3074 1464 Ἄρηος
3095 1384 3253 1462 conj.
3276 1382 3415 1457 Gr„
3437 1382 3583 1463 Ἄρης

2028 1468 2166 1529 ἐστὶν
2198 1472 2251 1529 D
2274 1473 2313 1532 l.
2336 1493 2389 1534 c.

2116 1564 2211 1633 19,
2246 1564 2375 1619 108.
2406 1566 2569 1619 Mars
2588 1564 2780 1632 bonus,
2810 1572 2869 1619 et
2892 1558 3127 1637 quidem
3156 1579 3293 1617 eum
3317 1564 3479 1623 Jove.

2044 1696 2060 1713 .
2109 1652 2208 1719 20,
2238 1668 2401 1723 109-1
2418 1658 2507 1717 14.
2537 1647 2809 1718 Quaedam
2832 1646 2907 1705 de
2939 1650 3101 1703 Luna
3124 1647 3348 1719 addita,
3374 1662 3437 1707 et
3460 1652 3583 1727 quia

2031 1734 2103 1793 de
2132 1739 2372 1793 bonitate
2401 1737 2529 1813 ejus
2552 1748 2725 1813 atque
2754 1738 3111 1809 malignitate
3132 1754 3352 1808 sermo,
3378 1750 3439 1794 et
3466 1759 3583 1815 pro-
3700 1742 3702 1747 ’

2030 1835 2159 1900 pter
2177 1823 2262 1882 ἐπὶ
2278 1824 2367 1882 τὸν
2392 1824 2492 1885 Δία
2528 1845 2637 1882 ιιο
2660 1837 2719 1882 et
2765 1823 2898 1881 108.
2930 1855 3009 1869 -
3042 1844 3175 1881 110.
3202 1827 3259 1902 γ’
3288 1839 3429 1902 post
3462 1828 3585 1903 1(ρό-

2029 1932 2114 1968 νον
2144 1910 2277 1973 add.
2311 1912 2409 1969 AR
2427 1956 2443 1985 ,
2474 1912 2575 1971 sed
2621 1911 2776 1989 apud
2803 1911 2962 1969 hunc
2992 1911 3205 1969 malam
3246 1912 3585 1989 productio·
3702 1922 3704 1933 '

2031 2018 2162 2056 nem
2189 2000 2354 2058 facile
2392 2001 2722 2058 toleramus.
2762 1998 2879 2057 Nec
2919 1998 3168 2057 fulcrum
3209 1998 3373 2059 illud
3400 2020 3507 2079 per
3536 2022 3589 2061 se

2030 2088 2273 2249 ‘'lag-301
2289 2176 2427 2233 15-1
2444 2196 2535 2251 19.
2558 2175 2702 2233 ltem
2727 2174 2801 2233 de
2822 2180 3008 2246 Luna,
3048 2175 3347 2235 adnexum
3380 2192 3591 2238 antece·

2031 2263 2302 2323 dentibus
2327 2278 2564 2343 propter
2579 2263 2882 2343 πλησιφαὴς
2896 2295 2977 2309 -
2992 2264 3353 2344 ἀπορρείουσα
3382 2268 3593 2345 Κρόνοιο
3706 2300 3708 2305 ·

2030 2351 2162 2412 coll.
2189 2374 2212 2408 1
2227 2353 2296 2408 13
2318 2348 2809 2432 πλησιφαὴς-ἐπὶ
2830 2349 2917 2409 τὸν
2942 2350 3287 2430 Κρόνον.-1
3302 2374 3403 2427 17.
3432 2355 3593 2413 Furo-

2030 2459 2174 2510 rem,
2197 2441 2435 2518 opinor,
2453 2439 2729 2514 intelligit
2750 2439 3003 2499 similem
3030 2438 3183 2517 ejus,
3210 2460 3335 2518 quo
3352 2443 3589 2521 impium

2032 2528 2396 2587 Cleomenem
2428 2528 2673 2605 periisse
2703 2527 2882 2585 tradit
2906 2527 3183 2588 Herodot.
3214 2528 3323 2605 Vl,
3348 2532 3451 2603 75.
3474 2530 3593 2589 Jam

2031 2617 2205 2674 etiam
2252 2616 2554 2693 sequentia
2606 2614 2895 2692 quadrant
2952 2614 3302 2673 illustranda
3362 2637 3439 2675 ex
3500 2619 3589 2683 vl.
3711 2690 3712 2697 γ

2032 2705 2145 2773 624
2168 2722 2253 2779 sq.
2360 2734 2365 2741 ·

2156 2860 2219 2873 —
2235 2856 2297 2867 --
2310 2852 2375 2866 --
2394 2830 2577 2880 σίνεσσι
2600 2830 2903 2889 δυσαλθήτοις
2918 2829 3189 2893 μογέουσιν,

2154 2904 2219 2960 ὡς
2236 2902 2319 2951 καὶ
2341 2901 2641 2966 ἐπεσδολίῃσι
2670 2902 2799 2960 θεοὺς
2826 2902 3039 2952 στοδέειν
3062 2902 3140 2952 ἐπὶ
3153 2902 3336 2967 νούσῳ.

2034 3035 2111 3044 -
2142 3021 2166 3058 1
2183 3001 2273 3058 18.
2298 3001 2368 3066 εἰς
2390 2999 2539 3058 νόσον
2561 3001 2691 3081 ὀργῇ
2710 3000 2873 3079 edd.,
2890 2999 3053 3079 ὀργήν
3076 3000 3166 3058 HJ
3182 3025 3202 3074 ;
3228 3001 3375 3060 hinc
3392 3005 3589 3082 scripsi

2034 3089 2105 3154 εἷς
2132 3087 2283 3145 νόσου
2311 3088 2489 3168 ὀργήν.

2109 3181 2209 3248 22,
2250 3179 2523 3237 120-126.
2550 3181 2729 3233 Lunoe
2749 3189 2921 3254 atque
2938 3175 3087 3234 Solis
3117 3177 3461 3254 conjunctio
3474 3181 3593 3259 opi·

2033 3263 2142 3322 bus
2173 3265 2383 3324 fatalis.
2416 3265 2539 3322 Hoc
2570 3265 2821 3321 maxime
2848 3265 2922 3322 ad
2968 3267 3065 3336 20,
3123 3274 3232 3332 114
3264 3269 3591 3344 appositum

2029 3352 2285 3410 videtur.
2315 3385 2396 3398 -—
2432 3354 2538 3410 123
2566 3349 2757 3430 χείρων
2782 3351 2943 3424 edd„
2966 3350 3157 3430 χείρον’
3186 3356 3281 3410 ἀπ’
3308 3373 3440 3414 nos.

2110 3446 2212 3517 23,
2252 3460 2517 3516 127429.
2543 3445 2723 3496 Lunoe
2743 3433 3241 3518 perniciosissima
3268 3444 3589 3520 copulatio:

2031 3525 2314 3602 σύνδεσμος
2333 3549 2437 3600 127
2451 3540 2508 3584 et
2518 3531 2777 3606 συναφῇσι
2798 3548 2821 3583 1
2834 3547 2930 3584 2ο.
2950 3559 3029 3572 —-
3047 3529 3178 3587 128.
3192 3520 3344 3594 οὗτος
3360 3529 3587 3599 ἔασενίί,

2030 3613 2174 3672 ἔασιν
2194 3615 2269 3688 Η,
2288 3605 2427 3672 οὗτοι
2442 3612 2587 3671 ἔασιν
2606 3614 2728 3685 ed‘.,
2750 3605 2896 3681 οὗτος
2916 3612 3102 3694 ἔφυσεν
3124 3635 3237 3674 nos
3254 3639 3273 3689 3
3298 3607 3447 3683 οὗτος
3470 3621 3587 3676 scil.

2030 3705 2057 3760 ὁ
2077 3699 2380 3778 σύνδεσμος.
2403 3735 2479 3746 -
2507 3721 2637 3777 129.
2668 3699 2902 3778 Ubique
2926 3703 3326 3762 nominativos
3356 3707 3593 3784 pluralis

2032 3791 2409 3849 restituerunt
2436 3789 2561 3862 AR,
2591 3791 2743 3848 mala
2768 3790 3157 3849 antecedentis
3174 3811 3387 3851 versus
3404 3807 3589 3851 muta-

2032 3879 2189 3935 tione
2214 3877 2500 3955 perducti.

2110 3970 2205 4036 24,
2236 3987 2259 4021 1
2274 3966 2406 4022 3ο-1
2420 3967 2516 4023 36.
2547 3969 2708 4022 Mars
2728 3963 3003 4044 διάμετρος
3021 3967 3153 4035 Soli,
3185 3970 3393 4040 Lunoe,
3414 3967 3591 4028 Vene-

2031 4053 2104 4115 ri.
2129 4087 2207 4098 —
2238 4053 2345 4110 135
2394 4050 2624 4128 μιμητὰς
2664 4050 2851 4130 τέχνης
2889 4051 3130 4128 καμάτου
3164 4053 3333 4131 edd„
3362 4057 3593 4132 μιμηλὰς

2030 4141 2243 4220 τέχνας,
2274 4139 2542 4215 καμάτους
2562 4158 2690 4200 nos.

2110 4235 2212 4301 25,
2246 4230 2525 4301 137-143.
2546 4227 2677 4286 Fuit
2690 4231 2897 4306 σχῆμα,
2916 4229 3150 4308 opinor,
3178 4229 3353 4306 cnjus
3374 4231 3591 4292 descri-

2032 4318 2155 4396 ptio
2182 4315 2563 4375 inchoabatur
2588 4335 2623 4372 a
2660 4316 2794 4374 Sole
2822 4329 2880 4372 et
2916 4315 3098 4387 Luna,
3132 4316 3204 4375 ad
3229 4338 3383 4394 quos
3404 4323 3591 4378 refero

2032 4409 2197 4484 φῶτα,
2232 4409 2465 4474 lumina,
2498 4423 2846 4481 quamquam
2888 4403 3264 4476 Gronovius,
3304 4407 3465 4465 haud
3490 4411 3591 4466 du·

2029 4495 2127 4552 bie
2151 4506 2389 4571 propter
2428 4501 2534 4558 142
2560 4505 2616 4550 et
2646 4500 2752 4560 144
2772 4536 2788 4562 ,
2812 4492 2876 4549 id
2899 4511 3005 4570 per
3032 4501 3215 4550 virum
3246 4496 3591 4574 interpreta-

2032 4596 2123 4640 tus
2158 4595 2263 4639 est.
2299 4580 2509 4640 Verum
2552 4581 2635 4638 ita
2663 4599 2786 4642 non
2821 4578 3077 4637 dicitur:
3108 4579 3591 4662 ζώοις-εὑρήσῃς

2030 4667 2156 4727 ποτὲ
2189 4671 2335 4748 φῶτα
2364 4668 2407 4726 i.
2436 4686 2488 4724 e.
2542 4666 2725 4744 ἄνδρα.
2756 4666 2905 4724 Hinc
2946 4668 3169 4725 lacunae
3194 4669 3365 4744 signa
3396 4673 3583 4748 posui.

2030 4791 2109 4806 —-·
2136 4758 2246 4814 138
2267 4775 2355 4831 sq.
2386 4755 2467 4812 ita
2494 4755 2557 4811 in
2582 4753 2635 4811 G
2660 4754 2907 4829 legitur:

2152 4876 2369 4940 Ἑρμείαν
2394 4875 2617 4925 σκέπτου·
2640 4876 2942 4937 θηλυνόμενος
2962 4875 3052 4940 γὰρ
3068 4875 3244 4933 ἐκεῖνος

2151 4951 2317 5009 σχῆμα
2341 4946 2447 4994 τότε
2461 4944 2643 5006 Παφίης
2658 4945 2968 5006 μεθοδεύεται,
2987 4947 3069 4993 καὶ
3083 4945 3181 4994 τότ’
3201 4947 3373 5003 ἐκεῖνος

2030 5052 2159 5130 (καί
2193 5055 2311 5109 ποτ’
2343 5052 2448 5128 H),
2494 5051 2556 5109 in
2589 5071 2837 5127 quorum
2878 5053 3190 5129 postremis
3228 5051 3475 5132 σχήματι
3502 5059 3587 5124 τῆς

2030 5141 2175 5217 Παφ.
2211 5163 2294 5215 μ.,
2326 5137 2419 5208 ἠδέ
2451 5138 2498 5194 τ’
2518 5137 2706 5203 ἐκεῖνος
2734 5139 2831 5196 AR
2878 5139 3255 5215 scripserunt.
3298 5139 3431 5198 Haec
3472 5163 3581 5200 non
