3767 5825
517 560 764 640 ΤΟΥ
826 561 1126 639 ΦΙΛΗ

178 768 287 827 ΕΙΣ
312 768 485 846 ,ΤΟΝ
527 765 1082 827 ΜΕΤΑΞΟΠΟῙΟΝ
1128 763 1522 825 ΣΚΩΔΗΚΑ.

203 939 301 999 Καὶ
321 943 541 1018 σηρικοῦ
568 937 798 1016 νήματος
826 937 1055 1019 ὑφαίνειν
1078 936 1263 1017 λόγους

198 1031 255 1105 τῇ
286 1025 435 1107 φιλίᾳ
460 1025 666 1084 δίδωσιν
689 1030 724 1098 ἡ
751 1025 957 1086 Κλωθὼ
975 1025 1140 1105 τύχη,

198 1112 327 1185 πλὴν
352 1117 422 1180 ὣς
452 1113 670 1195 ὖφαντὸν
698 1113 787 1172 καὶ
813 1113 1160 1195 κροτόπλοκον
1184 1111 1419 1208 τέραῆ

203 1202 525 1282 ἀμπίσχεται
552 1201 642 1261 καὶ
667 1207 820 1261 τοῦτο
844 1205 1105 1284 λαμπρῶς
1131 1207 1166 1273 ἡ
1191 1201 1368 1283 φύσις,

150 1313 177 1350 s
199 1295 261 1356 ὣς
286 1291 507 1371 νυμφίον
534 1290 786 1368 θέλγουσα
808 1290 896 1348 τὸν
922 1289 1108 1372 φθόρον
1130 1289 1335 1370 χρόνον.

199 1379 337 1458 Ἐγὼ
366 1380 411 1436 δ’
441 1382 670 1456 ἐμαυτοῦ
700 1378 1113 1460 σωφρονέστερος
1138 1377 1279 1456 μένω

198 1469 423 1551 ταλασίᾳ
449 1468 719 1541 σκώληκος
744 1469 1157 1551 ἠσφαλισμένας,

198 1561 240 1615 εἰ
262 1561 420 1634 σῶμα
448 1556 641 1636 νωθρὸν
669 1557 761 1616 καὶ
783 1555 1276 1638 περικεκλασμένον,

199 1647 232 1716 ἢ
260 1645 351 1705 καὶ
377 1645 651 1726 χαμερπὲς
678 1647 770 1705 καὶ
791 1645 1264 1725 κατεστυγημένον,

135 1757 178 1794 ιο
204 1740 446 1795 τοσοῦτον
476 1735 623 1816 ἔργον
650 1739 727 1816 τῷ
753 1735 853 1816 βίῳ
873 1735 1165 1816 χαρίζεται.

201 1823 296 1882 Ἐκ
321 1821 427 1901 γὰρ
449 1824 683 1898 ἀπαγοῦς
705 1822 795 1880 καὶ
828 1822 1158 1903 βραχυτάτου
1183 1820 1377 1900 σπόρου

198 1909 507 1994 θαλφθέντος
536 1913 608 1978 εἷς
634 1915 765 1992 π’ὕρ,
791 1908 826 1982 ἢ
849 1911 1023 1971 λινοῦν
1052 1909 1271 1991 ὕφασμά
1295 1933 1345 1967 τι
1364 1953 1382 1981 ,

196 1998 230 2070 ἢ
259 1999 502 2082 διφθέρας
530 1997 767 2080 ἔλυτρον,
790 1995 825 2071 ἢ
854 1998 1051 2058 κόλπου
1080 1999 1238 2072 ζέσιν,

197 2085 521 2167 ῥηγνυμένου
548 2085 783 2164 πρόεισιν
806 2085 1012 2164 apem<
1032 2110 1111 2153 τις
1130 2086 1281 2152 τόκος

124 2197 169 2236 15
193 2179 263 2243 ὣς
286 2175 484 2258 κάρφος
512 2174 549 2244 ἢ
577 2173 686 2255 θρὶξ
712 2174 751 2248 ἤ
784 2199 836 2234 τι
857 2175 1044 2235 λεπτὸν
1072 2175 1329 2250 ἐκτόπως,

196 2265 284 2323 καὶ
308 2268 375 2346 ζῇ
396 2267 515 2324 καθ’
544 2263 703 2323 αὑτὸν
729 2262 907 2346 ἠρέμα
933 2263 1259 2342 κινούμενος,

192 2354 283 2410 καὶ
314 2353 565 2433 βόσκεται
590 2351 659 2411 τὰ
680 2351 854 2434 φύλλα
881 2355 984 2412 τῶν
1010 2352 1331 2430 συκαμίνων,

196 2441 256 2499 τὸ
284 2445 381 2512 τῆς
402 2439 613 2520 τρύγης,
642 2439 911 2520 βέλτιστε,
943 2439 1219 2519 μαστεύων
1244 2441 1403 2520 γάλα.

196 2529 353 2601 Πλὴν
382 2528 799 2589 ἇπολεπτύνουσι
827 2531 996 2611 φειδοῖ
1015 2535 1109 2589 τοῦ
1136 2528 1351 2611 βρέφους

118 2638 170 2676 20
193 2627 369 2697 χεῖρες
392 2622 653 2697 γυναικῶν
688 2618 784 2690 τὴν
812 2619 1009 2701 τροφὴν
1038 2618 1133 2690 τὴν
1163 2617 1429 2699 φυλλίνην,

194 2707 313 2766 ἐπεὶ
336 2708 398 2767 τὸ
421 2706 571 2788 παχὺ
600 2707 692 2766 καὶ
713 2707 881 2789 τραχὺ
908 2707 1011 2789 πρὸ
1032 2712 1123 2767 τοῦ
1151 2707 1338 2788 χρόνου

193 2805 302 2863 τοῖς
331 2796 624 2877 χρωμένοις
645 2795 876 2875 κίρνησιν
906 2795 1115 2877 οἰκτρὰν
1141 2795 1387 2876 ἀγχόνην.

190 2880 373 2945 Ὅταν
402 2908 465 2965 γε
491 2885 596 2962 μὴν
621 2881 838 2958 αὔξησιν
862 2888 897 2957 ἡ
924 2883 1072 2968 φύσις
1094 2875 1234 2964 λ’άόῃ
1255 2930 1272 2961 ,

192 2976 369 3033 δεῖται
386 2978 583 3055 τροφῆς
605 2973 666 3033 τὸ
690 2978 847 3051 σῶμα
877 2974 1270 3055 δαψιλεστέρας.

114 3081 165 3121 2⁶
195 3064 395 3122 Κεῑται
425 3063 473 3120 δ’
502 3060 585 3120 ἐπ’
614 3063 775 3133 αὐτῆς
798 3063 1027 3143 ἀτρέμας
1051 3068 1143 3133 τῆς
1171 3062 1433 3143 θρύψεως,

188 3150 545 3231 καρηὸαριῶν
574 3150 678 3209 ὑπὸ
702 3154 796 3223 τῆς
818 3150 1144 3231 ἀπληστίας,

190 3239 289 3297 καὶ
314 3248 425 3298 πᾶν
449 3238 511 3298 τὸ
538 3238 741 3320 σαπρὸν
764 3240 877 3307 ταῖς
901 3241 1114 3322 τροφαῖς
1142 3241 1400 3315 ἀποξύων,

186 3328 361 3409 δορᾶς
386 3337 574 3407 νεαρᾶς
602 3328 955 3389 ἐνδιδύσκεται
984 3328 1207 3403 σκέπην,

187 3415 289 3474 καὶ
314 3416 484 3475 πάλιν
510 3417 676 3489 αὐτὴν
697 3416 745 3475 εἰ
771 3416 971 3496 βραχὺς
992 3416 1138 3475 λύσει
1163 3416 1349 3498 χρόνος
1450 3414 1455 3419 ’

108 3524 165 3563 ao
196 3504 537 3581 (ἐκτείνεται
559 3501 663 3585 γὰρ
686 3507 753 3584 τῇ
776 3508 943 3585 τροφῇ
970 3503 1067 3575 τὴν
1089 3502 1381 3584 γαστέρα),

185 3592 387 3672 ὥσπερ
412 3615 487 3660 τις
514 3589 675 3672 Repe<
698 3590 829 3651 ἄλλο
849 3614 903 3650 τι
924 3590 1237 3661 στολίζεται.

184 3684 405 3741 Πᾶσαν
432 3680 487 3739 δὲ
509 3679 775 3754 συντίθησι
802 3678 896 3752 τὴν
925 3683 1119 3760 βρῶσιν
1140 3680 1313 3753 κάτω,

184 3770 251 3827 τὸ
286 3769 492 3847 μηκέτι
513 3769 780 3850 χρήσιμον
812 3769 1063 3849 ἐκκρίνων
1098 3768 1280 3847 μόνον·

178 3858 251 3917 ἂν
286 3860 345 3916 δ’
369 3861 699 3938 ἐκτραχυνθῇ
721 3861 815 3931 τῆς
836 3859 1022 3938 χλιδῆς
1050 3862 1084 3927 ἡ
1111 3856 1399 3933 λεπτότης,

97 3966 151 4005 :is
182 3950 214 4004 ὁ
242 3946 357 4017 σὴς
388 3944 649 4025 παρευθὺς
670 3943 765 4011 τὰς
786 3944 979 4025 τροφὰς
1008 3943 1259 4003 ἀναπτύει

178 4034 283 4093 καὶ
309 4032 421 4099 τὰς
444 4032 672 4109 ἀμοιόὰς
694 4036 801 4100 τοῖς
822 4038 1095 4113 τροφεῦσιν
1119 4032 1333 4092 ἐκτίνων

179 4120 489 4181 διαπλέκει
510 4120 569 4180 τὸ
592 4125 737 4198 νῆμα
764 4124 868 4179 τῶν
892 4118 1189 4179 ἐντοσθίων·

176 4212 283 4270 καὶ
322 4208 629 4291 βουκράνου
652 4209 861 4282 ’κίνησιν
888 4212 1111 4276 ἑστῶτος
1135 4207 1303 4290 φέρων

176 4302 592 4379 ταλασιουργεῖ
611 4297 705 4357 καὶ
726 4297 961 4367 στιὸἄζει
982 4303 1100 4365 τοῦς
1125 4298 1323 4375 μίτους.

86 4410 147 4451 ευ
175 4388 363 4460 Πλὴν
396 4388 517 4445 ἀλλ’
543 4388 625 4446 ἴδε
649 4386 953 4467 στράτευμα
979 4386 1169 4467 συχνὸν
1194 4386 1407 4466 ἐνθάδε,

174 4478 285 4538 καὶ
318 4476 435 4547 τὴν
464 4474 689 4556 φυσικὴν
712 4474 968 4548 τακτικὴν
998 4476 1075 4553 μὴ
1099 4475 1389 4556 φαυλίσῃς·

180 4571 237 4627 οἳ
264 4565 397 4646 γὰρ
429 4563 585 4645 φάγοι
607 4562 906 4637 σκώληκες,
937 4562 1024 4631 οὓς
1047 4563 1169 4643 πρὶν
1199 4564 1435 4629 ἐσκόπεις

170 4656 397 4721 νωθεῖς
424 4656 653 4735 ἀτεχνῶς
678 4652 772 4712 καὶ
798 4654 1004 4735 βραδεῖς
1032 4652 1124 4712 καὶ
1145 4652 1449 4725 δυσκόλους,

179 4744 445 4805 coget-‘m
470 4742 562 4801 καὶ
594 4740 853 4821 βομὸοῦσι
882 4741 1168 4819 ταγμάτων
1192 4742 1403 4821 τρόπον,

76 4860 139 4900 ⁴5
172 4839 261 4902 εἷς
293 4832 415 4899 τὰς
444 4832 614 4909 κόμας
639 4830 909 4911 τρέχοντες
933 4830 1109 4912 ἁδρῶς
1133 4834 1234 4889 τῶν
1260 4832 1490 4892 κλάδων.

174 4924 371 4985 [lotii
396 4918 504 5001 γὰρ
533 4919 719 4987 αὐτοὺς
742 4919 859 4978 ἀντὶ
889 4920 1093 5001 βάθρων
1116 4922 1145 4977 ὁ
1173 4918 1353 4999 χρόνος

170 5019 253 5094 τῇ
288 5013 607 5090 καταγωγῇ
635 5015 729 5069 τοῦ
753 5014 979 5088 στρατοῦ
1004 5006 1395 5086 πεπηγμένους·

169 5102 281 5163 καί
310 5124 413 5165 τις
447 5098 526 5157 ἐπ’
552 5098 737 5165 αὐτοὺς
760 5095 973 5174 ἡγεμὼν
996 5094 1310 5175 τεταγμένος

166 5182 295 5265 πρὸ
330 5183 451 5239 τοῦ
474 5178 685 5260 στίφους
708 5176 874 5237 ἄνεισι
897 5178 988 5237 καὶ.
1015 5176 1197 5257 βλέπει
1225 5176 1399 5251 κάτω,

270 5292 493 5335 ΡΜ

2297 550 2722 630 PHILAE·

1764 740 1773 748 ’
1845 770 1927 829 ΙΝ
1971 741 2306 832 vunnim
2350 770 2485 844 Qm
2529 770 2803 831 sumes
2843 770 3134 831 Fmffl'r.

1712 949 1867 999 Etiam
1889 949 2027 1000 serici
2047 950 2266 1000 staminis
2282 963 2527 1001 sermones
2545 951 2716 1000 texere

1711 1037 1936 1088 amicitise
1956 1038 2180 1097 concedit
2199 1038 2360 1090 neti-ix
2384 1040 2631 1102 Fortuna;

1712 1126 1796 1176 sed
1822 1126 1895 1175 uti
1917 1127 2108 1176 textum
2131 1129 2183 1176 et
2199 1126 2407 1190 spathoe
2428 1126 2529 1176 ictu
2555 1127 2831 1176 consertum
2845 1124 3138 1178 ‘miraculum

1712 1215 1800 1264 sibi
1824 1213 1982 1265 induit
2002 1215 2096 1266 hoc
2119 1228 2317 1278 quoque
2334 1214 2583 1279 splendide
2600 1217 2783 1266 Natura
2795 1251 2811 1276 ,

1713 1306 1944 1366 tauquam
1965 1316 2195 1366 sponsum
2217 1303 2496 1354 demulceus
2513 1302 2866 1354 destructorem
2890 1305 3118 1368 Tempus.

1714 1397 1810 1456 Ego
1832 1406 1948 1444 vero
1973 1393 2025 1443 in
2044 1406 2236 1443 summa
2255 1393 2490 1444 modestia
2507 1405 2764 1458 permaneo

1713 1481 1918 1531 lanificio
1938 1482 2116 1532 vermis
2135 1480 2404 1532 custoditus
2415 1517 2429 1541 ,

1712 1570 1751 1618 si
1774 1582 1950 1633 corpus
1970 1569 2130 1621 debile
2150 1571 2201 1621 et
2221 1569 2432 1621 nactum
2446 1606 2461 1632 ,

1714 1657 1790 1708 vel
1813 1658 1956 1708 etiam
1977 1658 2113 1708 humi
2131 1671 2301 1722 repens
2322 1660 2373 1708 et
2394 1658 2527 1721 quod
2549 1658 2692 1720 vulgo
2715 1657 3023 1718 aversantur,

1713 1748 1814 1797 tam
1833 1747 2018 1810 insigne
2034 1760 2156 1809 opus
2175 1746 2290 1797 vitoe
2309 1746 2528 1810 largitur.

1715 1837 1837 1886 Nam
1862 1849 1926 1886 ex
1943 1835 2072 1885 roedo
2095 1837 2244 1898 atque
2261 1833 2525 1885 exilissimo
2549 1846 2644 1884 ovo

1715 1924 1947 1974 calefacto
1970 1923 2033 1974 ad
2050 1923 2210 1986 ignem
2222 1959 2238 1984 ,
2261 1924 2348 1973 aut
2363 1923 2415 1973 in
2434 1922 2584 1973 linteo
2603 1921 2766 1986 aliquo
2786 1922 2926 1973 texto
2937 1957 2955 1984 ,

1716 2015 1801 2062 aut
1821 2012 1957 2074 pellis
1975 2012 2254 2075 involucro,
2273 2013 2362 2062 aut
2379 2012 2512 2061 sinus
2530 2011 2690 2061 calore
2701 2045 2716 2070 ‚

1718 2099 1902 2150 deinde
1925 2104 2069 2162 rupto
2092 2099 2294 2163 emergit
2317 2099 2569 2162 languidus
2590 2098 2765 2161 aliquis
2783 2099 2948 2161 pertus

1589 2245 1605 2262 ,
1715 2188 1884 2239 similis
1902 2188 2094 2252 stipulae
2113 2189 2201 2238 aut
2218 2187 2395 2251 capillo
2414 2190 2501 2238 aut
2518 2187 2600 2237 alii
2624 2189 2694 2238 rel
2713 2186 3034 2248 tenuissime,

1717 2278 1768 2340 et
1789 2290 1871 2339 psr
1895 2289 1947 2327 se
1971 2276 2091 2326 vivit
2112 2277 2244 2327 lente
2262 2289 2318 2327 se
2338 2285 2569 2336 movens.

1717 2366 1769 2414 et
1787 2364 2000 2427 pascitur
2023 2363 2138 2414 folia
2161 2363 2312 2426 mori,

1718 2453 2024 2516 depasturum
2037 2488 2053 2516 ,
2072 2465 2104 2502 o
2123 2455 2254 2502 Bone
2267 2488 2285 2515 ,
2303 2451 2380 2502 isc
2401 2464 2644 2515 quarens.

1718 2537 1810 2593 Sed
1829 2543 2120 2603 extenuant,
2144 2545 2201 2590 ut
2217 2541 2420 2604 percunt
2435 2539 2613 2603 pusillo
2625 2576 2641 2601 ,

1722 2630 1982 2680 mulierum
2002 2642 2176 2680 manus
2195 2628 2552 2679 nutrimentum
2575 2627 2832 2678 foliaceum
2844 2662 2859 2687 ,

1720 2719 1950 2782 quoniam
1971 2717 2240 2768 crassitudo
2256 2718 2308 2768 et
2327 2716 2558 2780 asperitas
2572 2717 2687 2766 ante
2703 2719 2895 2778 tempus

1721 2807 1973 2857 utentibus
1993 2807 2138 2857 affert
2155 2805 2347 2857 tristem
2369 2804 2755 2855 suffocationem.

1722 2895 1867 2959 Atqui
1882 2895 2183 2946 incrementa
2200 2893 2396 2957 quando
2413 2895 2590 2944 natura
2617 2891 2830 2957 ceperit,

1722 2986 1830 3047 eget
1849 2983 2079 3035 alimento
2096 2996 2273 3047 corpus
2288 2982 2524 3045 ampliori.

1724 3076 1861 3124 Tum
1881 3072 2192 3123 vermiculus
2213 3072 2448 3121 immotus
2465 3068 2644 3121 insidet
2659 3068 2751 3133 ipsi
2771 3068 2978 3119 luxuria
2992 3101 3008 3129 ,

1723 3161 1886 3212 ebrius
1904 3174 1990 3225 per
2006 3160 2324 3212 voracitatem
2338 3195 2356 3222 ,

1726 3252 1775 3301 et
1796 3248 2066 3300 marcidum
2087 3262 2232 3300 omne
2249 3262 2335 3301 esu
2352 3247 2621 3310 abradens,

1725 3338 1863 3402 pellis
1889 3351 2028 3389 novoe
2049 3337 2268 3389 induitur
2287 3336 2651 3401 tegumentum,

1727 3430 1777 3478 et
1796 3440 1968 3478 rursus
1987 3426 2116 3477 hanc
2131 3424 2172 3477 si
2190 3426 2390 3477 solverit
2408 3425 2560 3476 breve
2581 3424 2778 3487 tempus

1730 3516 1875 3579 (nam
1894 3516 2178 3567 extenditur
2195 3514 2439 3566 alimentis
2457 3514 2562 3576 ejus
2578 3512 2783 3574 venter)

1728 3607 1963 3667 tanquam
1982 3604 2272 3654 delicatulus
2291 3601 2466 3665 aliquis
2481 3600 2575 3651 sliu
2592 3599 2837 3650 amicitur.

1731 3695 1936 3742 Omnem
1955 3694 2121 3741 autem
2139 3691 2190 3741 in
2207 3704 2261 3741 se
2277 3689 2477 3754 deponit
2492 3687 2677 3749 cibum,

1732 3780 1781 3829 id
1798 3781 1956 3829 solnm
1978 3792 2216 3830 exernens
2235 3778 2366 3842 quod
2393 3790 2588 3841 prorsus
2607 3775 2774 3827 inutile
2791 3780 2894 3837 est;

1731 3881 1902 3919 verum
1922 3854 2005 3918 ubi
2023 3867 2243 3917 induruit
2261 3866 2482 3916 mouiuei
2501 3864 2798 3925 teneritudo,

1732 3957 1910 4007 vermis
1927 3956 2090 4007 statim
2107 3955 2336 4005 alimenta
2354 3954 2566 4017 respuit,

1734 4050 1785 4096 et
1803 4045 2028 4095 mutuum
2049 4043 2372 4093 nutritoribus
2389 4042 2490 4093 suis
2509 4040 2714 4092 reddens

1736 4148 1797 4185 ex
1816 4134 2053 4183 intestinis
2073 4132 2192 4183 serit
2207 4132 2399 4182 textum
2415 4146 2431 4192 ς

1738 4224 1886 4285 atque
1903 4220 2102 4271 buerani
2121 4218 2268 4269 erecti
2291 4222 2481 4268 motum
2500 4216 2734 4268 exhibens

1738 4308 1948 4358 lanificio
1967 4306 2186 4370 indulget
2203 4308 2254 4357 et
2271 4306 2535 4357 condensat
2553 4305 2652 4356 tila.

1737 4400 1847 4447 Jam
1866 4408 1981 4447 vero
1997 4396 2078 4445 hic
2104 4408 2272 4447 cernas
2289 4394 2554 4446 exercitum
2573 4394 2806 4455 densum,

1738 4499 1833 4536 nen
1850 4484 2078 4549 tecticam
2101 4485 2257 4533 ιιι-ωτι]
2276 4496 2308 4533 a
2327 4486 2504 4533 natura
2522 4480 2712 4532 insitum
2735 4480 2968 4543 despicias
2992 4500 3004 4529 :

1740 4588 1855 4624 nam
1871 4586 2072 4623 voraces
2085 4572 2158 4623 illi
2174 4584 2390 4635 vermes,
2411 4583 2535 4635 quos
2552 4569 2717 4633 pauno
2735 4571 2848 4619 ante
2865 4567 3061 4619 videbas

1743 4664 1886 4726 plane
1905 4662 2082 4712 inertes
2103 4663 2155 4712 et
2172 4660 2334 4723 pigros
2354 4664 2406 4710 et
2423 4671 2642 4709 morem
2654 4694 2669 4720 ‚

1744 4738 1985 4814 trepidant
2001 4750 2052 4799 et
2068 4749 2319 4800 susurrant
2335 4746 2610 4797 cohortium
2632 4746 2680 4795 iu
2701 4745 2902 4795 modum
2916 4779 2933 4806 ‚

1744 4840 1795 4889 in
1819 4852 2064 4889 ramorum
2088 4849 2254 4887 comas
2271 4836 2550 4897 ingruentes
2569 4834 2778 4884 delicato
2802 4834 2958 4883 motu.

1745 4928 1879 4978 Facit
1901 4928 2030 4977 enim
2057 4940 2141 4979 eos
2163 4939 2250 4988 pro
2267 4924 2371 4975 husi
2391 4926 2586 4987 tempus

1754 5015 1803 5065 in
1823 5014 2074 5066 mansione
2097 5014 2302 5078 agminis
2322 5013 2518 5065 stabiles
2535 5026 2594 5062 sc
2617 5012 2817 5075 firmos3

1748 5107 1897 5167 atque
1917 5104 2092 5167 aliquis
2113 5104 2165 5154 in
2187 5116 2272 5154 eos
2289 5102 2581 5153 constitutus
2597 5100 2702 5152 dux

1747 5195 1861 5245 ante
1882 5195 2096 5245 turmam
2119 5192 2334 5245 ascendit
2357 5193 2410 5244 ct
2428 5192 2620 5256 spectat
2639 5189 2894 5251 deorsum,

3037 5279 3093 5319 fl
