3767 5825
481 433 559 488 ιο
1356 415 1547 482 oum
1592 411 1863 474 z‘nxot
1903 408 2092 472 ΠΕΡΙ
2134 407 2340 468 znnN
2382 406 2812 468 ιΔιοΤΗΤοΣ.
3415 406 3638 483 (αι-...ι

490 575 598 620 ιοπ
612 551 883 634 δπιίθριος
906 547 1011 632 γὰρ
1038 553 1075 621 ἡ
1098 547 1329 620 τοσαύτη
1350 547 1621 618 λεπτότης·

613 640 911 726 mpetu-rm
940 637 997 699 δὲ
1018 642 1113 711 τῆς
1146 640 1277 718 ὑφῆς
1302 639 1337 708 ἡ
1367 635 1629 706 πυκνότης

613 734 687 800 εἷς
711 728 807 799 τὰς
833 725 1019 810 ἀραιὰς
1044 730 1137 784 τοῦ
1166 731 1315 784 κενοῦ
1342 723 1695 804 περικλάσεις.

486 823 575 903 (15)
610 817 812 887 Mutare
832 816 921 896 δὲ,
942 815 1034 876 καὶ
1060 810 1304 894 κῶνιιψι,
1332 811 1422 872 καὶ
1446 809 1809 892 κρυψιπτέροις

615 905 898 986 τεταμένον
925 903 1183 987 θήρατρον
1210 903 1446 983 ἀράχνης
1472 902 1665 982 φέρων,

502 1019 606 1062 nso
620 1002 680 1059 ἐκ
699 1002 795 1057 τοῦ
820 993 1284 1075 παρεμπίπτοντος
1303 991 1485 1056 ἁπλῶς
1506 987 1685 1048 ἐσθίει.

618 1085 730 1148 Καὶ
756 1083 821 1166 ζῇ
848 1079 1145 1166 κρεμαστὸν
1170 1079 1263 1140 καὶ
1276 1077 1565 1161 φιλῆσυχον
1595 1074 1730 1156 βίον,

615 1175 677 1235 τὸ
697 1172 908 1255 κέντρον
936 1174 1116 1248 οἰκῶν,
1141 1169 1233 1228 καὶ
1260 1170 1467 1227 σκοπῶν
1490 1165 1551 1224 τὸ
1576 1163 1803 1238 δίκτυον,

489 1265 582 1345 (20)
622 1261 697 1340 μὴ
726 1266 871 1341 νῆμα
899 1264 1065 1343 ῥαγῇ,
1092 1258 1185 1317 καὶ
1212 1257 1279 1314 τὰ
1303 1254 1481 1336 κύκλῳ
1510 1251 1786 1331 συμπέσῃ,

502 1372 605 1414 1485
617 1355 779 1423 πνοῆς
800 1347 1092 1430 παρολκαῗς
1118 1341 1394 1405 ἐκλυθέντα
1419 1341 1697 1406 συντόνοις.

620 1439 717 1507 Ἐξ
736 1437 936 1498 ὠδίνων
962 1433 1243 1514 δὲ,γίνεται
1268 1431 1639 1513 μητροκτόνος,

622 1527 739 1596 τοὺς
758 1531 859 1586 τῶν
880 1527 1095 1606 ἐχιδνῶν
1121 1522 1501 1602 ἐκμιμούμενος
1522 1518 1719 1584 τόκους.

673 1801 858 1861 ΠΕΡΙ
900 1799 1121 1858 ΜΥΩΝ
1167 1796 1327 1856 ΤΩΝ
1369 1793 1869 1854 ΚΑΝΑΤΑΝΩΝ.

628 1945 731 2006 Ἐκ
757 1949 861 2004 τῶν
892 1948 1059 2022 μυῶν,
1084 1943 1328 2026 κράτιστε
1346 1987 1363 2018 ,
1397 1945 1499 2000 τῶν
1520 1940 1845 2002 Κανατάνων

627 2033 781 2112 (οὕτω
806 2034 908 2113 γὰρ
937 2036 995 2098 ἐκ
1024 2032 1285 2114 φάρυγγος
1311 2027 1557 2098 Ἰνδὸςᾶν
1586 2026 1749 2108 λέγοι)

522 2144 621 2184 1190
634 2122 861 2182 κύουσαν
888 2124 935 2180 εἶ
962 2120 1113 2199 τέμοι
1138 2143 1218 2188 τις
1244 2122 1315 2187 εἷς
1344 2119 1441 2192 τὴν
1467 2117 1727 2197 γαστέρα,

627 2211 923 2292 εὑρίσκεται
946 2213 1047 2278 ζῶν
1070 2209 1163 2269 καὶ
1184 2206 1447 2288 σφαδάζον
1474 2207 1534 2265 τὸ
1556 2205 1758 2286 βρέφος·

525 2303 590 2380 (a)
631 2301 721 2359 καὶ
740 2305 891 2359 τοῦτο
920 2296 1075 2380 ραγὲν
1104 2296 1359 2356 δείκνυσιν
1382 2295 1512 2354 ἄλλο
1543 2292 1728 2374 βρέφος

628 2394 697 2458 ὡς
719 2391 779 2449 ἐκ
801 2385 1253 2467 παρασπέρματος
1275 2380 1676 2465 ὠργανωμένον.

648 2647 831 2708 ΠΕΡΙ
870 2644 1029 2706 ΤΩΝ
1072 2640 1647 2704 ΟΠΙΣΘΟΝΟΜΩΝ
1692 2641 1919 2698 Romi.

635 2804 817 2878 Ἰνδὸν,
850 2805 1094 2886 βασιλεῦ,
1121 2801 1209 2862 τὸν
1232 2801 1563 2882 μελάγχρουν
1584 2799 1809 2882 ἠρόμην,

522 2915 619 2957 tant,
634 2900 693 2980 ἐκ
723 2893 924 2967 Λιὸύης
948 2891 1145 2967 ἥκοντα
1176 2896 1272 2965 τῆς
1294 2889 1555 2971 παρηλίου
1572 2936 1588 2967 ,

637 2988 763 3052 Πῶς
785 2982 880 3054 τὴν
903 2982 1037 3041 πόαν
1066 2981 1323 3061 κείρουσιν
1347 2979 1400 3047 ἐξ
1424 2978 1659 3037 ὀπισθίου

638 3073 752 3152 βόες
778 3074 905 3152 παρ’
931 3074 1051 3148 ὑμῖν
1082 3072 1153 3137 εἰς
1182 3068 1341 3145 νομὰς
1364 3067 1725 3149 ἠθροισμένοι,
1756 3098 1835 3109 -

528 3164 596 3241 (a)
626 3159 757 3221 Ὅτι
783 3183 871 3240 γε,
900 3158 1074 3242 φησὶν,
1100 3160 1201 3239 οὐχ
1228 3161 1388 3237 δρῶσι
1410 3156 1477 3214 τὰ
1505 3154 1701 3236 πρόσω·

636 3247 931 3327 ἐγκείμενον
959 3247 1060 3325 γὰρ
1086 3249 1191 3305 τῶν
1218 3246 1451 3325 κεράτων
1476 3244 1535 3303 τὸ
1558 3243 1751 3308 πλάτος

522 3360 625 3400 ιωο
637 3338 733 3409 τὴν
757 3335 977 3407 ὀπτικὴν
1000 3335 1218 3413 δύναμιν
1244 3335 1417 3401 αὐτοῖς
1446 3332 1723 3410 ἀμὸλύνει.

740 3596 922 3658 ΠΕΡΙ
966 3592 1234 3655 ΕΧΕΩΣ
1278 3592 1435 3671 [ΚΑΙ
1484 3589 1865 3666 ιεΧιΔΜιΣ].

640 3736 803 3817 Ἔχις
826 3736 881 3795 δὲ
908 3734 1093 3815 θερμὸς
1110 3732 1465 3814 προσπλακεὶς
1488 3736 1551 3811 τῇ
1583 3729 1814 3811 συζύγῳ,

546 3852 557 3863 ·
639 3826 732 3885 καὶ
758 3823 847 3883 τὸν
870 3823 997 3891 τέως
1018 3822 1228 3894 ἥδιστον
1250 3820 1445 3887 ἀνύσας
1471 3820 1658 3898 γάμον,

640 3914 814 3973 κεῖται
836 3910 1093 3996 φονευθεὶς
1109 3908 1213 3969 ὑπὸ
1234 3914 1329 3983 τῆς
1354 3907 1629 3990 ἐραστρίας
1647 3956 1662 3985 ‚

644 4001 815 4083 τούτῳ
834 4000 928 4060 σὺν
956 4002 1086 4082 ὀργῇ
1104 3997 1460 4065 λανθανόντως
1479 3996 1711 4077 ἐμφύσης
1727 4043 1742 4071 ,

532 4111 635 4153 1505
651 4091 742 4150 καὶ
763 4090 855 4151 τὸν
884 4088 1108 4170 σοὸαρὸν
1140 4083 1459 4165 ἐκτεμούσης
1484 4085 1701 4166 αὐχένα.

516 4181 586 4261 (o)
643 4170 946 4281 IWdU’
963 4182 992 4236 ὃ
1016 4176 1111 4256 μὲν
1139 4174 1405 4249 τέθνηκεν,
1425 4181 1458 4247 ἡ
1490 4176 1546 4233 δε
1568 4182 1655 4234 νῦν
1684 4173 1813 4232 κύει·

646 4270 784 4347 μετὰ
808 4265 864 4327 δὲ
893 4265 1075 4347 μικρόν
1098 4288 1215 4323 τινα
1235 4264 1303 4323 τὰ
1336 4264 1499 4345 βρέφη
1524 4263 1710 4345 χρόνον

648 4364 747 4435 τὴν
777 4362 1036 4443 μητρικὴν
1060 4361 1287 4445 ῥήξαντα
1312 4360 1469 4433 νηδὺν
1488 4358 1647 4428 ἐξέδυ.

652 4454 748 4525 Μῆ
774 4455 897 4531 γοῦν
918 4448 1243 4532 τετιμώρηκε
1268 4452 1344 4530 τῷ
1368 4448 1703 4530 φυτοσπόρῳ,

728 4717 938 4799 [nEPI
984 4719 1253 4780 ΕΧΕΩΣ
1294 4721 1432 4782 ΚΑΙ
1476 4715 1922 4794 ΜΥΡΑιΝΗΣ.]

542 4870 815 4953 ιωοἝχις
842 4872 897 4931 δὲ
926 4872 1017 4932 καὶ
1036 4870 1264 4953 μύραινα
1289 4869 1653 4943 συνδυαζέτην,

662 4964 691 5019 ὁ
719 4960 813 5040 μὲν
841 4960 971 5042 πρὸς
998 4960 1159 5033 αὐτὴν
1181 4966 1273 5033 τῆς
1296 4964 1426 5032 ὀπῆς
1454 4957 1733 5041 ἐξερπύσας
1749 5004 1764 5031 ,

534 5049 627 5129 (12)
669 5053 704 5120 ἡ
729 5047 785 5107 δὲ
810 5048 938 5131 πρὸς
965 5048 1120 5109 αὐτὸν
1150 5052 1210 5109 ἐκ
1238 5054 1359 5129 ῥοῆς
1383 5049 1669 5126 ἀνηγμένη.

672 5137 777 5196 Καὶ
798 5136 939 5219 πρὶν,
964 5139 1177 5217 βασιλεῦ’
1184 5184 1206 5225 2
1236 5137 1545 5219 συνδραμεῖν
1579 5138 1649 5202 εἷς
1676 5136 1763 5195 τὸν
1784 5134 1974 5214 γάμον,

670 5226 788 5283 ἐμεῖ’
809 5220 895 5282 τὸν
915 5224 992 5283 ἰὸν
1011 5225 1081 5293 ὡς
1101 5223 1290 5305 γλυκὺς
1318 5227 1346 5284 ὃ
1372 5221 1611 5307 νυμφίος,

2137 554 2248 590 nam
2277 540 2326 588 in
2349 542 2504 589 oethra
2521 541 2634 588 stat
2661 541 2796 588 tanta
2813 536 3054 586 subtilitas
3078 551 3095 584 z

2137 629 2220 677 sed
2243 627 2484 677 stabilitur
2509 630 2712 677 texturoe
2733 624 2879 687 hujus
2901 623 3115 676 densim

2135 715 2183 764 in
2203 717 2322 766 raris
2340 717 2482 766 vacui
2501 715 2811 765 anfractibus.

2139 807 2319 856 Muscis
2333 817 2446 854 vem
2456 841 2472 867 ‚
2488 809 2539 855 et
2557 803 2792 854 culicibus
2803 840 2818 864 ,
2833 807 2885 853 et
2893 805 3102 854 insectis
3114 775 3640 866 quaehtoetnshabua

2140 907 2342 944 araneus
2361 896 2619 944 extensum
2639 897 2742 943 rete
2765 893 2976 943 offerens
2989 927 3004 952 ,

2139 995 2200 1032 ex
2220 981 2354 1032 omni
2374 980 2614 1032 incidente
2629 982 2794 1032 cibum
2809 981 2954 1044 cepit.

2139 1075 2210 1120 Ac
2228 1070 2346 1122 vivit
2368 1071 2550 1120 aeriam
2565 1075 2615 1120 et
2637 1071 2816 1133 quietis
2833 1071 3074 1120 amentem
3093 1069 3245 1118 vitam
3257 1105 3273 1130 ,

2139 1161 2359 1210 centrum
2387 1158 2630 1221 incolens,
2655 1162 2705 1209 et
2721 1159 2975 1221 speculans
2997 1161 3125 1218 rete,
3406 1155 3648 1221 [concidant.

2141 1261 2203 1297 ne
2229 1251 2478 1311 rumpatur
2502 1247 2624 1308 tela,
2647 1251 2698 1297 et
2726 1260 2840 1310 quoe
2872 1251 3000 1296 circe
3031 1250 3320 1310 rupturam
3352 1251 3458 1296 sunt
3487 1245 3652 1308 reliqua

2147 1337 2306 1386 soluta
2323 1337 2451 1386 venti
2471 1335 2666 1386 flatibus
2688 1335 2930 1386 violentis.

2144 1429 2258 1476 Post
2279 1428 2469 1489 partum
2485 1429 2650 1476 autem
2669 1423 2728 1474 fit
2743 1425 2916 1476 mauis
2935 1425 3140 1484 occisor,

2145 1513 2414 1576 viperarum
2438 1513 2598 1577 pullos
2619 1513 2830 1562 fluitans.

2231 1785 2303 1835 82
2349 1777 2482 1852 (es).
2524 1775 3016 1846 nzMunlnns
3055 1772 3580 1867 οΑΝΑτΑΝιΒυε.

2151 1939 2189 1986 E
2203 1937 2446 2000 muribus,
2473 1939 2808 1988 potentissime
2822 1975 2840 2000 ,
2862 1936 3188 1988 Canatanibus

2153 2024 2282 2086 (nam
2301 2025 2368 2074 ita
2391 2039 2418 2074 e
2433 2030 2624 2086 gutture
2639 2025 2789 2075 Indus
2805 2023 2999 2085 dixerit)

2151 2111 2396 2174 gravidam
2420 2113 2460 2161 si
2480 2113 2588 2174 quis
2611 2111 2790 2160 incidat
2807 2111 2860 2160 in
2883 2115 3130 2171 ventrem,

2155 2200 2388 2261 reperitur
2415 2201 2556 2248 vivus
2575 2203 2624 2248 et
2641 2197 2880 2261 palpitans
2906 2197 3086 2246 t'oetus:

2157 2291 2206 2335 et
2229 2287 2306 2335 liic
2325 2289 2498 2348 ruptus
2521 2285 2732 2334 ostendit
2753 2285 2900 2334 alium
2917 2284 3084 2332 soetum

2158 2382 2380 2436 tanquam
2405 2387 2464 2422 ex
2487 2371 2876 2434 supersmtatione
2903 2371 3181 2420 formatum.

2160 2584 2235 2640 83
2268 2580 2403 2657 (69).
2445 2578 2549 2640 ΒΕ
2588 2577 2842 2639 BUBUS
2885 2575 3356 2637 RETRORSUM
3395 2573 3656 2635 Pasceri-

2811 2671 3062 2733 TIBUS.

2161 2789 2360 2849 Indum,
2387 2803 2501 2850 rex,
2525 2786 2809 2848 interrogavi
2833 2787 3054 2848 nigrum,

2160 2875 2242 2939 qui
2261 2889 2288 2925 c
2313 2875 2460 2937 Libya
2483 2874 2572 2924 soli
2590 2873 2858 2938 propinqua
2881 2877 3102 2933 venerat,

2163 2966 2258 3021 Qut
2272 2976 2465 3024 gramen
2485 2962 2687 3012 tondent
2705 2958 3058 3011 retrocedentes

2165 3051 2313 3098 ‘noves
2334 3049 2462 3111 apud
2480 3062 2568 3097 vos
2592 3050 2642 3096 in
2661 3060 2840 3111 pascua
2855 3046 3074 3097 collecti?
3095 3072 3156 3083 -

2164 3137 2428 3199 Quoniam,
2453 3135 2634 3199 inquit,
2655 3148 2750 3183 non
2771 3132 3067 3196 videntque}
3089 3137 3203 3182 ante
3225 3146 3277 3183 se
3301 3136 3436 3181 sunt:

2165 3240 2276 3274 nam
2295 3224 2580 3273 incumbens
2597 3222 2760 3272 oculis
2773 3234 3014 3271 cornuum
3035 3220 3234 3271 latitudo

2166 3311 2388 3363 cernendi
2407 3312 2505 3361 vim
2532 3310 2592 3359 iis
2607 3310 2848 3360 obtundit.

2839 3464 3042 3477 ——n

2567 3580 2634 3628 ει
2689 3568 2830 3648 (70).
2879 3566 2982 3627 DE
3023 3566 3332 3627 VIPERA.

2169 3744 2342 3803 Vipera
2366 3752 2469 3789 mas
2486 3738 2661 3788 ardens
2679 3738 2993 3801 complicatur
3011 3750 3122 3787 cum
3147 3736 3347 3798 femine,

2169 3833 2219 3878 et
2237 3832 2490 3891 postquam
2511 3827 2822 3876 suavissimas
2841 3824 3138 3888 aliquamdiu
3161 3822 3348 3887 nuptias
3369 3824 3521 3885 peregit

2169 3916 2290 3978 jacet
2311 3916 2498 3963 occisus
2521 3914 2582 3962 ab
2601 3918 2789 3961 amante
2802 3911 3025 3973 conjuge,

2171 4003 2214 4053 ei
2233 4016 2344 4052 cum
2369 4000 2611 4051 iracundia
2629 3999 2753 4049 clam
2773 3998 3034 4048 inhaerente
3054 3998 3293 4047 mordicus

2172 4092 2219 4137 et
2239 4086 2499 4148 superbum
2519 4084 2754 4134 cervicem
2773 4086 3042 4133 exsecante.

2174 4177 2394 4222 Attamen
2415 4170 2616 4219 moritur
2629 4169 2826 4231 quidem
2843 4168 2921 4219 hic
2933 4205 2948 4231 ,
2969 4169 3047 4220 illa
3065 4174 3228 4220 autem
3241 4169 3339 4231 iam
3351 4164 3521 4231 gravida
3535 4166 3590 4213 est
3611 4182 3616 4185 ·

2173 4274 2340 4310 verum
2365 4265 2473 4323 post
2495 4258 2637 4309 breve
2661 4262 2851 4321 tempus
2873 4256 2993 4321 pulli

2175 4354 2446 4401 maternum
2466 4352 2655 4399 uterum
2675 4348 2946 4409 rumpentia
2965 4351 3155 4397 exeunt.

2177 4442 2344 4490 Nonne
2369 4437 2456 4487 ulti
2480 4438 2595 4486 sunt
2613 4442 2822 4486 satorem
2845 4438 3022 4486 suum?

2443 4722 2568 4802 [DE
2609 4725 2902 4787 VIPERA
2942 4724 3040 4785 ET
3079 4716 3468 4797 MURAENA.]

2181 4890 2354 4953 Vipera
2380 4904 2486 4939 mas
2513 4895 2562 4941 et
2585 4905 2798 4942 mustene
2825 4896 2996 4942 mutuo
3013 4904 3068 4943 se
3085 4892 3295 4955 jungunt
3315 4900 3480 4939 amore·

2182 4976 2262 5025 ille
2285 4976 2346 5025 ad
2371 4976 2494 5026 lianc
2515 4992 2542 5026 e
2567 4977 2766 5027 latibulo
2787 4994 3098 5043 proserpenS,

2183 5064 2286 5113 haec
2303 5064 2364 5113 ad
2382 5063 2516 5116 illum
2539 5078 2788 5128 emergens
2805 5081 2832 5117 e
2849 5066 3088 5119 fluctibus.

2185 5155 2244 5201 Et
2267 5156 2522 5215 antequam
2534 5191 2552 5218 ,
2577 5168 2687 5215 rex,
2707 5161 2994 5207 concurrant
3013 5156 3074 5205 ed
3096 5156 3314 5220 nuptias,

2182 5242 2314 5292 virus
2337 5244 2527 5306 exspuit
2548 5256 2780 5307 sponsuS,
2799 5247 2856 5297 ut
2871 5244 3128 5307 delicatus,
