3767 5825
140 455 433 536 (η’-Μ)

247 570 655 669 ἀνθρωποφάγος
680 576 827 654 οὗτος
848 586 1043 661 ἐκλήθη
1074 587 1245 667 μόνος.

248 676 413 744 Ἰνδὸς
432 672 487 734 δὲ
508 671 691 747 λαὸὼν
711 673 771 734 τὸ
802 675 986 759 βρέφος
1006 683 1097 736 τοῦ
1117 677 1326 758 θηρίου,

148 787 217 826 sao
242 764 407 833 λίθοις
434 764 622 847 διαθλᾷ
644 761 711 823 τὰ
732 764 862 846 πρὸς
886 764 1043 847 ἄκρον
1067 766 1263 847 ἰσχίον,

246 858 319 921 ὡς
346 852 412 913 ἂν
439 850 597 937 ἀφυὲς
619 852 749 935 πρὸς
766 852 832 911 τὰ
855 852 1043 935 κέντρα
1069 854 1315 915 δεικνύων

126 944 219 1022 (25)
248 946 379 1024 ποιῇ
397 941 647 1004 τιθασσὸν
672 940 727 1011 ἐξ
748 942 885 1023 ἁφῆς
914 942 1203 1005 ἀκινδύνου.

520 1246 733 1326 [ΠΕΡΙ
762 1246 1291 1326 ΕΛΕΦΑΝΤΟΣ.]

246 1384 541 1465 [Μέγιστος
568 1382 637 1467 ἂρ
666 1383 865 1467 πέφυκε
894 1384 991 1466 θὴρ
1015 1384 1147 1468 ὑπὲρ
1171 1385 1322 1466 φύσιν

242 1474 440 1556 ἐλέφας
469 1473 651 1545 αὐτὸς,
680 1474 733 1542 ὅς
750 1474 799 1552 γ’
823 1474 947 1533 ἰδεῖν
974 1473 1127 1553 τέρας
1152 1474 1301 1534 πέλει

147 1584 219 1623 ms
242 1572 379 1622 πᾶσι
410 1564 641 1645 βροτοῖσι
664 1561 755 1621 καὶ
780 1563 909 1621 πᾶσ’
937 1562 1111 1629 ἄλλοις
1136 1562 1345 1644 θηρίοις·

242 1650 509 1732 πελώριον
531 1648 632 1732 γὰρ
653 1648 841 1728 ἐξόχως
857 1649 1017 1727 δέμας
1037 1648 1229 1731 φέρων,

130 1742 189 1820 (5)
241 1742 359 1821 ἔχει.
380 1763 439 1799 τε
461 1737 670 1806 πάντως
690 1738 780 1796 καὶ
802 1736 937 1815 μέλη
963 1738 1211 1819 τεράστια
1225 1784 1240 1813 ,

238 1830 300 1889 τό
322 1830 375 1889 τ’
409 1825 673 1909 ἀγριωπὸν
702 1826 792 1883 καὶ
822 1824 962 1894 ξένον
990 1828 1039 1885 δ’
1063 1826 1222 1895 ὄντως
1250 1826 1417 1909 κάρα,

248 1918 379 2001 [σὺν
406 1924 514 1983 τοῖς
537 1913 882 1997 ὖπερφυέσσιν
907 1914 1009 1974 ὠσί
1038 1915 1084 1973 τ’
1109 1916 1381 1997 ὅμμασι,]]

148 2030 221 2066 uxo
244 2005 371 2074 τούς
401 2028 461 2065 τε
490 2001 767 2085 στιὸαροὺς
785 2002 877 2061 καὶ
899 2001 1185 2083 προμήκεις
1209 2003 1439 2073 ἐκτόπως

250 2094 472 2160 ὀδόντας
499 2089 712 2173 ἀργοὺς,
736 2082 811 2159 οἷς
844 2094 1047 2173 ἀναιρεῖ
1070 2094 1121 2149 ἐν
1154 2091 1353 2171 μάχαις

248 2182 479 2263 ταύρους
510 2182 728 2252 ἀπηνεῖς
756 2180 847 2239 καὶ
873 2179 1086 2249 λέοντας
1112 2181 1381 2259 ἀλκίμους·

124 2276 205 2358 (ιο)
242 2274 341 2346 τὴν
368 2268 709 2349 δυσπρόσιτον
733 2271 825 2328 καὶ
847 2269 1057 2347 μακρὰν
1076 2270 1401 2351 προὸοσκίδα
1418 2316 1433 2343 ,

244 2356 282 2444 ᾖ
313 2362 439 2429 τοὺς
465 2356 745 2439 τυχόντας,
765 2355 1036 2439 χρώμενος
1058 2357 1231 2439 χειρὸς
1259 2360 1427 2431 δίκην,

146 2476 220 2514 935
246 2452 439 2511 τύπτει
467 2449 512 2506 τ’
540 2448 764 2529 ἀφειδῶς
786 2445 878 2504 καὶ
908 2446 1053 2529 ῥέπει
1074 2446 1211 2505 κατὰ
1238 2446 1417 2527 χθόνα·

243 2540 315 2599 τὰ
344 2535 536 2619 στέρνα
572 2535 617 2593 δ’
644 2533 931 2617 εὐρώεντα,
956 2533 1149 2613 μαζοὺς
1176 2536 1268 2593 καὶ
1293 2534 1455 2605 σκέλη
1472 2580 1487 2607 ,

249 2630 341 2708 ἄγ’
362 2632 397 2699 ἡ
423 2625 574 2709 φύσις
598 2626 647 2705 γ’
678 2624 875 2693 ἔτευξεν
900 2624 1106 2705 ὀγκώδη
1137 2624 1303 2702 μάλα.

122 2718 208 2798 (15)
252 2716 481 2795 Ῥώμην
509 2715 700 2795 βίαιος,
728 2710 863 2772 ὥστε
891 2713 981 2771 καὶ
1009 2712 1215 2793 δένδρον
1241 2712 1375 2792 μέγα

248 2806 535 2889 πρόρριζον
559 2801 803 2871 ἐξέτεινεν
826 2800 1079 2883 ἐγχρίψας
1103 2799 1279 2879 μόνον.

145 2920 225 2960 ew
252 2894 457 2978 Χαίρει
482 2895 529 2953 δ’
554 2890 755 2952 ἀκούων
786 2894 1047 2970 μουσικῶν
1071 2914 1129 2950 τε
1152 2890 1404 2972 ὀργάνων,

251 2986 495 3068 εὔρυθμα
524 2981 715 3061 βαίνων
742 2981 871 3062 πρὸς
896 2979 1050 3058 μέλος
1074 2984 1177 3039 τῶν
1204 2979 1478 3062 ᾀσμάτων.

252 3076 325 3137 Κ’
348 3074 433 3142 εἷς
457 3069 594 3151 μίξιν
617 3073 803 3150 ὄργῶν,
832 3069 881 3128 εἴ
904 3091 965 3146 γε
991 3069 1153 3150 τοίχῳ
1176 3067 1422 3147 ἐμπέσοι,

119 3165 207 3246 (2⁰)
248 3163 386 3230 τέως
410 3159 509 3241 μὲν
541 3156 781 3242 ἐτρέψατ’
812 3156 877 3216 ἂν
899 3155 1079 3239 ἰσχύος
1110 3157 1217 3238 βίῃ.

252 3249 418 3324 Πλὴν
443 3251 504 3309 οὗ
526 3247 733 3327 λοίγνως
754 3245 850 3325 μὲν
873 3246 1001 3329 πρός
1021 3269 1081 3325 γε
1105 3243 1203 3318 τὴν
1226 3243 1498 3305 συνουσίαν

138 3364 223 3403 945
250 3347 353 3401 τοῦ
376 3337 562 3412 θήλεος
584 3335 851 3418 χώρησεν,
876 3334 1011 3395 ἀλλὰ
1044 3333 1320 3416 σωφρόνως
1335 3381 1349 3406 ,

246 3430 493 3512 πόρῤωθι
523 3428 629 3485 τῶν
654 3423 831 3483 ἄλλων
855 3447 915 3500 γε
938 3425 1113 3490 αἰδοῦς
1137 3422 1344 3485 οὕνεκα.

246 3515 449 3600 Τροφὴ
474 3513 568 3594 μὲν
595 3515 784 3586 αὐτοῦ,
802 3515 851 3571 οἱ
878 3511 1063 3572 κλάδοι
1090 3516 1193 3570 τῶν
1219 3512 1487 3593 δενδρέων,

116 3612 205 3688 (25)
246 3610 446 3667 κισσοῦ
474 3626 532 3662 τε
556 3601 729 3684 φύλλα
753 3599 845 3659 καὶ
867 3599 1017 3682 κριθὴ
1039 3598 1359 3681 κατακόρως·

249 3697 405 3776 ὕδωρ
430 3691 487 3752 δὲ
512 3691 651 3750 πίνει
672 3691 868 3762 πλῆθος
893 3687 1111 3769 ἄφθονον
1137 3685 1273 3746 πάνυ
1288 3732 1303 3762 ,

138 3809 221 3848 eso
243 3783 397 3855 πλὴν
422 3775 479 3840 εὖ
502 3779 731 3860 καθαρὸν
750 3777 842 3836 καὶ
862 3776 1042 3844 διειδὲς
1060 3778 1118 3835 οὗ
1138 3774 1303 3850 θέλει,

257 3871 390 3932 ἀλλ’
418 3859 507 3929 οῧν
535 3865 770 3948 ῥυπαρὸν
798 3863 891 3924 καὶ
920 3863 1379 3941 κατεσπιλωμένον

250 3957 585 4023 Αἷσθᾶνεται
606 3955 703 4032 μέν
730 3953 799 4031 θ’,
826 3955 897 4020 ὥς
924 3949 1077 4031 ἔγωγ’
1100 3951 1385 4027 ἐπυθόμην,

114 4053 205 4132 (ao)
251 4049 393 4114 ὀπὸς
418 4043 686 4128 βροτείοις,
715 4041 807 4102 καὶ
827 4045 1017 4112 συνῆκε
1038 4039 1157 4108 τοὺς
1172 4038 1372 4118 λόγους·

249 4136 361 4198 καὶ
391 4133 625 4194 πείθεται
640 4135 765 4212 γοῦν
782 4133 889 4198 τοῖς
908 4131 1121 4212 φιλοῦσι
1143 4125 1419 4195 δεσπόταις
1431 4173 1446 4200 ,

139 4251 223 4289 955
254 4225 486 4306 ἄγουσιν
510 4220 667 4281 aem-bv
689 4221 865 4302 ῥᾷστ’,
900 4216 1003 4290 ὅπη
1030 4216 1093 4277 ἄν
1120 4240 1197 4282 τις
1220 4215 1366 4294 θέλῃ.

245 4311 626 4395 Ὄρθοστοίδην
648 4310 703 4368 δὲ
732 4307 825 4367 καὶ
851 4305 1093 4366 καθεύδει
1119 4303 1425 4384 παννύχως,

253 4403 340 4462 ὅτ’
375 4401 473 4460 οὔκ
500 4401 799 4469 ἀναστῆσαι
822 4395 915 4474 μὲν
940 4397 1168 4476 εὐχερῶς
1194 4392 1365 4454 πέλει.

111 4495 208 4578 (35)
250 4491 449 4553 Ὀτοιν
476 4487 519 4546 δ’
544 4490 572 4545 ὁ
592 4484 781 4564 μείζων
804 4482 1035 4562 ἀστέρων
1056 4479 1347 4563 φαεσφόρος

250 4577 548 4659 ἀνέρχεται
570 4573 806 4634 κοίτωθεν
836 4570 1070 4651 αἶγλήεις
1098 4569 1224 4638 ἁλὸς
1237 4615 1255 4643 ,

132 4695 221 4733 nco
250 4673 283 4728 ὁ
312 4665 428 4746 μὲν
447 4660 669 4724 κατευθὺ
694 4667 787 4721 τοῦ
805 4683 865 4738 γε
884 4665 978 4733 τῆς
997 4657 1334 4737 λαμπηδόνος
1349 4702 1365 4730 ,

257 4761 342 4823 ὡς
360 4751 521 4834 χεῖρ’,
541 4745 789 4830 ἀνασχὼν
810 4747 907 4821 τὴν
928 4747 1104 4819 διπλὴν
1132 4744 1457 4826 προδοσκίδα
1471 4787 1486 4817 ,

254 4839 499 4921 σωτῆρά
514 4841 564 4916 γ’
593 4841 666 4905 ὥς
695 4835 790 4914 μὲν
820 4843 1101 4918 προσκυνεῖ
1129 4857 1185 4893 τε
1206 4833 1298 4893 καὶ
1326 4832 1485 4892 σέὸει·

112 4939 207 5018 (40)
252 4932 368 5004 τὴν
412 4927 459 4986 δ’
484 4919 549 4986 αὖ
574 4924 822 5004 σελήνην,
845 4924 1155 5005 ἐκφανεῖσαν
1187 4919 1282 5000 μὲν
1310 4919 1448 4994 νέαν,

252 5012 683 5095 ἀσκαρδαμυκτί
706 5012 753 5071 τ’
779 5010 1009 5078 εὖσεὸῶς
1028 5034 1087 5068 τε
1113 5007 1481 5091 προσὸλέπων,

134 5135 221 5174 σεε.
250 5109 469 5184 ὥσπερ
489 5105 606 5162 θεὰν
628 5101 881 5185 φέρουσαν
911 5103 957 5159 οἱ
988 5097 1142 5166 σέλας
1157 5096 1293 5175 νέον,

248 5199 373 5273 ἤδη
402 5189 639 5274 γεραίρει
661 5190 816 5263 τήνδε
840 5187 1051 5272 ἀῤῥήτῳ
1077 5185 1272 5268 τρόπῳ.

252 5285 359 5348 Τὰ
402 5285 535 5362 γοῦν
560 5278 713 5359 λόγου
737 5279 934 5358 ἄμοιρα
961 5279 1063 5336 τῶν
1088 5272 1253 5354 ζώων,
1284 5271 1434 5343 ἅναξ,

798 458 1061 519 PHILAE
1102 460 1393 523 VERSUS
1436 458 1538 523 DE
1579 461 2040 525 ANIMALIUM
2087 466 2636 529 PROPBIETATE.

1778 602 2199 668 anthropophagus
2219 603 2298 653 hic
2312 605 2444 655 solus
2465 610 2667 657 vocatus
2681 612 2773 658 est.

1778 690 1928 743 Indus
1948 696 2108 742 autem
2131 692 2277 756 hujus
2301 693 2414 743 ferae
2437 695 2622 757 pullum
2643 700 2843 761 nactu8‚

1780 779 2018 844 lapidibus
2031 781 2280 831 contundit
2299 785 2457 845 partes
2479 797 2588 845 quae
2607 786 2795 834 suntad
2815 790 3075 840 extremum
3101 788 3346 855 lumbuim

1778 870 1837 917 ut
1857 868 2072 933 ineptum
2095 868 2156 918 ad
2169 869 2401 920 creandos
2423 872 2617 922 aculeos
2642 873 2822 925 faciens

1781 956 1992 1009 cicurem
2014 958 2183 1009 reddat
2195 961 2326 1010 tactu
2355 959 2615 1011 innocenti.

2083 1250 2180 1316 [1¹0
2219 1246 2356 1324 (39).
2403 1246 2507 1306 DE
2547 1248 3056 1332 ELEPHANTE.]

1780 1393 2009 1459 [Maxima
2027 1396 2194 1460 utique
2215 1400 2290 1447 est
2311 1398 2409 1448 sera
2437 1412 2582 1462 supra
2607 1400 2806 1451 modum

1783 1483 1978 1547 elephas
1999 1484 2129 1548 ipse,
2154 1486 2238 1549 qui
2263 1490 2460 1550 aspectu
2483 1490 2753 1539 monstrum
2778 1496 2853 1540 est

1783 1572 2013 1623 omnibus
2035 1572 2311 1623 hominibus
2333 1577 2384 1625 ει
2397 1576 2624 1626 omnibus
2641 1576 2746 1627 aliis
2771 1578 2898 1628 seris,

1782 1664 1997 1712 humane
2014 1662 2142 1711 enim
2161 1676 2247 1725 per
2265 1663 2596 1715 excellentiam
2616 1679 2792 1729 corpus
2815 1668 3157 1720 circumferens
3171 1708 3185 1731 ,

1781 1748 1926 1799 habet
1948 1763 2145 1814 prorsus
2169 1752 2312 1801 etiam
2337 1752 2550 1803 membra
2569 1756 2866 1815 monstrosa,

1779 1838 1916 1887 atrox
1936 1838 1986 1889 ει
2003 1839 2246 1891 insuetum
2265 1853 2433 1889 revera
2445 1844 2619 1903 caput,

1782 1909 1922 1991 {cum
1947 1927 2194 1977 immensis
2215 1929 2409 1978 auribus
2430 1934 2480 1979 et
2497 1928 2710 2010 oculis]

1782 2016 2060 2080 validosque
2082 2018 2130 2067 et
2145 2019 2394 2080 protensos
2413 2019 2587 2071 mirum
2607 2020 2656 2069 in
2679 2020 2878 2070 modum

1782 2105 1952 2155 dentes
1970 2105 2110 2155 albos
2124 2142 2138 2166 ,
2167 2106 2345 2168 quibus
2367 2107 2602 2158 interimit
2615 2108 2663 2158 in
2679 2110 2852 2172 pugnis

1785 2196 1948 2242 tauros
1969 2207 2126 2243 saevos
2147 2200 2196 2243 el
2219 2194 2381 2245 leones
2403 2196 2630 2245 robustos
2654 2216 2666 2246 ε

1782 2294 1972 2331 accessu
1997 2280 2238 2333 difficilem
2257 2285 2307 2333 et
2329 2283 2518 2346 longam
2539 2285 2877 2348 proboscidem
2892 2324 2905 2347 ,

1783 2383 1878 2433 qua
1896 2370 2066 2420 obvios
2083 2385 2325 2435 quosque,
2347 2376 2490 2423 utens
2509 2386 2574 2423 ea
2594 2387 2764 2423 manus
2786 2375 2956 2437 instar,

1783 2460 1834 2509 et
1854 2460 2166 2510 vehementer
2189 2460 2436 2519 verberat,
2456 2463 2506 2511 et
2523 2462 2692 2513 sternit
2707 2463 2756 2512 in
2779 2468 2951 2514 terram
2975 2485 2988 2516 ι

1786 2550 1980 2610 pec-tora
2001 2548 2094 2598 lata
2107 2586 2122 2611 ‚
2153 2562 2414 2611 mammas,
2431 2555 2479 2599 et
2496 2550 2670 2614 pedes,

1786 2648 1911 2697 quos
1933 2638 2104 2685 natura
2129 2634 2378 2687 fabricavit
2397 2650 2586 2688 crassos
2605 2638 2762 2689 valde.

1785 2723 1982 2773 Viribus
2005 2726 2083 2773 est
2108 2724 2364 2774 vehemens
2377 2760 2392 2784 ,
2409 2726 2478 2774 sic
2500 2732 2554 2775 ut
2573 2727 2790 2779 arborem
2811 2731 2954 2781 eliam
2973 2746 3189 2796 magnam

1785 2812 2013 2861 radicitus
2037 2818 2329 2876 prosternat,
2351 2814 2634 2867 incumbens
2661 2817 2823 2867 modo.

1787 2900 1980 2952 Gaudet
1994 2916 2108 2952 vero
2131 2902 2334 2953 audiens
2353 2902 2536 2954 musica
2563 2904 2880 2957 instrumenta
2893 2945 2908 2970 ,

1788 2991 2033 3041 modulate
2051 2991 2276 3042 incedens
2294 2993 2356 3042 ad
2375 3007 2630 3043 numerum
2654 2996 2950 3047 cantionum.

1787 3083 1848 3130 Et
1870 3078 1932 3128 ad
1951 3091 2172 3130 venerem
2189 3079 2444 3140 incitatae,
2468 3079 2509 3130 si
2533 3080 2582 3130 in
2601 3082 2830 3146 parietem
2854 3083 3036 3148 irruat,

1787 3169 1894 3218 tum
1919 3179 2036 3218 eum
2057 3168 2282 3218 everterit
2303 3167 2438 3218 facile
2455 3167 2638 3220 roboris
2663 3169 2728 3220 vi.

1787 3259 1970 3307 Verum
1988 3269 2084 3306 non
2111 3256 2286 3306 lascive
2300 3256 2498 3320 quidem
2519 3257 2582 3306 ad
2601 3255 2998 3311 cousuetudinem

1788 3358 1901 3395 cum
1925 3344 2100 3394 semina
2119 3344 2327 3406 accedit,
2349 3344 2433 3400 sed
2455 3344 2696 3407 modeste,

1790 3432 1959 3498 procul
1975 3433 2038 3482 ab
2058 3433 2188 3496 aliis,
2213 3433 2410 3496 pudoris
2431 3447 2591 3484 causa.

1791 3521 2026 3572 Pabulum
2044 3521 2239 3585 quidem
2259 3520 2364 3584 ejus
2387 3525 2516 3572 sunt
2538 3523 2658 3572 rami
2673 3524 2925 3587 arborum,

1790 3609 2074 3674 hederaeque
2097 3610 2212 3660 tolia
2229 3647 2243 3670 ,
2264 3612 2314 3660 et
2339 3611 2574 3662 hordeum
2595 3612 2785 3664 abunde
2806 3629 2820 3662 :

1790 3712 1966 3762 aquam
1988 3713 2108 3750 vero
2125 3699 2246 3749 bibit
2270 3700 2406 3764 copia
2431 3699 2560 3762 larga
2577 3700 2742 3762 valde3

1788 3787 1872 3838 sed
1895 3787 2144 3858 limpidam
2162 3793 2211 3838 et
2235 3787 2522 3851 pellucidam
2543 3802 2638 3838 non
2656 3789 2788 3851 vult,

1790 3886 1962 3924 verum
1982 3872 2222 3924 sordidam
2246 3876 2295 3924 et
2313 3874 2573 3924 turbatam.

1790 3963 2018 4026 intelligit
2035 3962 2182 4012 etiam
2196 3999 2212 4023 ,
2233 3966 2287 4011 ut
2312 3974 2404 4024 ego
2421 3962 2585 4012 audivi
2598 3999 2616 4026 ,

1791 4065 1964 4103 vocem
1982 4051 2242 4100 humanam
2257 4087 2271 4110 ,
2294 4050 2596 4113 percipitque
2623 4064 2871 4101 sermones
2893 4067 2905 4100 :

1792 4143 1842 4191 et
1862 4145 1998 4203 paret
2018 4138 2212 4202 quidem
2229 4137 2501 4188 amantibus
2521 4139 2648 4188 lieris
2660 4175 2675 4200 ,

1792 4226 2082 4289 ducemibus
2104 4239 2216 4276 eum
2232 4225 2481 4289 facillime,
2500 4240 2598 4288 quo
2619 4227 2730 4290 quis
2750 4228 2970 4278 voluerit.

1795 4319 1941 4366 Stans
1965 4327 2080 4364 vero
2107 4314 2158 4364 et
2174 4313 2353 4364 dormit
2375 4327 2460 4376 per
2477 4315 2628 4364 totam
2647 4320 2836 4365 noctem
2849 4351 2864 4376 ,

1793 4403 1910 4467 quia
1927 4413 2025 4452 non
2045 4402 2240 4466 quidem
2258 4402 2333 4451 est
2351 4404 2405 4451 ut
2429 4401 2566 4451 facile
2583 4408 2820 4466 assurgat.

1794 4496 1960 4552 Quum
1979 4503 2090 4541 vero
2103 4490 2254 4552 major
2276 4489 2550 4550 stellarum,
2573 4503 2685 4554 quae
2703 4490 2859 4541 lucem
2877 4493 3015 4542 affert
3030 4531 3043 4554 ,

1793 4579 2014 4631 ascendit
2033 4577 2289 4642 splendens
2311 4590 2371 4628 ex
2389 4576 2542 4627 fundo
2566 4578 2711 4628 maris
2724 4615 2739 4640 ‚

1794 4669 1875 4720 ille
1893 4667 2090 4732 quidem
2107 4666 2287 4716 ditecte
2304 4665 2536 4716 adversus
2555 4665 2858 4728 splendorem
2869 4703 2884 4728 ‚

1795 4762 2024 4820 tanquam
2045 4767 2244 4805 manum
2259 4790 2274 4814 ,
2297 4753 2519 4804 attollens
2541 4755 2810 4817 porrectam
2833 4756 3186 4819 proboscidon·.,

1796 4847 2086 4896 servatorem
2104 4842 2256 4892 veluti
2273 4846 2322 4892 et
2343 4842 2512 4892 adorat
2533 4843 2584 4894 ει
2599 4823 2860 4893 'veneratur
2881 4859 2895 4892 ι

1796 4936 1964 4985 lunam
1981 4933 2173 4994 autem,
2197 4931 2504 4995 apparentem
2527 4930 2722 4995 quidem
2744 4944 2918 4981 novam
2933 4969 2948 4994 ,

1797 5026 1847 5074 ει
1866 5021 2020 5073 oculis
2043 5019 2240 5071 intentis
2255 5023 2306 5070 et
2323 5018 2401 5084 pie
2423 5019 2617 5069 intuens
2630 5054 2646 5080 ,

1797 5114 2028 5174 tanquam
2047 5109 2189 5160 deam
2207 5107 2484 5158 afferentem
2507 5107 2600 5158 sibi
2621 5107 2778 5157 lucem
2803 5121 3005 5177 novam,

1799 5199 2020 5263 protinus
2041 5197 2246 5248 honorat
2262 5196 2388 5247 hanc
2403 5194 2628 5246 ineffabili
2646 5194 2804 5246 modo.

1799 5287 2001 5339 Ratione
2019 5285 2168 5350 igitur
2182 5285 2412 5337 destituta
2429 5283 2653 5334 animalia
2665 5319 2680 5344 ‚
2695 5297 2726 5334 ο
2748 5296 2829 5333 rex
2847 5321 2863 5346 ,

3255 488 3324 537 23
