3767 5825
439 388 644 431 xxvm

1847 368 2277 433 PRAEFATIO.
2316 373 2325 383 ’

438 512 624 573 τοῖσιν,
655 516 717 561 ut
764 500 869 573 111,
918 502 1031 576 319
1071 474 1410 575 κεκλομένόυς
1450 500 1496 556 τ’
1525 499 1613 557 ἐπὶ
1655 502 1848 571 τοῖσιν,
1875 500 1916 556 i.
1942 519 1994 557 e.
2088 498 2274 584 Sedin
2288 519 2469 574 marg.
2485 521 2539 556 v.
2564 480 3625 579 282testthrp.xot¹to’nt>.v'}tou,-62hcm‚

441 592 470 650 ἔ
533 614 626 658 οις.

471 616 656 738 ργ256.
677 678 810 757 δίφρ’
826 678 896 747 G,
911 678 1174 756 διφρεζομ.
1199 678 1272 748 Η,
1291 677 1453 756 δίφρῳ
1470 676 1563 734 ed.
1578 676 1779 753 econj.
1795 675 1995 743 D646.

441 768 551 827 Sed
575 768 722 826 illud
747 779 1020 824 revocant
1042 765 1206 843 praef.
1227 785 1282 842 p.
1308 784 1411 839 xn,
1442 765 1676 841 opinor,
1705 763 1780 820 ob
1799 784 1997 820 corre·

440 858 696 935 ptionem
722 856 990 915 Atticam.
1016 853 1086 910 Et
1105 854 1250 928 quin
1282 852 1513 910 defendi
1535 853 1715 930 possit
1737 850 1872 929 δίφρ’
1894 871 2001 927 pro

441 946 597 1026 δίφροι
628 946 845 1019 (citant
893 943 1121 1000 Gallim.
1167 942 1338 999 Dian.
1395 941 1502 998 135
1529 942 1547 1015 )
1604 960 1725 998 non
1761 939 1997 1011 dubito,

442 1033 542 1091 sed
567 1044 808 1110 propter
847 1033 1034 1108 ipsam
1081 1030 1244 1087 illam
1287 1030 1748 1107 correptionem,
1783 1041 1838 1085 et
1863 1048 2001 1106 pro-

440 1134 569 1198 pter
589 1119 694 1191 ΙΙΙ,
717 1139 794 1195 99
816 1118 1072 1199 τραπέζης
1094 1116 1486 1195 ἄργυραμοιὸοῦ
1507 1105 1662 1175 Εἶσεν
1686 1115 1837 1194 ὅπερ,
1855 1117 2003 1173 alte-

441 1228 571 1265 rum
618 1206 866 1284 praetuli.
913 1205 1000 1264 Cf.
1047 1206 1220 1262 etiam
1247 1203 1358 1274 vl,
1397 1206 1504 1261 361
1543 1222 1558 1261 :
1593 1202 1892 1279 ἑζομένους,
1924 1202 2003 1259 ὅθι

441 1296 488 1351 τ’
513 1294 622 1351 αἰὲν
649 1291 922 1369 ἀμείὸεται
946 1290 1172 1370 ἀργύρου
1192 1290 1368 1367 αἷγλή.

521 1384 657 1441 258.
683 1381 985 1459 μετέχουσιν
1003 1380 1160 1451 edd„
1191 1380 1307 1456 μέγ’
1334 1378 1540 1457 ἔχουσιν
1563 1400 1688 1439 noe.

426 1501 431 1506 ·
522 1473 657 1539 264.
688 1473 775 1526 ὑπ’
802 1469 964 1543 edd„
1001 1470 1090 1523 ἀπ’
1118 1488 1244 1527 noS.
1276 1466 1408 1523 vid.
1437 1488 1631 1545 supra.

522 1561 659 1617 265.
692 1560 828 1616 κεῖνο
847 1558 972 1629 GH,
1004 1556 1178 1621 κείνας
1204 1557 1297 1615 ed.
1329 1574 1362 1611 e
1399 1557 1557 1633 conj.
1584 1558 1636 1613 D
1675 1559 1826 1630 234,
1855 1577 1999 1633 prae·

443 1650 550 1706 tuli
593 1646 802 1717 κείνοις,
835 1650 951 1701 illis
991 1643 1388 1721 principibus,
1414 1644 1473 1703 h.
1513 1665 1563 1704 e.
1599 1646 1833 1704 illorum
1872 1645 2003 1701 loco

437 1737 787 1815 judicantes.

524 1826 743 1899 269·72
767 1841 884 1898 quo
911 1820 1118 1877 ordine
1138 1811 1621 1895 vulgolegantur,
1645 1822 1710 1877 in
1739 1834 1897 1878 textu
1924 1823 2003 1877 in-

444 1912 651 1972 dicavi.
681 1910 833 1979 Quia
857 1907 1066 1966 latebat
1088 1927 1263 1965 verus
1284 1907 1432 1964 ordo
1452 1952 1468 1979 ,
1516 1909 1616 1965 AR
1651 1910 1768 1986 269
1795 1910 2002 1965 τελοῦν.

442 2024 526 2066 τες
543 2045 562 2075 ,
589 1995 1078 2076 270·νυμφεύονται
1107 2015 1140 2053 e
1159 1994 1316 2072 conj.
1355 1995 1663 2072 scripsere,
1687 2015 1794 2053 nec
1812 2009 2003 2052 tamen

448 2110 554 2161 271
590 2085 762 2143 habet
787 2104 904 2161 quo
950 2097 1080 2160 apte
1111 2082 1412 2141 referatur.
1445 2082 1516 2138 Et
1558 2081 1904 2161 νυμφεύονται
1934 2082 2005 2139 de

443 2176 592 2231 viris
617 2193 734 2230 non
765 2185 918 2229 recte
945 2171 1161 2228 dictum
1185 2188 1311 2227 esse
1331 2170 1520 2244 arguit
1543 2169 1852 2227 imitatoris
1869 2193 2000 2244 νυμ-

443 2262 685 2343 φευθεῖσα
711 2259 805 2331 lV,
837 2263 970 2335 394.
1007 2258 1206 2335 ltaque
1235 2257 1442 2315 ordine
1478 2269 1693 2314 mutato
1727 2277 2001 2316 versuum

444 2349 662 2407 codicis
687 2349 1002 2425 scripturas
1029 2344 1320 2403 revocavi.
1339 2341 1468 2400 Jam
1495 2342 1746 2401 κάκείνων
1771 2348 1844 2401 ad
1865 2343 2003 2401 ἑταί-

445 2460 560 2516 ρους
601 2450 857 2514 spectare
898 2446 1071 2512 patet.
1109 2432 1256 2490 Item
1293 2445 1448 2509 patet
1493 2431 1709 2509 duplex
1748 2432 2004 2491 describi

445 2524 802 2583 moechorum
855 2541 1057 2597 genus,
1125 2538 1376 2597 quorum
1425 2520 1592 2576 alteri
1647 2520 2006 2578 clandestino

445 2614 731 2671 adulterio
751 2610 1005 2669 contenti
1030 2622 1164 2667 sunt
1186 2640 1266 2651 -·
1289 2610 1403 2679 267
1429 2626 1518 2683 sq.
1543 2640 1623 2649 —-
1651 2608 1816 2666 alteri
1845 2627 2003 2665 ama—

447 2716 632 2760 tarum
667 2700 888 2757 maritis
912 2699 1150 2773 suisque
1173 2696 1460 2753 uxoribus
1484 2695 1786 2754 trucidatis
1809 2712 2007 2774 aperta

442 2792 502 2847 vi
518 2790 579 2848 in
596 2788 967 2846 matrimonia
989 2798 1342 2861 grassantur.

525 2882 662 2952 272.
695 2875 874 2957 χερσὶν
903 2874 1167 2934 ὀλέκουσιν
1195 2872 1325 2944 GH,
1361 2872 1589 2952 χείρεσσ’
1614 2870 1880 2932 ὀλέκουσιν
1914 2874 2002 2932 ed.

443 2987 476 3026 e
503 2967 658 3044 conj.
703 2971 756 3023 D
801 2967 940 3037 647.
993 2962 1200 3020 Melius
1249 2963 1419 3018 etiam
1467 2976 1726 3020 nostrum
1769 2963 2005 3020 ὀλέκουσι

442 3053 701 3134 χέρεσσιν.
732 3054 816 3110 De
833 3072 903 3109 eo
926 3050 1293 3110 substantivo
1319 3050 1436 3107 fere
1463 3051 1753 3109 inutiliter
1780 3051 2005 3128 adjecto

445 3144 519 3200 cf.
550 3140 646 3212 Vl,
684 3141 817 3201 168.
1897 3205 1907 3215 ⁸

525 3239 660 3303 274.
684 3251 740 3285 τε
769 3239 900 3285 ante
920 3225 1011 3284 καί
1029 3225 1360 3288 addidimus
1383 3243 1417 3281 e
1439 3243 1592 3281 corr.
1623 3223 1726 3282 AR
1751 3225 1816 3282 in
1833 3225 2001 3303 praef.

446 3338 508 3395 p.
537 3335 663 3375 xtv.

526 3425 637 3476 277
673 3422 762 3480 sq.
808 3400 1122 3458 συνεῦνοισιν
1154 3400 1283 3471 GH,
1319 3402 1629 3456 συνευνῶσιν
1654 3399 1744 3457 ed.
1775 3419 1806 3458 e
1849 3401 2003 3478 conj.

445 3492 518 3549 G.
549 3525 622 3536 -——
647 3490 918 3571 φιλότητος
943 3487 1065 3546 Αἷὲν
1083 3487 1437 3564 κλεπτομένης
1462 3488 1622 3559 edd„
1645 3489 1803 3565 quod
1826 3490 2008 3566 expli-

446 3581 567 3638 cari
591 3579 826 3637 deberet
851 3597 959 3655 pro
981 3578 1237 3652 genitivo
1259 3578 1555 3653 qualitatis
1578 3577 1650 3634 ad
1669 3577 2003 3634 Latinorum

445 3689 615 3728 usum
656 3679 981 3743 assumpto,
1032 3665 1198 3742 cujus
1237 3665 1478 3740 genitivi
1527 3667 1766 3723 alterum
1814 3687 2006 3724 exem-

447 3758 607 3836 plum
639 3755 750 3831 111,
793 3757 901 3812 113
940 3754 1206 3813 invenire
1234 3752 1350 3811 sibi
1395 3755 1528 3830 quis
1563 3753 1850 3812 videatur.
1894 3755 2006 3812 Sed

447 3847 629 3903 multo
671 3842 1068 3922 probabilius,
1102 3841 1258 3899 facili
1300 3841 1701 3898 emendatione
1729 3841 2008 3922 φιλότητας

447 3931 822 4008 κλεπτομὲναις
872 3930 1240 3988 scribendum
1287 3948 1430 3987 esse.
1490 3928 1774 3988 Adverbii
1821 3930 2007 3988 forma

449 4020 551 4078 αἰεί
575 4021 813 4078 omnino
858 4015 957 4076 hic
979 4017 1244 4095 ponenda
1268 4029 1410 4075 erat.
1442 4016 1530 4074 Cf.
1563 4016 1680 4092 111,
1718 4019 1828 4075 333
1863 4018 2006 4097 52:262

446 4111 558 4180 τηθ’
586 4107 774 4188 ἑτέροις
795 4105 1085 4185 ὀρέγουσαι.

530 4217 666 4271 279.
692 4194 820 4252 τοὺσ
838 4193 941 4258 ίους
961 4193 1037 4268 G,
1055 4191 1185 4258 τοὺς·
1197 4195 1328 4250 ίουσ’
1356 4192 1436 4265 Μ,
1457 4192 1570 4257 τοὺς
1591 4193 1755 4250 ‘etone’
1779 4192 1867 4251 HJ
1881 4237 1899 4265 ,
1926 4217 2006 4251 τοι

445 4283 606 4342 τίουσ’
621 4285 741 4358 ed.;
759 4282 876 4348 τοὺς
896 4280 1058 4339 τίουσ’
1086 4282 1258 4338 etiam
1278 4280 1408 4356 conj
1418 4323 1431 4336 .
1457 4281 1508 4337 D
1531 4284 1642 4352 647
1663 4304 1677 4352 ;
1710 4279 1822 4346 ἑοὺς
1841 4283 2005 4340 τίουσ’

447 4371 680 4446 Jacobs.
707 4371 777 4429 ad
809 4370 980 4427 Anth.
1009 4368 1134 4426 Pal.
1175 4389 1234 4444 p.
1271 4370 1420 4440 4803
1451 4367 1542 4431 τὰς
1571 4369 1701 4433 ἰδίας
1725 4369 1869 4427 οὐδὲν
1892 4373 2001 4450 φιλ.

446 4465 518 4530 Α,
543 4458 800 4538 κουριδίας
821 4455 964 4515 οὐδὲν
990 4458 1096 4537 φιλ.
1120 4457 1188 4526 R,
1221 4457 1398 4528 male;
1421 4475 1552 4513 nam
1583 4456 1678 4513 hic
1701 4467 1906 4516 versus
1935 4460 2005 4517 ad

447 4567 660 4606 uxores
699 4547 1092 4620 πολυμνήστους
1129 4546 1392 4622 pertinet.
1430 4544 1664 4620 ltaque,
1707 4559 1770 4602 ut
1793 4547 2009 4606 diserte

446 4636 800 4705 indicentur,
849 4641 936 4690 ταὶ
983 4631 1144 4690 τίουσ’
1189 4633 1426 4709 scripsi,
1469 4631 1654 4688 verbo
1697 4653 1801 4710 per
1837 4653 2005 4692 usum

447 4723 641 4780 Nostri
672 4721 1066 4779 commendato
1101 4741 1114 4774 :
1155 4719 1276 4778 vid.
1322 4719 1438 4790 ΙΙΙ,
1495 4719 1622 4788 185,
1677 4741 1808 4796 197,
1858 4723 2003 4796 3113

448 4811 522 4867 Vl
545 4855 560 4880 ‚
603 4811 730 4880 145.
760 4811 946 4870 Aliter
979 4810 1151 4866 etiam
1187 4807 1300 4874 τοὺς
1335 4808 1488 4872 ἰδίους
1516 4805 1618 4864 αἵδ’
1657 4798 1720 4864 αῧ
1744 4832 1799 4888 φ.
1827 4811 2005 4872 scribi

445 4911 656 4976 posset.

531 4991 638 5045 281
672 5008 757 5065 sq.
790 4987 922 5047 edd.

574 5101 659 5149 σὺν
679 5105 909 5164 σφετέραις
930 5102 1132 5164 ἀλόχοις,
1154 5103 1232 5149 καὶ
1257 5102 1408 5150 αὐτῶν
1425 5103 1579 5150 εἵνεκα
1593 5103 1708 5160 δηθὰ

575 5173 623 5220 ὲν
639 5177 863 5233 συνοχῇσι
880 5173 1082 5230 γένοντο,
1102 5173 1181 5218 καὶ
1201 5173 1420 5228 ἀλλήλους
1442 5173 1664 5234 ἀθέριξαν.

2093 600 2232 645 teste
2276 588 2325 643 H
2361 609 2374 646 ε
2426 588 2671 657 ἀλλήλοις
2708 588 2956 666 ἀχέεσσι;
2990 587 3231 666 ἀλόχοισι
3272 606 3627 647 correxerunt

2090 675 2188 734 AR
2224 678 2287 733 in
2313 677 2467 753 praef.
2493 698 2549 754 p.
2577 698 2702 735 xiv.
2735 677 2847 734 Sed
2887 688 3161 754 praeterea
3188 674 3289 734 hic
3311 677 3533 753 aliquid
3558 682 3625 735 in·

2093 765 2389 823 tercidisse
2426 778 2483 821 et
2522 768 2689 823 varia
2728 766 2947 823 codicis
2991 764 3163 823 lectio
3192 780 3397 824 monet
3428 780 3485 823 et
3506 786 3627 843 per-

2094 870 2265 909 versa
2290 853 2701 909 sententiarum
2740 852 3058 924 connexio,
3078 871 3251 927 quam
3276 856 3499 932 optime
3520 874 3629 931 per-

2092 940 2353 1016 spexeris
2397 954 2727 1018 comparata
2766 938 3197 1013 emendatione,
3214 962 3366 1019 .qua
3407 962 3513 1017 ego
3539 943 3627 1001 hos

2091 1047 2290 1085 versus
2312 1041 2393 1086 ita
2421 1030 2663 1087 restituo
2696 1052 2711 1086 ε

2212 1164 2281 1221 τῷ
2298 1160 2355 1217 δὴ
2370 1160 2449 1207 καὶ
2466 1158 2647 1221 κρίσιας
2664 1162 2744 1209 καὶ
2766 1160 2923 1210 νείκεα
2942 1163 3163 1217 πολλάκις
3180 1162 3325 1225 ἔσχον

2216 1230 2303 1277 σὺν
2322 1232 2557 1293 σφετέραις
2572 1231 2784 1293 ἀλόχοισι
2803 1234 2884 1281 καὶ
2907 1233 3126 1292 ἀλλήλους
3140 1232 3351 1295 ἀθέριξαν

2218 1300 2385 1363 [αἰὲν
2405 1301 2809 1365 ἀτασθαλίῃσι
2830 1301 2879 1365 ].
2903 1306 2984 1352 καὶ
3004 1303 3156 1351 αὐτῶν
3174 1304 3331 1351 εἵνεκα
3352 1303 3471 1357 δηθὰ

2216 1370 2265 1418 ἐν
2284 1376 2510 1433 συνοχῇσι
2523 1372 2710 1430 γένοντο
2728 1373 2808 1420 καὶ
2832 1374 3056 1431 ἀκλήτοις
3079 1374 3295 1435 ἀχέεσσι.

2174 1478 2310 1536 283.
2339 1476 2536 1533 ἔδωκαν
2568 1478 2615 1533 H
2639 1476 2791 1549 edd„
2818 1480 2975 1555 quod
3004 1480 3151 1537 male
3179 1479 3519 1553 ingeniosus
3538 1477 3623 1534 La-

2094 1565 2350 1624 tinorum
2370 1571 2549 1623 dandi
2559 1589 2765 1643 poenas
2796 1569 3089 1627 locutione
3110 1569 3459 1626 defenderit.
3484 1568 3625 1625 Recte

2091 1656 2298 1799 ιῖλοοη]
2310 1699 2325 1714 .
2357 1652 2578 1726 ἔνεικαν,
2616 1655 2770 1732 quod
2796 1658 3005 1735 recepi.
3029 1656 3119 1717 Cf.
3147 1655 3224 1713 vl
3244 1701 3262 1731 ,
3298 1658 3417 1714 208
3457 1658 3625 1732 δασμὸν

2121 1766 2148 1799 τ
2185 1766 2341 1812 ησαν.

2176 1833 2421 1907 286-90.
2447 1830 2661 1890 Versus
2676 1832 2758 1890 ita
2771 1846 2829 1890 et
2845 1833 2957 1891 hoc
2972 1834 3181 1891 ordine
3194 1834 3258 1891 in
3277 1833 3330 1889 G
3348 1834 3625 1907 leguntur:

2218 1961 2377 2023 πάγχυ
2396 1964 2437 2011 δ’
2459 1964 2531 2025 ἄρ’
2553 1963 2597 2018 ἐς
2615 1963 2834 2023 φιλότητα
2850 1963 2997 2019 λύπην
3014 1968 3220 2011 τοκετῶν
3239 1962 3283 2011 τ’
3305 1962 3485 2023 ἐποχήν
3500 1978 3546 2011 τε

2218 2032 2427 2091 ὀχλήσει,
2451 2034 2530 2081 καὶ
2550 2035 2665 2090 δηθὰ
2688 2036 2831 2097 λυγρῇ
2854 2036 2956 2097 περὶ
2974 2035 3140 2096 γαστρὶ
3166 2034 3364 2096 μογήσει
3377 2068 3393 2091 ,

2217 2102 2320 2160 ἤτοι
2340 2104 2443 2162 πρὶν
2464 2104 2655 2164 γονίμης
2674 2104 2795 2165 ὥρης
2820 2105 2960 2166 βρέφη
2979 2105 3339 2164 ὠμοτοκοῦσαν,

2216 2174 2273 2232 ἠὲ
2298 2180 2469 2235 νεκρῶν
2488 2178 2591 2237 περὶ
2608 2176 2771 2239 γαστρὶ
2797 2178 2911 2237 μέλη
2928 2175 3146 2237 τίμνουσ’
3166 2175 3261 2222 ἀπὸ
3278 2174 3475 2223 τέκνων·

2218 2246 2299 2301 τὰς
2318 2247 2358 2294 δ’
2376 2247 2514 2301 ἄλλας
2534 2247 2751 2309 ἁνδρᾶσιν
2767 2247 2893 2302 ἶσαις
2916 2246 3185 2309 κάμνουσαν
3202 2245 3373 2301 ἀνίαις.

2094 2348 2279 2409 Versu
2332 2352 2445 2407 286
2488 2349 2719 2429 φιλότητ’
2746 2349 2943 2420 ἀλύκην
2976 2353 3203 2407 τοκετῶν
3248 2350 3377 2421 ed.;
3405 2369 3513 2424 ego
3544 2369 3633 2425 pro

2096 2435 2398 2509 vocabulo,
2428 2437 2596 2514 cujus
2620 2437 2828 2495 Noster
2851 2437 3088 2514 ignarus
3112 2450 3221 2507 est,
3249 2436 3483 2513 praetuli
3512 2434 3635 2513 &²³³2-

2094 2546 2229 2592 τητα
2250 2522 2397 2596 δύην,
2425 2526 2582 2601 quod
2599 2524 2756 2602 conj.
2776 2526 2827 2582 D
2846 2533 3071 2599 417.—-
3094 2525 3205 2596 287
3234 2522 3452 2593 ὀτλήσει
3474 2523 3560 2579 ed.
3576 2556 3637 2565 —

2098 2611 2211 2666 288
2241 2611 2593 2686 ὠμοτοκοῧσιν
2621 2612 2715 2671 ed.
2746 2632 2781 2669 e
2804 2612 2959 2690 conj.
2988 2613 3043 2669 D
3062 2610 3421 2685 ibid.-’-—289
3444 2610 3546 2667 ἄπο
3564 2610 3637 2667 ed.

2094 2698 2295 2775 econj.
2320 2700 2367 2755 Ι)
2388 2698 2534 2756 ibid.
2550 2733 2629 2743 -—
2651 2704 2765 2775 290
2788 2698 3058 2776 ἄνδρεσσιν
3070 2697 3189 2764 ἴσας
3210 2697 3505 2773 κάμνουσιν
3518 2696 3641 2760 α’νίις

2095 2786 2188 2844 ed.
2198 2828 2215 2857 ,
2254 2790 2349 2844 cui
2378 2787 2734 2845 contrarium
2761 2788 2875 2852 ταῖς
2914 2784 3098 2852 ἄλλαις
3142 2786 3422 2865 ἄνδρεσσιν
3446 2784 3575 2849 ἴσαις
3598 2810 3639 2844 κ.

2098 2872 2261 2939 ἀνίαις
2288 2874 2446 2951 conj.
2472 2875 2523 2931 D
2543 2874 2691 2935 ibid.
2721 2910 2794 2922 —
2818 2874 2951 2933 Haec
2983 2874 3103 2932 fere
3132 2874 3335 2933 omnia
3362 2873 3535 2945 bona,
3556 2874 3641 2930 sed

2096 2974 2373 3038 praeterea
2396 2963 2512 3038 289
2540 2963 2659 3040 περὶ
2676 2963 2864 3041 γαστρὶ
2880 2962 3218 3020 mutandum
3250 2961 3365 3018 fuit
3392 2963 3457 3019 in
3484 2963 3533 3018 ἐν
3560 2983 3642 3036 γα-

2096 3051 2209 3127 στρὶ
2228 3095 2243 3124 ,
2272 3063 2335 3108 ut
2355 3050 2781 3128 embryotomia
2803 3064 2955 3109 recte
2968 3064 3025 3108 et
3045 3050 3261 3108 diserte
3282 3049 3638 3108 indicaretur.

2094 3139 2265 3208 Quod
2286 3158 2429 3196 vero
2462 3140 2647 3216 majus
2661 3183 2676 3210 ,
2697 3158 2971 3198 versuum
2992 3138 3139 3195 ordo
3157 3137 3475 3194 mutandus
3510 3151 3642 3201 erat,

2094 3240 2158 3284 ut
2172 3247 2231 3282 v.
2266 3247 2381 3300 290
2394 3241 2853 3305 praeponeremr,
2867 3225 3159 3305 particula
3170 3246 3233 3281 τε
3245 3224 3567 3282 arctissime
3588 3222 3645 3278 ad

2096 3315 2492 3372 antecedentia
2559 3333 2818 3373 annexus
2837 3356 2854 3385 ,
2920 3333 3041 3391 quo
3100 3331 3278 3370 versu
3332 3313 3641 3386 viraginum

2097 3403 2286 3459 omnis
2321 3422 2449 3460 cum
2489 3404 2637 3460 viris
2680 3401 3007 3460 similitudo
3052 3399 3643 3477 comprehenderetur.

2097 3503 2401 3564 antequam
2432 3491 2765 3566 singulatim
2794 3491 3057 3547 femineae
3081 3508 3283 3546 earum
3312 3488 3645 3546 calamitates

2096 3579 2546 3655 explicarentur.
2581 3577 2733 3636 Tum
2766 3590 2823 3634 et
2843 3575 2942 3636 hic
2959 3577 3265 3652 κάμνουσαν
3294 3575 3643 3633 retinendum

2096 3679 2151 3722 et
2188 3687 2247 3724 v.
2285 3667 2399 3723 288
2429 3667 2769 3740 ὧμοτοκοῦσα
2791 3684 2824 3722 e
2848 3664 3006 3742 conj.
3039 3663 3092 3719 G
3121 3662 3499 3720 scribendum
3524 3673 3643 3718 erat.

2180 3763 2313 3827 294.
2342 3760 2477 3810 τοῖσι
2512 3751 2639 3822 GH,
2690 3743 2778 3830 ’ᾖσι
2814 3752 2907 3810 ed.
2942 3771 2975 3808 e
3004 3749 3157 3829 conj.
3202 3756 3282 3822 A,
3338 3751 3503 3827 quod
3548 3769 3643 3806 non

2098 3841 2364 3898 sufficere
2390 3839 2639 3898 videtur.
2665 3839 2887 3917 Scripsi
2916 3839 3043 3918 πρὸς
3064 3839 3141 3913 δέ,
3171 3858 3291 3914 quo
3324 3839 3513 3910 magis
3538 3855 3643 3892 ma-

2099 3928 2464 3986 litiaenovum
2482 3931 2903 3986 incrementum
2919 3926 3230 3984 efferretur
3254 3945 3269 3980 :
3298 3925 3381 3982 cf.
3410 3923 3640 3994 152655.

2177 4036 2310 4090 297.
2342 4014 2547 4094 κρίσιας
2576 4015 2735 4079 εἰδίας
2782 4014 2914 4088 Gfl,
2940 4035 3023 4092 κρ.
3058 4015 3195 4078 ἰδίας
3226 4011 3259 4068 J
3278 4055 3301 4085 ,
3331 4013 3554 4080 κλῆσιας
3579 4013 3647 4065 σ’ἱ-

2098 4103 2232 4171 δίους
2260 4103 2351 4162 ed.
2386 4123 2419 4161 e
2447 4103 2599 4180 conj.
2633 4105 2684 4160 D
2708 4105 2856 4175 6473
2882 4115 3133 4178 utroque
3152 4101 3447 4170 vocabulo
3476 4121 3509 4156 a
3528 4117 3645 4154 con-

2097 4190 2401 4247 suetudine
2426 4189 2621 4248 Nostri
2652 4191 2864 4260 alien0‚
2896 4209 3149 4265 quorum
3168 4207 3357 4245 unum
3384 4187 3535 4245 idem
3556 4205 3641 4240 ex-

2096 4279 2261 4354 pellit
2290 4279 2467 4334 altera
2492 4278 2643 4355 conj.
2676 4277 2872 4344 ἀϊδίους
2896 4275 3121 4355 κρίσιας.
3142 4274 3257 4334 Sed
3288 4273 3643 4333 scribendum

2098 4379 2220 4422 erat
2247 4387 2320 4423 ex
2344 4366 2459 4436 111,
2486 4367 2600 4425 268
2628 4364 2719 4424 καὶ
2742 4367 2949 4442 κρίσιας
2974 4364 3219 4439 θαμινάς.

2181 4455 2314 4512 300.
2356 4454 2558 4510 παίδων
2595 4477 2649 4510 τε
2685 4456 3045 4531 καθηγητῆρες
3073 4451 3217 4522 GH,
3248 4473 3311 4510 π.
3342 4473 3402 4528 γε
3432 4453 3643 4521 καθ-ητις·

2097 4546 2246 4621 τῆρες
2274 4542 2366 4600 ed.
2408 4541 2581 4600 solito
2607 4542 2791 4599 fulcro
2811 4586 2826 4614 ‚
2855 4541 2955 4599 sed
2988 4540 3033 4598 R
3054 4542 3231 4598 etiam
3260 4539 3413 4614 μάλα
3442 4539 3647 4613 expe-5:-

2100 4651 2200 4706 ρες,
2229 4630 2276 4685 Α
2301 4633 2654 4707 κυνηγητῆρες
2673 4630 2766 4686 vel
2797 4631 3246 4707 καταισχυντῆρες
3280 4626 3444 4704 conj.
3470 4623 3575 4681 Sed
3604 4633 3647 4678 et

2096 4717 2219 4774 haec
2260 4716 2621 4776 substantiva
2658 4738 2693 4774 a
2726 4718 2861 4775 stilo
2902 4716 3099 4774 Nostri
3143 4717 3337 4772 aliena
3362 4713 3647 4770 videntur.

2098 4826 2447 4882 quamquam
2481 4807 2621 4864 novi
2664 4808 2969 4882 quaesitum
3013 4823 3259 4861 acumen
3293 4802 3362 4875 V,
3398 4821 3519 4876 290
3550 4797 3649 4870 οὐχὶ

2100 4892 2253 4969 μόνον
2268 4895 2409 4960 ζώων
2429 4893 2724 4972 θηρήτορες,
2750 4892 2888 4951 ἀλλὰ
2910 4893 3195 4969 γυναικῶν,
3215 4910 3409 4967 neque
3428 4890 3651 4946 omnino

2096 4979 2195 5038 hic
2228 4993 2347 5037 tam
2378 4981 2571 5038 subito
2599 4993 2655 5038 et
2697 4979 2943 5057 abrupte
2982 4980 3237 5036 mascula
3262 4983 3467 5036 Venus
3516 4974 3651 5031 illata

2097 5069 2347 5126 videtur.
2373 5068 2523 5125 Hinc
2545 5068 2754 5145 scripsi
2775 5068 2929 5124 τῶνδ’
2948 5071 3207 5147 ἡγητῆρες
3233 5089 3248 5124 :
3276 5067 3409 5122 vid.
3440 5063 3651 5122 infru.

2102 5157 2215 5213 336
2243 5176 2257 5211 ε
2293 5155 2572 5221 παιδευτὰς
2594 5157 2637 5213 δ’
2658 5155 2831 5212 ἄλλων
2851 5154 3006 5212 τοίων
3036 5154 3204 5234 ἔργων
3222 5153 3507 5232 ἀνέφηνεν.
3528 5149 3651 5205 Pro·
