3767 5825
1514 373 1950 434 PRAEFATIO.

241 494 286 541 ln
299 490 514 541 nunekfi
535 491 750 546 editione
769 514 784 545 ε
1192 506 1248 553 ln
1271 500 1363 551 hac
1379 503 1594 553 editione
1615 519 1630 552 ε

287 580 376 646 34.
417 582 767 655 ἐντι-ποῆν
779 625 1235 647 ............
1253 590 1616 651 ἐστι-ποιεῖν

284 668 374 727 36.
416 666 632 739 ἄλλονος
648 671 678 699 *
701 673 758 731 ἔν
783 674 1001 754 ῥαμως.
1025 674 1171 735 ,ἀλλ’
1192 674 1307 743 ὄνος
1331 678 1384 735 ἐν
1409 677 1590 760 ῥάμνῳ
1612 678 1694 757 (4)

285 756 374 828 37.
415 756 444 781 ¹*
467 758 636 840 ἄγραν
649 802 1270 823 ................
1287 766 1576 845 ἀγρυπνίαν
1615 764 1696 844 (5)

287 846 372 912 48.
410 844 486 903 τὼ
498 892 1280 912 ....................
1293 856 1372 933 τῷ
1395 857 1616 933 Briggs.

287 941 373 1008 ¹⁴9·
413 932 510 1009 μὲν
523 979 1274 1003 ...................
1290 963 1382 1018 μιν
1415 945 1658 1000 Brunck.

286 1022 372 1079 58.
418 1024 720 1103 άπειρώταν
737 1068 1278 1089 ..............
1293 1028 1580 1109 άπηρώταν
1619 1031 1698 1108 (6)

285 1111 368 1167 63.
411 1110 488 1187 μὴ
506 1110 736 1193 τρέσοῃς
745 1157 1207 1177 ............
1223 1117 1298 1195 μὴ
1329 1116 1592 1196 τρέσσεις;
1618 1118 1700 1196 (7)

283 1197 370 1255 65.
413 1201 458 1256 εἰ
488 1200 535 1257 δ’
565 1198 708 1282 ὕπαρ
735 1205 793 1261 οὖ
813 1237 887 1248 —
913 1228 993 1281 μα
993 1236 1166 1266 .....
1179 1208 1224 1263 εἰ
1254 1204 1350 1284 μὲν
1369 1204 1476 1285 ,γὰρ
1499 1240 1569 1249 -
1593 1230 1702 1283 μα·-

712 1290 914 1360 τεύσεις
1351 1291 1518 1360 τεύεις
1537 1295 1618 1373 (8)

281 1376 366 1445 67.
408 1376 587 1435 καίτοι
599 1421 1263 1441 .................
1277 1381 1366 1440 καὶ
1393 1390 1502 1447 τοῖς
1535 1381 1616 1459 (9)

3212 382 3317 439 xix

1847 510 1905 555 In
1922 504 2147 555 Meinekii
2166 504 2409 557 editione=
2815 509 2875 557 ln
2898 507 2993 556 hac
3012 506 3223 559 editione
3242 523 3257 557 τ

2447 596 2641 653 XXII.

1948 702 2002 743 2.
2045 680 2262 762 ἑρεθίζεν
2277 723 2891 741 ................
2905 682 3145 761 ἐρεθίζειν
3177 685 3257 762 (1)

1916 789 1937 825 t
1955 790 2001 826 1.
2046 766 2317 849 ’πρώραθεν
2336 811 2871 828 ..............
2885 767 3156 851 πρῴραθεν
3182 772 3257 848 (2)

1916 856 2005 913 16.
2049 856 2347 934 κοπτομένη
2363 898 2817 916 ............
2832 857 3133 935 κοπτομένα

1865 999 1871 1005 ,
1912 944 2003 1001 36.
2045 932 2175 1014 ὅχην
2190 986 3000 1007 .....................
3016 945 3145 1005 ὕλαν

1910 1030 2004 1088 55.
2042 1035 2155 1099 πῶς
2170 1076 2985 1096 .....................
3000 1059 3111 1101 πως
3136 1037 3215 1115 (3)

1913 1119 2005 1175 58.
2047 1118 2135 1189 ἠδ’
2159 1121 2452 1199 ὑπερόπτης
2466 1165 2880 1181 ...........
2891 1123 2927 1195 ἢ
2954 1124 3281 1203 ὑπερόπτης

1910 1210 2003 1283 69.
2048 1208 2072 1232 *
2094 1206 2192 1267 ἐὼν
2208 1253 2942 1273 ...................
2956 1211 3036 1279 ἑός
3068 1213 3146 1292 (lt)

1920 1298 2015 1371 98.
2059 1297 2287 1373 πληγαῖς
2301 1340 2991 1361 ..................
3006 1301 3233 1376 πλαγαῖς

1876 1393 2007 1477 ταῖς.
2047 1388 2202 1463 χροιῇ
2236 1382 2293 1442 δέ
2320 1387 2369 1442 τ’
2392 1384 2617 1461 ἀμείνω.
2645 1432 2658 1445 .
2684 1430 2697 1443 .
2724 1386 2906 1466 ,χροιδι
2931 1386 2985 1445 δέ
3010 1386 3057 1447 τ’
3092 1387 3319 1465 ἀμείνων

239 1574 301 1636 (4)
345 1576 632 1642 Coniectura
671 1588 743 1629 est
775 1580 1053 1629 Boissonadi
1073 1618 1088 1641 ,
1125 1598 1270 1647 quam
1314 1597 1474 1630 veram
1518 1580 1704 1647 putavit
1794 1598 1959 1631 omues
1992 1592 2293 1649 receperunt.
2334 1586 2508 1635 Nescio
2549 1595 2708 1636 tamen
2748 1604 2811 1636 an
2850 1587 2965 1636 huic
3002 1605 3192 1654 quoque
3219 1590 3321 1659 loco

186 1646 480 1701 Burmannus.
531 1651 740 1702 Adertus
775 1653 826 1703 in
859 1653 1073 1707 Theocr.
1108 1656 1316 1721 append.
1346 1673 1399 1722 p.
1428 1672 1489 1717 ²7
1525 1655 1704 1705 mavult
1791 1656 2044 1707 conveniat
2061 1658 2233 1721 quoda
2260 1674 2338 1708 me
2353 1659 2580 1727 scriptum
2600 1660 2737 1709 estin
2765 1660 2897 1727 idyll.
2929 1666 3093 1712 XXV.
3125 1665 3241 1717 216,

184 1721 218 1767 ὦ
231 1738 250 1775 ς
264 1720 366 1781 ὄνος
381 1726 432 1775 ἐν
453 1726 630 1793 ῥάμνῳ
647 1727 801 1777 verbis
810 1728 989 1794 junctis
1005 1746 1111 1779 cum
1125 1730 1416 1796 precedente
1433 1730 1699 1781 καθεύδων.

183 1795 258 1843 Sed
279 1799 425 1849 multo
447 1799 658 1851 vividior
677 1812 751 1852 est
778 1803 935 1855 oratio
959 1803 1137 1854 adscita
1163 1805 1399 1871 particula
1414 1805 1552 1856 ἀλλά.
1575 1808 1700 1853 Prai-

183 1877 290 1919 terea
306 1872 354 1921 in
376 1874 556 1925 talibus
587 1877 710 1927 locis
737 1878 970 1945 particula
1001 1880 1310 1947 comparandi
1345 1896 1443 1929 non
1482 1879 1699 1946 ponitur.

181 1946 282 1998 Vid.
303 1952 442 2001 xlv.
473 1956 562 2017 ³9.
601 1956 684 2005 51.
717 1958 836 2005 XV.
873 1955 960 2012 45.
989 1958 1072 2005 88.
1112 1960 1278 2005 xvu.
1314 1972 1366 2020 9.
1408 1958 1602 2006 xvm.
1636 1956 1700 2003 26

181 2036 274 2085 sqq.
294 2024 674 2149 (li-hstallbaum.
700 2027 752 2078 in
773 2028 903 2082 Plat.
930 2033 1097 2098 Symp.
1125 2046 1178 2098 p.
1210 2046 1324 2091 221,
1343 2034 1384 2081 E
1402 2031 1476 2097 (p.
1504 2032 1602 2087 246
1619 2028 1698 2083 ed.

177 2098 238 2143 11.
264 2099 354 2147 Gut
396 2104 460 2167 .).

233 2174 296 2237 (5)
327 2175 406 2225 Sic
431 2178 690 2235 Reiskius.
726 2180 863 2245 cujus
889 2180 1178 2231 sententiam
1210 2182 1362 2231 secuti
1397 2192 1510 2233 sunt
1543 2185 1594 2233 J.
1631 2186 1696 2233 Η.

179 2246 308 2299 Voss.
330 2259 476 2316 atque
503 2256 768 2305 Hermann.
789 2283 853 2292 —
876 2258 945 2308 V.
971 2258 1056 2308 38.
1085 2256 1287 2307 Retinui
1313 2257 1509 2323 quidem
1543 2259 1700 2321 vulga-

178 2328 276 2380 um,
299 2334 347 2373 ut
374 2326 508 2376 locus
529 2336 660 2377 certe
687 2328 886 2394 intelligi
913 2331 1094 2397 possit,
1116 2331 1200 2381 sed
1229 2332 1546 2398 corruptelam
1583 2332 1701 2382 sub-

179 2412 268 2445 tsse
288 2412 508 2466 apparet.
531 2402 795 2469 Zieglerus,
818 2406 954 2471 cujus
977 2407 1264 2473 conjecture
1283 2407 1411 2458 viam
1429 2407 1699 2457 muniverat

175 2470 392 2536 mihim,
419 2480 652 2544 proponit
682 2495 698 2527 :
735 2478 876 2543 ὄψιν,
907 2481 997 2531 τὰν
1032 2479 1181 2538 ἔςιδες
1201 2518 1217 2542 ,
1240 2482 1325 2531 καὶ
1368 2483 1437 2547 ἑῷ
1477 2482 1697 2548 μάνυσον

175 2546 354 2612 ἑταίρῳ.
371 2552 744 2603 wordsworth:
765 2552 896 2619 ὄψιν,
917 2555 1062 2617 ἄπας,
1084 2555 1192 2607 ὅσσ’
1209 2550 1325 2615 else,
1340 2558 1468 2623 λέγει
1489 2557 1696 2623 μάνυσιν

177 2621 338 2688 ἑταίρῳ
363 2627 438 2675 vel
461 2627 621 2690 λέγων
646 2628 861 2692 μάνυσεν
891 2631 1087 2696 ἑταίρῳ,
1109 2648 1402 2701 quecumque
1423 2633 1527 2702 quis
1553 2630 1694 2690 vidit,

177 2715 268 2747 caan
285 2700 409 2748 socio
435 2703 770 2763 communicas,
797 2705 905 2755 coll.
925 2708 1046 2755 XV.
1077 2708 1160 2757 25.
1187 2706 1313 2756 Mihi
1339 2708 1452 2756 olim
1477 2706 1530 2756 in
1565 2724 1698 2759 men-

176 2783 262 2825 tem
283 2776 408 2825 venit
430 2776 546 2840 ὄψιν
565 2815 580 2839 ,
607 2778 785 2844 χᾶτινα
807 2780 888 2831 σοὶ
923 2782 977 2831 δὲ
1014 2782 1146 2845 μέλει
1175 2783 1392 2847 μάνυσον
1423 2785 1602 2851 ἑταίρῳ
1619 2819 1634 2843 ,
1653 2795 1700 2833 ee

173 2868 458 2921 qnoecmque
477 2851 566 2901 tihi
590 2871 720 2902 σαι-ιε
752 2856 849 2903 sim
875 2854 1038 2905 indica
1062 2858 1208 2908 socie.
1242 2858 1336 2907 Sed
1373 2874 1500 2909 nunc
1539 2859 1700 2908 aialim

175 2929 320 2991 priore
343 2939 480 2996 parte
506 2930 792 2995 conjecturae
818 2932 1278 2983 Wordsworthianoe
1313 2934 1524 2984 adscita:
1552 2933 1663 2998 ὄψιν
1681 2950 1694 2964 ·

179 3005 288 3061 hcc
309 3008 402 3070 (vel
425 3005 561 3070 ἔτης)
587 3005 698 3058 ὅστ’
720 3001 850 3069 εἶδε,
893 3010 1023 3073 λέγει
1058 3009 1239 3074 μανῦεν
1268 3013 1446 3078 ἑταίρῳ
1462 3047 1477 3071 ,
1507 3009 1628 3060 dicit
1651 3021 1705 3060 ut

177 3079 336 3131 indices
355 3081 532 3133 sodali.
556 3110 624 3120 ·-
641 3086 706 3134 V.
733 3093 819 3141 42.
851 3087 924 3134 De
961 3085 1158 3135 notione
1195 3086 1433 3153 participii
1473 3089 1702 3152 βεδαῶτα

177 3154 272 3204 side
296 3158 607 3207 Wunderum
647 3156 698 3206 in
733 3158 883 3224 soph.
913 3160 1043 3211 ond.
1079 3160 1185 3212 Col.
1231 3163 1314 3212 52.
1345 3187 1411 3198 -
1432 3165 1498 3213 V.
1524 3171 1608 3220 ⁴4.
1642 3167 1700 3211 In

175 3231 314 3282 verbis
335 3235 437 3283 τῶν
464 3235 724 3300 τραφερῶν
755 3235 973 3301 ὠρέξατο
1004 3235 1374 3303 interpretandis
1405 3238 1700 3302 sequendum

173 3308 324 3371 putavi
347 3308 614 3378 Toylorum
641 3309 712 3374 (in
735 3310 938 3375 Briggsii
959 3311 1224 3375 editione),
1252 3312 1332 3362 cui
1359 3313 1561 3362 similem
1593 3329 1700 3362 sen·

173 3383 354 3432 oentiun
379 3383 588 3451 protulit
608 3384 900 3435 Fritzschius
937 3403 990 3453 p.
1022 3389 1107 3449 67.
1143 3416 1208 3425 —
1243 3391 1306 3438 V.
1337 3397 1422 3452 49.
1457 3388 1549 3447 Iis,
1596 3405 1704 3454 quie

165 3459 435 3510 Meioekius
475 3461 526 3509 in
570 3459 622 3510 h.
665 3460 699 3511 Ι.
747 3471 796 3511 et
833 3461 884 3510 in
915 3461 1170 3512 Addendis
1209 3463 1487 3523 admonuit,
1520 3465 1705 3514 accedit

169 3535 322 3591 κλιτῦς
345 3545 396 3585 et
417 3536 609 3594 ιλιτύν,
631 3536 764 3600 quod
791 3538 1076 3588 vocabulum
1096 3539 1261 3590 ultima
1283 3549 1500 3606 correpta
1523 3540 1702 3590 indica-

171 3606 230 3656 vit
250 3609 444 3660 Nakius
471 3611 524 3658 in
552 3614 734 3676 Opusc.
761 3617 832 3662 ΙΙ.
859 3631 910 3680 p.
945 3617 1058 3666 182.

223 3685 294 3748 (6)
328 3685 588 3736 videndus
607 3697 678 3735 est
699 3687 894 3738 Alit-ens
916 3692 990 3739 De
1012 3689 1126 3740 dial.
1151 3693 1274 3741 Dor.
1302 3707 1350 3756 p.
1381 3691 1494 3754 159.

223 3759 296 3824 (7)
331 3763 500 3824 Quum
520 3759 708 3810 codices
727 3761 970 3827 pra-,beant
983 3764 1173 3829 τρέσεις
1191 3764 1264 3812 vel
1281 3765 1520 3830 τρέσσεις,
1543 3765 1705 3831 recepi

165 3837 484 3900 mujeeturam
520 3835 804 3895 Fritzsciiii‚
831 3853 976 3902 quem
1004 3836 1111 3887 vide
1145 3855 1195 3903 p.
1221 3840 1282 3886 61
1325 3838 1384 3888 de
1411 3837 1504 3888 hoc
1532 3853 1706 3903 genere

165 3908 348 3961 dicendi
376 3910 724 3977 disputantem.

228 3987 298 4050 (8)
330 3987 550 4037 voculas
567 3987 609 4036 εἰ
634 3987 722 4050 μὲν
748 3987 842 4053 γὰρ
865 4003 926 4036 ex
951 3987 1167 4038 codicum
1193 3987 1398 4054 vestigiis
1419 3987 1544 4038 eruit
1569 3987 1706 4039 Reis-

166 4059 286 4120 kins,
307 4077 454 4127 quem
477 4071 672 4110 secutus
693 4069 764 4110 est
785 4065 836 4112 J.
875 4065 942 4113 Η.
971 4063 1168 4112 Vossius
1205 4065 1470 4128 §inhalassent
1497 4082 1546 4130 p.
1591 4081 1704 4128 190.

165 4136 416 4200 Quomodo
445 4135 768 4186 intellexerim
791 4136 932 4186 verba
955 4136 1209 4203 apparebit
1229 4155 1288 4186 ex
1305 4137 1707 4205 interpretatione

165 4211 344 4263 Latina.
371 4211 608 4274 ματεύεις
633 4209 763 4258 edidi
785 4227 846 4260 ex
867 4211 1109 4261 codicibus
1138 4223 1186 4260 et
1217 4212 1402 4263 scholio
1431 4213 1555 4264 Gaii.
1578 4214 1708 4271 ἐλπὶς

165 4286 260 4332 τῶν
283 4285 456 4336 ὕπνων
483 4301 554 4334 sc.
579 4285 733 4343 ἐστίν,
757 4285 794 4336 i.
822 4301 870 4336 e.
894 4286 1143 4352 splendida
1162 4286 1304 4352 hujus
1321 4288 1508 4352 generis
1523 4290 1708 4340 somnia

167 4360 298 4425 (τῶν
327 4361 520 4423 ὕπνων)
553 4359 754 4426 piscium
781 4375 1035 4410 aureorum
1065 4369 1112 4410 te
1139 4361 1324 4411 fallunt.

227 4441 292 4500 (9)
327 4441 400 4487 Ex
415 4437 696 4500 conjectura
709 4435 952 4502 Scaligeri‚
968 4452 1110 4501 quam
1127 4437 1280 4503 ipsam
1299 4437 1492 4489 admisit
1509 4438 1710 4489 words-

169 4513 331 4564 worth.

225 4589 300 4652 (ι)
333 4591 408 4638 Ex
434 4586 714 4650 conjectura
734 4585 924 4652 scripsi.
951 4591 1008 4636 In
1034 4603 1170 4636 versu
1194 4596 1424 4653 sequente
1449 4587 1528 4639 cd.
1548 4589 1664 4640 Διά.
1685 4593 1707 4638 1

170 4661 304 4710 habet
328 4661 610 4728 βαρὲοισιν,
644 4659 836 4724 reliqua
861 4669 1042 4710 veteres
1069 4661 1308 4710 editiones
1347 4671 1397 4710 et
1424 4661 1536 4711 libri
1564 4679 1706 4712 manu

171 4728 320 4794 scripti
366 4725 593 4794 prebent
629 4725 886 4789 βοὲεσσιν,
925 4727 1055 4790 quod
1094 4727 1364 4793 Stephanus
1407 4728 1608 4778 mutavit
1655 4728 1708 4778 in

169 4806 394 4865 βοέοισιν.
425 4800 528 4852 Sed
555 4816 654 4850 non
677 4800 836 4849 minus
855 4800 1114 4850 verisimile
1131 4810 1225 4862 est,
1253 4802 1492 4868 scripsisse
1516 4811 1706 4869 poetam

171 4879 448 4944 βορέεω-ιν.
479 4879 606 4926 Nam
644 4877 842 4926 Grecos
875 4875 928 4925 in
965 4875 1180 4942 legendis
1211 4877 1454 4928 vocabulis
1491 4879 1706 4943 βοέοισιν

168 4956 326 5022 ἱμᾶσιν
372 4953 576 5004 facilius
619 4949 784 5000 eredas
824 4951 1116 5016 cogitaturos
1164 4952 1308 5003 fnisse
1346 4953 1408 5003 de
1453 4953 1708 5005 Homerico

171 5031 378 5093 βοέοισιν
403 5030 584 5096 ἱμᾶσιν
612 5025 771 5093 (Iliad.
802 5026 876 5091 ψ’,
911 5030 1050 5092 324),
1082 5030 1166 5093 qui
1193 5046 1357 5079 sensus
1385 5028 1447 5078 ab
1479 5029 1572 5079 hoc
1604 5031 1708 5080 loco

170 5105 346 5158 alanos
363 5113 465 5159 ast.
486 5109 642 5156 Pom
665 5119 755 5170 pro
775 5103 1010 5154 libi-orum
1040 5105 1272 5170 scriptura
1295 5107 1464 5170 μέσοις
1483 5106 1708 5155 Reiskius

170 5183 352 5251 ”ipit
380 5183 562 5248 μέσας,
584 5178 732 5246 idque
753 5180 1040 5230 recentiores
1061 5180 1268 5230 editores
1290 5181 1402 5232 inde
1420 5196 1448 5231 a
1465 5181 1708 5232 Brunckio

1858 1731 1932 1795 (a)
1967 1732 2041 1784 Ci'.
2082 1731 2295 1785 Lobeck.
2328 1735 2502 1787 Pan-nn.
2538 1752 2590 1801 p.
2629 1738 2748 1787 215.
2776 1739 3045 1788 Hermann.
3074 1737 3124 1787 in
3166 1739 3317 1806 Soph.

1788 1805 1919 1855 Phil.
1947 1809 2062 1863 482.
2084 1808 2431 1860 Schneidewin.
2460 1810 2508 1858 in
2527 1810 2669 1861 Pind.
2692 1809 2832 1878 Pyth.
2855 1814 2940 1861 IV.
2966 1829 3049 1860 22.
3068 1841 3132 1850 —
3149 1818 3215 1863 V.
3237 1818 3319 1866 32.

1789 1884 1846 1929 In
1873 1880 2226 1948 interpretanda
2249 1900 2363 1933 voce
2384 1886 2633 1949 ὑπήνεμον
2655 1884 2947 1951 sequendum
2978 1887 3134 1952 putavi
3158 1887 3321 1939 Siebe—

1789 1954 1947 2005 lisium
1976 1956 2031 2006 in
2070 1961 2271 2007 Pausan.
2297 1960 2397 2010 vol.
2437 1964 2475 2008 l.
2508 1977 2561 2025 p.
2595 1961 2713 2010 255.
2752 1958 2983 2010 Similiter
3017 1962 3115 2026 jam
3158 1964 3322 2013 statuit

1788 2029 2025 2096 Pilencjus
2042 2030 2092 2079 in
2121 2030 2172 2081 h.
2196 2032 2228 2081 1.
2698 2050 2707 2058 ·

1854 2104 1926 2170 (3)
1959 2105 2038 2154 Sic
2058 2106 2275 2171 Zieglero
2295 2114 2489 2157 auctore
2506 2108 2715 2175 optimus
2725 2114 2840 2161 Vat.
2865 2115 2931 2161 A.
2959 2114 3109 2161 Recte
3128 2112 3319 2177 opinor.

1787 2180 1991 2229 Molesta
2008 2180 2136 2229 enim
2158 2189 2227 2230 est
2254 2180 2482 2247 particula
2503 2184 2610 2239 πὸς
2628 2182 2840 2233 hocloco
2858 2184 3133 2250 postposita.
3153 2190 3323 2251 Itaque

1787 2251 1974 2319 signum
1997 2255 2323 2320 interrogandi
2344 2272 2453 2305 cum
2476 2256 2687 2323 Briggsio
2705 2256 2875 2320 delevi,
2906 2258 2953 2307 id
2975 2259 3103 2323 quod
3128 2259 3320 2309 conciu-

1788 2329 1915 2378 nitas
1934 2329 2081 2379 totius
2105 2329 2197 2379 loci
2222 2332 2541 2383 commendat.
2567 2335 2691 2383 Nam
2719 2336 2927 2399 Amycus
2958 2350 3057 2383 non
3093 2333 3191 2384 alio
3218 2334 3321 2384 loco

1788 2402 1931 2471 hujus
1952 2402 2180 2470 colloquii
2216 2404 2472 2472 respondet
2498 2423 2585 2474 per
2621 2406 3057 2472 interrogationem.
3092 2410 3184 2457 Hic
3218 2409 3321 2475 pari

1785 2477 2021 2527 orationis
2040 2478 2417 2544 conformatione
2437 2480 2604 2548 juncta
2626 2490 2737 2531 sunt
2757 2484 2925 2549 θάρσει
2951 2492 3095 2548 atque
3127 2483 3320 2549 θαρσέω

1787 2562 1838 2603 et
1849 2554 1991 2620 χαῖρε
2009 2550 2155 2619 alque
2172 2554 2347 2621 χαίρω.
2362 2555 2536 2605 Verbis
2554 2556 2711 2623 χαίρω
2725 2574 2831 2613 πως
2845 2559 2950 2607 xri.
2975 2556 3093 2607 dicit
3111 2561 3323 2623 Amycus

1785 2646 1838 2679 se
1859 2630 2064 2695 gaudere
2088 2646 2173 2697 spe
2194 2646 2329 2681 nove
2354 2630 2579 2694 victoria,
2607 2633 2989 2698 quandocunque
3025 2631 3081 2681 in
3118 2648 3323 2698 conspe·

1787 2714 1916 2754 ctum
1934 2721 2072 2754 suum
2093 2704 2288 2754 veniant
2302 2706 2557 2771 peregrini.
2572 2710 2720 2757 Porro
2740 2709 2856 2770 v.59
2872 2705 3015 2755 verba
3029 2703 3202 2763 τοιόςδ*
3215 2700 3319 2757 οἷον

1789 2780 1910 2847 ὁρᾷς
1936 2780 2175 2846 postulare
2195 2778 2448 2839 videntur,
2482 2790 2535 2830 ut
2566 2780 2877 2847 interrogatio
2907 2781 3174 2847 procedam
3204 2798 3323 2847 qua-

1791 2863 1987 2921 propter
2026 2863 2205 2903 servata
2245 2854 2475 2903 librorum
2524 2854 2759 2923 scriptura
2792 2852 2827 2918 ἢ
2882 2865 2987 2923 post
3046 2856 3323 2923 ὑπερόπτης

1787 2929 1976 2994 signum
2002 2929 2332 2994 interrogandi
2355 2929 2511 2997 adjeci
2536 2941 2776 2997 praeunte
2802 2929 3035 2996 Briggsio.

1857 3009 1930 3069 (4)
1964 3005 2107 3054 Multi
2142 3005 2403 3071 probarunt
2424 3005 2613 3056 neiskii
2650 3007 2999 3072 conjecturam,
3034 3021 3141 3072 quai
3176 3005 3322 3056 violat

1791 3089 2015 3131 metrum.
2040 3081 2238 3132 Codices
2274 3091 2321 3156 et
2344 3091 2458 3132 vett.
2492 3083 2603 3132 edd.
2642 3082 2822 3132 habent
2858 3081 3017 3146 ἀμὸς,
3062 3080 3189 3146 quod
3218 3099 3321 3131 cor-

1789 3168 1985 3222 ruptum
2008 3155 2196 3206 videtur
2217 3172 2277 3206 ex
2303 3157 2437 3222 ἐμός,
2457 3166 2601 3223 atque
2616 3156 2732 3208 inde
2750 3155 2918 3207 effluxi
2940 3157 3035 3214 ἑός.
3063 3155 3137 3206 Cf.
3168 3172 3214 3207 v.
3243 3175 3267 3216 7
3282 3175 3321 3214 1,

1792 3230 1921 3280 unde
1938 3230 2131 3281 forsitan
2158 3248 2421 3298 pronomen
2451 3233 2569 3298 ἐμὸς
2596 3232 2647 3282 in
2682 3232 2810 3282 hunc
2846 3232 3001 3280 locum
3040 3239 3217 3280 temere
3238 3231 3325 3280 im-

1793 3305 2033 3371 migravit.
2058 3307 2183 3356 Infra
2201 3323 2248 3359 v.
2284 3311 2374 3370 173
2392 3306 2621 3357 librorum
2645 3307 2878 3375 scriptura
2901 3307 3020 3370 ἐμὸς
3039 3304 3100 3354 ab
3122 3309 3187 3354 Is.
3208 3309 3328 3354 Ves-

1791 3381 1862 3430 sio
1883 3381 2107 3432 similiter
2128 3391 2308 3434 mutata
2328 3393 2397 3432 est
2424 3384 2475 3434 in
2499 3383 2594 3443 ἑός,
2617 3383 2678 3433 ad
2704 3399 2847 3450 quam
2868 3397 3035 3432 vocem
3060 3380 3201 3430 simul
3221 3399 3325 3448 per-

1793 3455 1949 3505 tinere
1974 3472 2071 3504 non
2100 3456 2347 3518 'immerito
2382 3457 2479 3506 visa
2506 3467 2577 3508 est
2613 3457 2825 3525 Briggsio
2862 3456 3109 3523 scripturae
3146 3454 3323 3504 discre-

1793 3530 1955 3596 pantia
1978 3532 2101 3592 ἐών,
2123 3549 2228 3597 quae
2264 3549 2291 3581 a
2314 3532 2589 3582 Gaisl'ordio
2623 3531 2682 3582 ad
2710 3549 2757 3584 v.
2800 3550 2894 3594 ¹7⁰
2932 3549 2991 3581 ex
3033 3531 3145 3582 Ald.
3184 3523 3322 3594 all&

1793 3616 1880 3656 est.
1908 3609 2131 3658 Ceterum
2150 3609 2211 3656 de
2232 3607 2325 3657 hoc
2350 3625 2435 3657 usu
2460 3607 2756 3674 pronominis
2779 3608 2858 3665 ἑός
2876 3607 2941 3657 cf.
2965 3612 3031 3658 V.
3052 3625 3104 3658 a.
3128 3610 3319 3658 xm.

1797 3684 1879 3733 36.
1909 3686 2126 3734 xxvn.
2152 3687 2235 3741 43.
2261 3683 2380 3732 Vult
2400 3682 2560 3732 dicere
2579 3682 2673 3732 hoc
2698 3683 2802 3732 loco
2826 3687 3070 3748 Amycus:
3096 3699 3127 3730 a
3161 3693 3206 3730 te
3232 3699 3324 3748 ego

1789 3755 1935 3824 pugil
1954 3774 2049 3805 non
2086 3759 2264 3806 vincar.
2290 3761 2351 3807 Et
2370 3756 2425 3807 in
2460 3757 2551 3806 hnc
2583 3773 2773 3823 quoque
2807 3756 3049 3807 locutione
3090 3757 3325 3806 rusticitas

1797 3848 1983 3882 morum
2012 3831 2265 3900 conspicua
2287 3837 2511 3885 este—V.
2540 3850 2649 3897 109.
2674 3831 2835 3882 Verba
2860 3831 2952 3888 ἔξω
2968 3833 3134 3898 χεῖρας
3158 3831 3326 3896 ἐνώμα

1795 3908 2001 3973 αὐχένος
2022 3925 2121 3958 non
2140 3907 2405 3972 intelligere
2430 3925 2505 3957 me
2526 3908 2706 3966 fateor,
2730 3923 2883 3972 neque
2909 3907 2992 3971 qui
3024 3915 3132 3972 apte
3170 3905 3324 3972 expli-

1796 3982 1971 4032 caverit
1991 3981 2171 4032 inveni.
2195 4011 2259 4020 —-
2281 3987 2342 4030 V.
2375 4000 2483 4034 ιτα.
2508 3981 2785 4032 Meiuekius
2813 3981 2862 4030 in
2892 3979 3200 4030 adnotatione
3235 3981 3322 4029 du-

1797 4055 2010 4106 bitanter
2050 4057 2299 4123 proposuit
2338 4058 2520 4123 σάρκες
2563 4059 2633 4119 τῷ
2671 4058 2759 4121 μέν
2801 4058 2871 4106 vel
2907 4056 3089 4122 σάρκες
3122 4048 3173 4106 οἵ
3207 4055 3292 4118 μέν
3307 4092 3321 4114 ,

1797 4146 2001 4194 quorum
2019 4131 2250 4198 posterius
2264 4131 2451 4180 admisit
2474 4131 2729 4197 Zieglerus.
2748 4130 2877 4200 Mihi
2894 4129 3087 4195 quidem
3106 4129 3321 4178 oninium

1795 4205 2027 4255 librorum
2052 4204 2286 4272 scriptura
2310 4206 2503 4256 defendi
2534 4224 2670 4273 posse
2702 4206 2770 4256 ita
2812 4205 3029 4263 videtur,
3064 4213 3117 4254 ut
3142 4204 3323 4270 σάρκες

1795 4279 1850 4328 δὲ
1880 4280 1943 4328 de
1967 4289 2167 4345 utroque
2192 4297 2295 4330 esse
2318 4281 2499 4331 dictum
2525 4291 2797 4340 statuamus,
2821 4279 2857 4330 i.
2887 4296 2931 4327 e.
2970 4278 3032 4328 de
3066 4283 3249 4344 Amyco
3274 4288 3323 4328 et

1796 4355 2005 4414 Polluce,
2026 4366 2169 4420 atque
2188 4365 2241 4404 ut
2266 4365 2424 4422 postea
2448 4366 2587 4422 poeta
2614 4354 2831 4405 oratione
2851 4353 3072 4402 translata
3098 4369 3127 4402 a
3149 4369 3204 4402 re
3229 4361 3326 4402 sta-

1799 4428 1884 4478 tim
1912 4429 1970 4478 ad
1990 4429 2143 4496 ipsam
2158 4447 2406 4498 personam
2426 4441 2679 4496 utrumque
2696 4427 2967 4478 distinxisse
2987 4427 3221 4494 cogitetur
3239 4445 3325 4494 per

1797 4506 1846 4554 αἱ
1867 4505 1954 4568 μέν
1976 4514 2023 4553 et
2047 4508 2074 4554 ὁ
2099 4505 2151 4554 δέ
2169 4521 2228 4554 ex
2250 4505 2333 4555 illo
2354 4504 2545 4555 dicendi
2566 4520 2753 4571 genere,
2772 4502 2835 4552 de
2849 4519 2942 4568 quo
2959 4518 3105 4568 quum
3131 4503 3319 4552 Dissen.

1796 4579 1851 4628 in
1867 4579 2120 4630 Demosth.
2147 4580 2207 4629 de
2226 4585 2405 4632 Coron.
2429 4597 2479 4646 p.
2499 4582 2617 4640 237.
2640 4577 2855 4629 Nitzsch.
2888 4577 2941 4626 iu
2966 4577 3139 4644 odyss,
3161 4579 3222 4642 μ’,
3240 4581 3319 4638 73.

1795 4653 1878 4705 alii
1914 4665 2267 4722 exposuerunt,
2289 4665 2391 4705 tum
2425 4653 2769 4705 accuratissime
2799 4651 3020 4702 disseruit
3052 4650 3321 4704 Melellaom.

1796 4734 1871 4779 De
1894 4729 2194 4795 appositione
2219 4728 2269 4777 in
2294 4733 2459 4778 Graeca
2481 4729 2660 4792 lingua.
2683 4728 2823 4792 Glog.
2866 4728 3009 4775 1838.
3033 4725 3213 4775 Eadem
3232 4726 3323 4775 hu—

1791 4804 1870 4868 jus
1894 4803 1987 4852 loci
2010 4803 2281 4869 explicatio,
2306 4819 2451 4868 quam
2474 4802 2617 4852 modo
2638 4801 2861 4857 indicavi,
2876 4801 2973 4865 jam
2994 4800 3123 4859 latet,
3148 4809 3199 4849 ut
3218 4800 3323 4866 opi-

1796 4895 1904 4938 nor,
1928 4878 1977 4928 in
1998 4880 2149 4944 glossa
2170 4884 2392 4930 Laurent.
2412 4901 2437 4920 α
2458 4881 2507 4927 αἱ
2530 4879 2634 4943 μέν,
2652 4877 2889 4944 γράφεται
2910 4873 3016 4926 τοῦ
3040 4877 3161 4940 μέν,
3182 4877 3323 4940 'Apti-

1797 4973 1891 5005 κου
1910 4977 1961 5016 υ,
1994 4954 2045 5003 in
2074 4970 2167 5020 qua
2206 4954 2355 5020 glossa
2387 4953 2623 5003 invenisse
2649 4951 2743 5002 sibi
2779 4951 2907 5000 visus
2934 4959 3007 5000 est
3038 4950 3323 5000 Fritzsclu'us

1799 5035 1874 5081 De
1900 5038 2029 5098 poet.
2070 5032 2155 5080 Gr.
2186 5029 2345 5080 bucol.
2374 5045 2423 5095 p.
2455 5030 2518 5077 56
2552 5027 2807 5094 genuinam
2844 5033 2997 5092 poeta
3022 5024 3321 5092 scripturam.

1797 5108 1891 5156 Sed
1917 5105 2037 5155 mihi
2058 5104 2176 5154 illud
2206 5105 2445 5171 γράφεται
2464 5102 2557 5153 boc
2583 5103 2720 5164 loco,
2756 5109 2810 5150 ut
2830 5099 2947 5150 alibi
2982 5116 3323 5166 nonnunquam

1797 5181 1879 5245 (cf.
1906 5178 2179 5246 Bernhardy
2198 5179 2249 5230 in
2274 5178 2387 5230 locis
2406 5195 2435 5229 a
2456 5177 2699 5228 Lobeckio
2726 5177 2781 5226 in
2802 5173 2953 5243 Soph-
2980 5176 3117 5242 Ajac.
3146 5191 3197 5228 ν.
3228 5177 3327 5262 6ιὲ

3070 5257 3127 5318 ό.
