3767 5825
1307 421 1388 481 IN
1431 420 1876 483 MANETHON.
1930 424 2226 485 LIBRUM
2274 427 2374 485 Vl.

119 530 126 537 ⁴
242 545 466 621 quidem
513 559 793 625 suspecta.
851 544 1055 622 Itaque
1109 544 1396 624 ἕφέπηται,
1445 542 1800 623 ἃλίπλαγκτόν

241 634 483 711 praetuli.

317 731 446 801 499.
467 722 586 781 κατ’
605 721 760 781 αὐτὸν
775 721 905 794 GH,
921 725 1038 781 καθ’
1060 724 1218 781 αὑτοῦ
1244 724 1336 784 ed.
1355 742 1388 779 e
1407 720 1563 799 conj.
1585 722 1638 779 D
1657 723 1798 794 640,

243 812 598 888 pronominis
623 811 808 870 forma
825 810 1037 870 Nostro
1063 811 1356 883 inaudita;
1385 812 1502 869 κατ’
1525 809 1652 867 αὐτὸ
1669 830 1798 870 nos,

315 900 446 958 501.
477 902 684 979 ὀλοῇσιν
710 903 960 965 ἐπακταῖς
984 898 1060 971 G,
1085 902 1130 959 ὀ.
1159 901 1242 957 ἐπ’
1269 901 1452 965 ἀκταῖς
1487 898 1538 955 Η
1569 898 1664 958 ed.
1699 886 1802 956 Pi'-

239 1002 382 1048 ratas
401 990 530 1048 sine
547 988 731 1047 dubio
753 989 1062 1065 intelligit3
1087 988 1189 1047 sed
1213 1009 1318 1047 cur
1341 988 1534 1047 nautis
1557 987 1618 1045 hi
1644 986 1706 1045 in
1728 987 1801 1044 li·

237 1076 459 1137 toribus
487 1090 732 1151 tantum,
759 1098 876 1135 non
904 1079 964 1135 in
994 1078 1144 1135 mari
1165 1076 1554 1136 insidientur?
1579 1075 1801 1155 Scripsi

236 1167 400 1233 ὀλοαῖς
425 1166 512 1225 ὑπ’
539 1168 741 1232 ἰωκαῒς.

312 1254 450 1313 503.
487 1254 608 1331 πρίν
636 1277 696 1333 γε
725 1254 884 1330 edd.,
909 1252 1028 1334 πρίν
1057 1276 1114 1312 τε
1143 1274 1270 1314 005.

312 1344 450 1405 506.
471 1343 530 1415 ἠὲ
557 1346 771 1425 ῥυθμοῒο
791 1343 840 1399 Η
863 1343 1024 1416 edd.,
1051 1342 1327 1424 εὖρύθμοιο
1350 1360 1458 1400 nos
1484 1361 1517 1398 e
1545 1339 1703 1418 conj.
1728 1345 1797 1400 A.

312 1432 446 1505 507.
479 1430 670 1513 ἄνδρας
690 1430 864 1498 ἐόντας
887 1431 1045 1504 edd.,
1072 1430 1241 1512 ἴδριας
1260 1428 1410 1497 ὄντας
1429 1450 1537 1488 nos
1565 1453 1578 1487 :
1609 1426 1797 1500 cf.‘11,

237 1522 367 1579 335.
400 1519 498 1597 lv,
536 1523 668 1579 186.

313 1610 449 1668 508.
477 1614 661 1683 θῆκαν,
685 1608 720 1681 ἢ
744 1609 876 1681 GH,
905 1612 1094 1686 θῆκαν,
1126 1606 1217 1667 καὶ
1237 1609 1353 1681 ed.‚
1377 1604 1615 1680 θήκαντ’,
1639 1604 1801 1677 finos

233 1719 262 1756 e
287 1698 442 1776 conj.
467 1696 520 1757 D
549 1699 688 1758 680.
715 1732 796 1743 —
813 1694 1004 1765 λάλους
1032 1696 1195 1770 edd.,
1227 1696 1406 1762 λάλοις
1431 1714 1558 1754 nos.

311 1788 447 1849 538.
491 1785 782 1867 ἀγείρονται
805 1786 968 1861 edd.,
998 1785 1288 1864 ἀγείροντες
1311 1805 1418 1844 nos
1455 1804 1469 1845 ε
1503 1784 1624 1842 vid.
1658 1804 1798 1863 299,

232 1878 378 1950 656,
403 1895 477 1935 ne
500 1878 778 1937 Nostrum
801 1895 835 1932 a
853 1874 1140 1932 constanti
1163 1894 1274 1932 usu
1301 1872 1581 1931 defecisse
1609 1886 1797 1951 putes.

227 1963 298 2022 Et
351 1966 404 2023 si
449 1962 704 2021 medium
752 1975 906 2020 recte
933 1960 1203 2034 haberet,
1248 1962 1422 2020 etiam
1452 1961 1800 2019 insolentio-

227 2072 350 2110 rem
399 2054 552 2111 ferre
597 2049 940 2111 deberemus
981 2050 1376 2109 accusativum
1432 2048 1620 2115 πόλιας
1658 2045 1800 2106 πλά-

227 2145 423 2209 ζονται.

310 2230 450 2301 543.
494 2230 549 2288 ἐν
585 2228 872 2309 στέρνοισιν
902 2228 1057 2301 edd.,
1082 2228 1241 2307 quod
1284 2246 1632 2306 quamquam
1659 2246 1801 2305 pro·

227 2331 357 2396 pter
377 2316 576 2399 ,τέχνας
604 2318 836 2377 defendi
873 2329 1090 2397 potest,
1121 2330 1312 2375 tamen
1334 2317 1435 2374 vix
1458 2336 1660 2375 sanum
1691 2328 1796 2373 est.

227 2408 277 2462 A
316 2406 617 2487 αἰθερίοισιν
649 2406 742 2465 vel
771 2404 1052 2476 ἀενάοισιν,
1089 2404 1135 2463 R
1177 2402 1487 2480 οὐρανίοισιν
1533 2405 1715 2481 conj„
1747 2416 1803 2461 et

227 2509 478 2574 possunt
513 2497 628 2554 alia
663 2496 893 2555 tentari.
938 2493 1050 2553 Sed
1091 2494 1589 2573 simplicissimum
1633 2506 1720 2551 est
1750 2494 1801 2550 ἐν

224 2584 551 2665 σφετέροισιν
579 2606 594 2643 :
626 2586 698 2643 cf.
722 2587 837 2642 226
867 2582 1263 2662 ἅλημοσύνῃσιν
1285 2586 1449 2663 ἑῇσιν,
1482 2595 1540 2640 et
1563 2581 1634 2640 de
1655 2600 1803 2660 prae·

223 2674 522 2751 positione
552 2674 604 2730 ἐν
618 2674 738 2747 jam
761 2692 940 2751 supra
964 2671 1203 2730 dictum.

307 2762 447 2831 544.
479 2761 530 2820 δ’
552 2760 744 2833 ἤπειτα
765 2761 921 2832 edd.,
950 2758 1012 2831 δὴ
1037 2758 1219 2818 ἔπειτα
1249 2759 1400 2837 conj.
1425 2758 1528 2817 AR
1553 2758 1613 2816 in
1633 2761 1799 2838 praef.

223 2872 284 2930 p.
316 2871 519 2925 nvn3
550 2869 657 2908 nos
686 2848 730 2908 δ’
757 2847 843 2929 ἄρ’
868 2849 1049 2908 ἔπειτα
1065 2849 1451 2928 praetulimus.

305 2939 450 3008 554.
479 2937 687 3019 Ἑρμῆν
709 2938 867 3012 edd.,
892 2937 1097 3021 Ἑρμῆς
1116 2959 1243 3000 nos.

302 3031 444 3088 560.
462 3030 810 3109 παραὸλῆτας
822 3029 954 3089 edd.
959 3077 976 3102 ‚
988 3030 1342 3110 παραπλῆγας
1361 3047 1468 3087 nos
1488 3046 1560 3086 ex
1573 3028 1799 3089 emend.

217 3116 509 3176 Lobeckii
532 3117 743 3176 Parall.
768 3138 858 3194 gr.
892 3115 997 3176 Gr.
1023 3138 1082 3197 p.
1112 3121 1247 3190 237.

302 3207 450 3264 563.
482 3204 576 3264 σύν
603 3228 660 3264 τε
687 3203 827 3277 GH,
855 3205 1015 3283 quod
1045 3206 1313 3279 restitui3
1341 3203 1434 3263 σύν
1464 3227 1523 3283 γε
1547 3205 1636 3264 ed.

305 3295 449 3353 568.
477 3293 693 3352 Errore
717 3294 769 3352 ἐν
796 3306 928 3350 ante
957 3291 1154 3374 κέντρῳ
1183 3294 1397 3370 legitur
1427 3295 1488 3352 in
1522 3294 1618 3354 ed.

302 3383 448 3456 575.
479 3405 535 3441 τε
563 3383 696 3455 GH,
722 3384 883 3460 quod
905 3383 1164 3456 restitui3
1187 3405 1248 3462 γε
1272 3383 1365 3441 ed.
1395 3415 1476 3428 —
1498 3382 1619 3464 φάει
1641 3383 1799 3458 edd.,

215 3475 362 3553 φανῇ
395 3491 524 3531 nos·

301 3563 447 3634 577.
482 3559 637 3618 ὄστεα
663 3557 728 3630 δὴ
751 3557 933 3626 νώτοις
959 3557 1223 3640 σφετέροις
1243 3559 1513 3639 φορέουσιν
1534 3561 1620 3619 ἐπ’
1639 3557 1803 3638 ὤμοις

213 3647 354 3720 GH,
381 3645 547 3724 ὥμοις
572 3647 632 3719 J,
673 3645 829 3705 ὀστέα
854 3647 918 3717 δὴ
939 3645 1105 3707 νώτου
1140 3671 1192 3709 σ.
1215 3671 1272 3729 φ.
1304 3649 1350 3708 ἐ.
1385 3645 1447 3707 ὤ.
1470 3649 1560 3708 ed.
1579 3693 1595 3721 ,
1627 3669 1801 3708 sensu

208 3755 506 3816 perquam
533 3735 815 3812 gibbos0,
838 3748 904 3793 ut
924 3737 1006 3794 ita
1022 3736 1232 3808 dicam,
1257 3756 1426 3814 quem
1462 3750 1654 3796 tamen
1676 3739 1798 3816 jam

209 3825 509 3882 intulerat
536 3825 588 3882 D
621 3826 733 3883 681
766 3822 829 3893 δὴ
859 3822 1036 3882 νώτων
1067 3826 1156 3882 vel
1190 3825 1254 3894 δὴ
1277 3824 1320 3881 ’ν
1344 3823 1519 3891 νώτοις
1552 3828 1626 3902 (i.
1657 3847 1708 3886 e.
1738 3826 1800 3898 δὴ

209 3915 265 3970 ἐν
292 3917 369 3972 m!
400 3913 418 3989 )
448 3911 838 3990 conjiciendo.
861 3911 1046 3971 Multo
1073 3913 1282 3971 melius
1301 3912 1541 3988 Weigel.
1567 3914 1630 3972 in
1650 3915 1797 3976 Add.

207 4001 286 4059 ad
317 3999 669 4060 Schneideri
699 3999 898 4059 Lexic.
924 4021 984 4078 p.
1015 4001 1092 4078 69
1121 4001 1349 4068 δινωτοῖς
1385 4001 1656 4078 conjecit.
1684 4003 1801 4062 Nec

207 4101 418 4146 tamen
444 4107 576 4145 ossa
604 4087 708 4145 illa
732 4087 964 4165 placent
983 4088 1181 4146 curvis
1209 4088 1470 4146 humeris
1500 4089 1793 4168 imposita.

207 4181 433 4240 Fateor
463 4181 633 4260 plura
667 4181 880 4240 tentari
909 4200 1106 4259 posse,
1141 4195 1206 4240 ut
1250 4181 1380 4240 ὔὸεα
1421 4183 1514 4240 vel
1543 4180 1678 4264 ὕψεσι
1707 4187 1795 4243 vel

201 4267 412 4348 ὄχθους
450 4268 680 4334 δινωτοῑς
723 4281 832 4330 etc.
879 4267 992 4326 Sed
1023 4270 1204 4328 satius
1247 4270 1387 4328 duxi
1431 4268 1529 4328 hic
1567 4291 1800 4350 quoque

205 4358 545 4416 Homerum
589 4357 790 4434 sequi,
836 4377 870 4415 a
899 4377 1018 4434 quo
1051 4356 1362 4417 Thersiten
1403 4360 1675 4418 similiter
1700 4362 1797 4421 de-

204 4443 413 4506 scribi
439 4456 634 4522 patet:
666 4442 742 4502 τὼ
771 4443 828 4502 δέ
849 4447 894 4504 οἱ
929 4442 1064 4522 ὤμω
1095 4448 1288 4525 Κυρτὼ
1311 4445 1398 4505 ἐπὶ
1430 4451 1614 4520 στῆθος
1644 4473 1798 4509 συνο-

197 4533 446 4616 χωκότε.
478 4534 630 4593 Hine
656 4533 868 4614 scripsi
899 4533 1019 4602 ὀξέα
1048 4535 1293 4602 δινωτοὺς
1320 4535 1550 4615 στέρνοις
1578 4539 1796 4619 φορέου-

201 4647 294 4680 σιν
321 4622 416 4681 ἔπ’
433 4618 630 4700 ὤμους,
658 4622 702 4684 ἰ.
723 4643 775 4684 e.
801 4621 1062 4683 humeros
1079 4637 1306 4699 gestant
1318 4639 1480 4682 acute
1501 4633 1558 4682 in
1571 4642 1800 4702 pectora

197 4724 491 4772 cur-«uscos.

297 4801 448 4859 580.
486 4799 884 4878 ἀποτμήγουσιν
905 4801 1036 4874 (ΞΗ,
1061 4801 1422 4880 dammi-fou&
1440 4801 1504 4860 ἰδ’
1528 4804 1620 4864 ed.
1628 4851 1644 4878 ,
1671 4807 1798 4865 ἀπο-

195 4887 514 4968 τμήγοντες
537 4907 667 4960 nos,
688 4901 755 4947 ut
776 4888 900 4948 haec
919 4911 1051 4948 cum
1072 4910 1203 4968 sqq.
1233 4903 1289 4948 et
1308 4889 1493 4950 verbo
1515 4892 1679 4949 linito
1699 4892 1800 4971 γεί·

196 4997 406 5036 νονται
432 4975 496 5034 in
520 4995 698 5035 unam
726 4976 1179 5058 descriptionem
1198 4980 1544 5056 jungantur.

295 5065 448 5124 582.
490 5063 748 5142 γείνονται
797 5065 936 5141 GH,
997 5068 1155 5147 quod
1214 5068 1438 5127 restitui
1461 5091 1476 5141 3
1531 5068 1795 5147 γίγνονται

193 5155 314 5212 ΑΒ
327 5197 347 5224 ,
377 5153 452 5210 ad
471 5153 630 5231 quod
649 5154 1018 5214 scribendum
1039 5156 1223 5215 adacti
1243 5170 1407 5214 erant
1425 5157 1606 5216 verbo
1627 5159 1795 5218 finito

193 5240 626 5320 ἀποτμήγουσιν
651 5262 832 5321 supra
857 5245 1108 5303 intruso.

3230 446 3451 489 xxxvl!

1975 546 2114 616 584.
2151 545 2359 615 ἔτευξαν
2378 546 2535 620 edd.,
2560 545 2759 616 ἔτευξεν
2788 568 2910 607 noe.

1976 634 2112 713 592.
2136 636 2217 693 ἀεὶ
2242 635 2396 707 edd.,
2430 634 2547 693 ἅδεν
2578 656 2708 707 nos,
2730 638 3006 714 quoniam
3031 638 3276 699 verbum
3302 645 3456 705 desi-

1892 724 2087 782 derari
2115 723 2447 785 videbatur.
2484 724 2597 782 Sed
2634 724 2789 782 haud
2826 726 2950 783 scio
2987 746 3061 785 an
3092 741 3226 805 post
3272 730 3457 812 κύπρις

1893 810 2218 870 addendum
2249 812 2326 869 sit
2350 812 2421 873 ἐν.

1974 902 2089 977 598
2118 922 2208 979 sq.
2249 898 2283 970 ἢ
2305 898 2360 969 ἐξ
2382 902 2549 979 ὑγρῶν
2576 900 2627 958 H
2647 900 2780 960 edd.
2806 900 2926 960 Hos
2946 902 3093 963 duos
3112 924 3315 967 versus
3330 912 3457 969 nul·

1891 989 1967 1049 lis
1990 989 2273 1048 machinis
2302 989 2371 1047 ad
2403 991 2603 1067 priora
2630 990 2857 1047 adnecti
2887 1011 3061 1068 posse
3095 1007 3272 1071 patet.
3307 998 3459 1058 Hinc

1894 1079 1991 1137 AR
2010 1093 2319 1155 utrumque
2334 1079 2502 1137 uncis
2515 1079 2893 1140 incluserunt.
2920 1081 3041 1139 Hoc
3056 1102 3201 1141 vero
3217 1099 3273 1143 et
3290 1086 3457 1148 facile

1877 1188 2001 1241 ‚nec
2026 1166 2364 1247 probabile,
2392 1186 2571 1243 quum
2599 1179 2654 1224 et
2679 1167 2921 1225 omnino
2940 1168 3049 1226 hos
3072 1168 3261 1229 libros
3281 1176 3458 1233 inter-

1891 1254 2289 1335 polationibus
2307 1274 2548 1334 prorsus
2570 1274 2785 1312 vacuos
2808 1255 3152 1328 viderimus,
3176 1279 3283 1318 nec
3302 1263 3455 1343 ulla,

1892 1346 1969 1403 ob
2002 1364 2177 1423 quam
2212 1342 2310 1402 hic
2339 1343 2653 1422 peculiaris
2686 1363 2777 1401 res
2820 1344 3121 1422 interjecta
3144 1347 3257 1420 sit,
3286 1370 3459 1411 causa

1886 1434 2208 1509 ,excogitari
2250 1434 2449 1513 possit.
2485 1432 2633 1490 Hinc
2661 1444 2805 1512 puto
2833 1433 3007 1490 aliam
3034 1432 3133 1492 hic
3170 1456 3460 1501 memora-

1894 1536 2006 1582 tam
2037 1523 2215 1580 fuisse
2242 1520 2762 1589 constellationem,
2799 1540 2972 1598 quam
3003 1522 3458 1599 deprehendisse

1892 1612 2036 1669 mihi
2074 1611 2280 1669 videor
2307 1630 2367 1670 v.
2402 1610 2541 1681 600,
2570 1628 2741 1687 quem
2776 1609 3013 1687 quidem
3040 1610 3135 1669 his
3170 1619 3455 1691 praemisi.

1892 1700 1979 1760 Cf.
2010 1720 2139 1779 quae
2164 1699 2237 1758 ad
2260 1717 2392 1757 eum
2417 1698 2638 1757 notavi.
2670 1696 2784 1756 Sed
2807 1698 2951 1776 quid
2991 1699 3356 1765 discriminis
3384 1710 3460 1767 sit

1892 1789 2045 1847 inter
2069 1790 2240 1868 ὑγρῶν
2264 1784 2463 1844 νούσων
2496 1797 2553 1843 et
2581 1784 2877 1866 καθύγρων,
2906 1806 3078 1845 nemo
3104 1788 3271 1850 facile
3294 1794 3459 1854 dixe-

1893 1876 2003 1948 rit,
2032 1889 2091 1935 et
2136 1874 2411 1933 mendum
2456 1872 2693 1932 subesse
2738 1874 3025 1933 clamabat
3072 1882 3457 1960 apostrophus

1892 1963 1927 2037 ἢ
1950 1962 2010 2033 'L
2030 1964 2226 2035 Quare
2247 1959 2285 2034 ἢ
2309 1961 2475 2041 ξηρῶν
2500 1961 2729 2041 scripsi.
2764 1961 2929 2021 Haud
2952 1964 3076 2021 scio
3103 1983 3177 2023 an
3204 1964 3326 2027 haec
3344 1969 3459 2028 cla·

1894 2051 2077 2125 desV,
2112 2074 2216 2130 191
2246 2062 2638 2109 memoretur:
2664 2048 3077 2130 φρυγομένων
3102 2059 3311 2135 σαρκῶν
3334 2060 3461 2117 ὑπο-

1892 2141 2110 2213 τήκεται
2133 2140 2322 2205 αἴθινος
2341 2137 2497 2218 ἀνήρ.
2519 2137 2745 2217 Saepius
2765 2150 2954 2196 autem
2970 2138 3169 2199 νούσων
3187 2143 3460 2225 καθύγρων

1894 2231 2112 2291 mentio
2138 2228 2408 2307 injicitur
2433 2225 2543 2303 211,
2570 2227 2708 2297 346,
2734 2239 2790 2283 et
2807 2227 3081 2305 pluribus
3100 2228 3147 2300 l,
3180 2252 3201 2287 1
3218 2231 3458 2310 55-157,

1897 2353 1971 2365 —
1993 2320 2107 2397 599
2128 2320 2334 2378 τελεῦσι
2352 2315 2516 2388 edd.,
2543 2317 2750 2373 τελοῦσι
2772 2335 2898 2373 nos».

1974 2410 2109 2469 600.
2126 2430 2182 2467 τε
2202 2406 2365 2478 edd.,
2384 2404 2437 2465 δὲ
2458 2423 2587 2463 nos.
2622 2404 2787 2463 Hunc
2809 2424 3045 2464 versum
3066 2428 3195 2466 cum
3218 2430 3449 2491 sequen.

1895 2498 2050 2559 tibus
2064 2497 2236 2576 jungi
2258 2515 2377 2554 non
2392 2513 2565 2574 posse
2580 2540 2595 2568 ,
2618 2492 2929 2573 abruptum
2952 2496 3305 2558 demonstrat
3332 2523 3461 2562 ora-

1896 2588 2074 2647 tionis
2106 2586 2300 2658 filum,
2339 2597 2397 2642 et
2432 2583 2733 2661 particulae
2774 2602 2905 2660 quae
2937 2599 3261 2662 sequuntur
3294 2586 3362 2662 ἢν
3390 2590 3457 2653 δ’.
3530 2659 3537 2665 ,

1898 2676 2045 2733 Hinc
2071 2694 2131 2753 y.
2163 2686 2295 2733 ante
2324 2672 2439 2747 598
2460 2671 2663 2749 posui,
2692 2671 3011 2749 interjectis
3035 2686 3225 2734 tamen
3251 2678 3459 2758 signis,

1895 2781 2075 2821 unum
2102 2780 2336 2820 versum
2362 2760 2635 2838 periisse.

1973 2852 2115 2927 617.
2161 2851 2334 2917 αὐτοῖς
2366 2845 2449 2926 G,
2475 2847 2575 2905 sed
2598 2846 2691 2905 σὺν
2714 2850 2821 2914 τοῖς
2844 2848 2955 2906 ΜΗ
2984 2850 3101 2923 ed.‚
3134 2851 3227 2910 σύν
3255 2859 3362 2918 τοῖς
3389 2854 3426 2914 J
3442 2878 3458 2929 ;

1895 2942 2038 3021 αὐτῷ
2062 2939 2222 3019 conj.
2245 2937 2541 3011 Letronn„
2568 2936 2664 2995 sed
2696 2937 3068 2997 scribendum
3097 2955 3222 3000 erat
3248 2942 3341 3001 σὺν
3366 2947 3459 3025 τῷ.

1976 3035 2111 3091 621.
2158 3031 2357 3109 βροτοῖς
2378 3026 2535 3098 edd.,
2568 3029 2739 3107 βροτῷ
2768 3046 2914 3085 nos:
2949 3027 3023 3088 cf,
3059 3031 3197 3102 676.

1975 3121 2113 3176 622.
2160 3115 2337 3176 ἕποιτο
2365 3116 2494 3174 edd.
2511 3157 2530 3183 ,
2562 3113 2753 3184 ἕπηται
2775 3124 2902 3174 nos.

1973 3209 2109 3268 630.
2152 3204 2333 3270 νόσους
2361 3203 2522 3274 edd.,
2558 3203 2721 3261 νόσων
2750 3223 2879 3262 nos.

1972 3297 2116 3369 647.
2160 3292 2481 3372 τετράγωνος
2513 3291 2595 3364 G,
2618 3291 2933 3372 τετράγωνοι
2962 3293 3013 3351 H
3032 3294 3127 3355 ed.
3148 3337 3165 3369 ,
3198 3300 3460 3378 τετραγώ-

1893 3407 1983 3443 νου
2010 3402 2125 3442 em.
2156 3379 2458 3450 Letronn.,
2486 3380 2644 3458 quod
2674 3383 2889 3459 recepi.

1975 3471 2115 3530 665.
2160 3462 2225 3543 ἦν
2254 3469 2331 3542 G,
2370 3467 2433 3540 ἢν
2461 3469 2534 3542 Η,
2575 3457 2642 3526 αὗ
2670 3469 2790 3541 ed.‚
2824 3467 2889 3527 ἂν
2926 3490 3061 3544 nos,
3096 3473 3256 3550 quod
3289 3475 3460 3535 etiam

1901 3559 2311 3620 commendant
2338 3557 2437 3616 AR
2467 3558 2532 3617 in
2563 3558 2726 3636 praef.
2760 3579 2821 3636 p.
2853 3579 3061 3620 xxm-111.

1976 3649 2112 3721 670.
2148 3648 2198 3724 γ’
2225 3645 2388 3716 edd.,
2419 3647 2467 3703 κ’
2491 3665 2619 3706 nos,

1974 3735 2112 3808 675.
2159 3733 2298 3804 καλὴ
2322 3733 2397 3804 G,
2429 3731 2599 3812 βάλλῃ
2632 3732 2684 3790 Η
2704 3733 2797 3792 ed.
2818 3779 2835 3810 ,
2864 3755 2991 3812 quae
3013 3748 3099 3794 est
3128 3756 3285 3795 mera
3316 3758 3458 3797 con-

1887 3825 2133 3901 jectura.
2178 3823 2360 3881 Multo
2389 3822 2760 3901 probabilius
2777 3868 2793 3900 ,
2837 3826 3163 3902 praesertim
3202 3827 3263 3884 in
3306 3841 3463 3886 tanta

1893 3913 2006 3971 loci
2032 3911 2324 3970 brevitate
2342 3954 2358 3981 ‚
2383 3909 2482 3968 hic
2510 3929 2747 3988 quoque
2773 3930 3007 3969 versum
3029 3912 3334 3974 excidisse.

1972 4003 2112 4074 676.
2147 3999 2284 4058 κατὰ
2309 3997 2359 4056 Η
2380 3998 2534 4070 edd.,
2558 3997 2717 4076 quod
2748 4000 2888 4057 ferri
2918 4001 3151 4077 nequit3
3181 3999 3328 4076 μάλα
3354 4020 3461 4062 nos

1890 4109 1923 4148 e
1952 4087 2108 4165 conj.
2135 4088 2205 4144 Α.

1970 4179 2107 4249 678.
2154 4173 2360 4233 ἄσπετά
2387 4173 2437 4252 γ’
2456 4173 2586 4232 edd.
2604 4219 2619 4247 ,
2642 4187 2700 4232 et
2731 4174 3017 4254 particula
3043 4191 3332 4256 suspecta,
3354 4200 3459 4239 nec

1890 4287 2007 4344 quo
2045 4265 2251 4324 ἄσπετα
2280 4265 2587 4338 referatur,
2629 4265 3004 4343 perspicitur.
3055 4265 3205 4324 Hinc
3234 4265 3457 4336 ἄσπετος

1890 4355 2133 4434 scripsi,
2163 4353 2524 4412 referendum
2556 4352 2627 4411 ad
2651 4351 2823 4418 ὄλὸος.

1970 4447 2107 4512 684.
2141 4442 2250 4514 ἤεις
2275 4441 2360 4514 G,
2392 4441 2493 4500 sed
2521 4441 2629 4513 ἤείς
2653 4441 2744 4519 Μ,
2781 4440 2914 4514 ἤεισ’
2942 4441 3020 4515 Η,
3047 4442 3205 4521 quod
3228 4445 3453 4524 recepi;

1887 4533 1996 4606 ἤϊες
2024 4533 2117 4592 ed.
2142 4531 2229 4592 Cf.
2264 4531 2336 4589 ad
2360 4551 2420 4588 v.
2459 4551 2591 4591 112.

1970 4623 2108 4682 685.
2135 4623 2237 4688 τῶς
2267 4619 2411 4693 GH,
2435 4617 2536 4687 τώς
2568 4618 2687 4692 ed.‚
2727 4621 2838 4686 πῶς
2862 4638 2970 4678 nos
3005 4639 3039 4678 e
3075 4618 3232 4698 conj.
3252 4621 3305 4678 A
3331 4641 3348 4681 ε
3373 4623 3449 4680 cf.

1891 4731 1945 4767 v·
1968 4711 2106 4873 633.
2152 4796 2349 4870 fiedd.
2372 4842 2389 4874 ‚
2426 4797 2517 4856 καὶ
2556 4817 2664 4856 nos
2701 4816 2734 4855 e
2777 4798 2925 4872 conj.
2952 4801 3025 4856 A.
3059 4831 3138 4841 —-
3164 4797 3452 4879 καθύπερθε

1890 4887 2048 4968 ῥέοιεν
2097 4885 2176 4958 G,
2207 4886 2306 4945 sed
2346 4885 2800 4966 καθυπερτερέοιεν
2830 4886 2922 4957 Μ,
2954 4884 3297 4966 καθυπέρτερ’
3324 4887 3453 4946 ἔοιεν

1888 4984 1979 5041 HJ
1989 5029 2005 5056 ‚
2052 4979 2506 5063 καθύπερτερὲοιεν
2540 4981 2725 5062 (sic!)
2757 4982 2851 5043 ed.
2883 5003 2916 5042 e
2946 4985 3230 5044 sententia
3255 4985 3306 5042 D
3335 4987 3447 5044 335

1886 5086 1945 5131 et
1972 5074 2119 5144 6813
2151 5071 2526 5152 καθυπέρτεροι
2554 5061 2656 5129 εἷεν
2689 5091 2797 5129 nos
2817 5091 2892 5130 ex
2921 5073 3060 5141 604.

1967 5163 2108 5239 694.
2144 5163 2403 5239 γεγαῶτες
2426 5163 2526 5226 ἑοῖς
2552 5158 2750 5218 ἵκουσιν
2770 5159 2898 5231 GH,
2930 5183 2979 5237 γ.
3006 5163 3049 5220 ἑ.
3080 5159 3301 5220 εἴκουσιν
3329 5161 3449 5233 ed.‚

1884 5247 2043 5325 quod
2064 5247 2115 5307 si
2149 5267 2351 5306 verum
2376 5259 2555 5319 esset,
2582 5269 2657 5306 ex
2676 5247 2762 5305 lll
2783 5293 2801 5324 ‚
2833 5249 2945 5306 382
2976 5250 3257 5327 explicari
3285 5248 3451 5308 dobe-
