3767 5825
1226 373 1720 463 EJUSDEM
1776 375 2136 462 PHILAE

1084 581 1333 738 DE
1425 589 2270 738 PLANTIS.

546 1165 593 1224 Π
605 1164 721 1224 ΕΡΙ
772 1163 1154 1225 ΣΤΑΧΥΟΣ.

192 1328 339 1395 Χθὲς
367 1329 555 1388 κόκκον
582 1327 702 1388 ἰδὼν
728 1330 817 1388 καὶ
834 1328 1015 1389 λαὸὼν
1037 1333 1142 1397 τοῖς
1165 1329 1439 1397 δακτύλοις
1457 1373 1473 1402 ,

190 1417 285 1476 καὶ
306 1417 471 1474 πάλιν
491 1414 613 1476 ἰδὼν
633 1416 721 1476 καὶ
745 1417 919 1496 βαλὼν
944 1419 1016 1485 εἰς
1032 1417 1093 1475 τὸ
1114 1417 1285 1495 στόμα
1298 1463 1313 1491 ,

190 1504 285 1563 καὶ
317 1507 611 1586 ψηλαφητῇ
642 1505 891 1586 συντριὸῇ
915 1505 1225 1586 περισχίσας

194 1593 258 1651 τὸ
282 1591 459 1670 δέρμα
484 1593 650 1652 σαπὲν
674 1599 765 1653 τοῦ
786 1597 949 1673 χυλοῦ
976 1594 1282 1671 δεδευμένου
1298 1640 1314 1666 ,

138 1702 165 1738 5
184 1679 419 1762 σπορεῦς
444 1680 673 1760 γεωργὸς
698 1683 932 1758 οὐδαμοῦ
958 1687 1053 1762 γῆς
1082 1682 1315 1760 εὖρὲθην·

194 1767 356 1836 εὐθὺς
376 1768 480 1850 γὰρ
508 1769 662 1837 αὐτὸς
685 1769 919 1850 ἐνταφεὶς
948 1775 1013 1850 τῇ
1042 1771 1260 1852 καρδίᾳ,

192 1858 289 1917 καὶ
320 1861 425 1916 τῶν
455 1861 689 1939 φυσικῶν
720 1858 1016 1939 εὐπορήσας
1041 1860 1303 1936 ἷκμάδων,

193 1947 289 2005 καὶ
320 1953 430 2012 τοῖς
455 1948 725 2025 λογισμοῖς
753 1947 989 2026 ἐκραγεὶς
1018 1952 1119 2005 τῶν
1151 1948 1499 2027 πραγμάτων,

194 2034 290 2094 καὶ
326 2039 443 2101 ταῖς
470 2033 587 2093 καθ’
618 2033 796 2112 εἱρμὸν
833 2036 1035 2114 ἐκφυεὶς
1064 2037 1396 2116 ὑπουργίαις,

128 2145 177 2184 ιο
194 2123 289 2182 καὶ
324 2121 465 2181 κατὰ
495 2121 681 2200 μικρὸν
714 2122 984 2203 ἐκτρατρεὶς
1012 2126 1079 2189 ὡς
1108 2125 1162 2181 ἐν
1193 2123 1355 2204 θέρει,

192 2210 311 2270 νυνὶ
336 2208 470 2289 πρὸς
492 2209 647 2289 ἁδρὸν
671 2209 957 2290 ὠργανώθη
985 2234 1073 2287 μοι
1095 2209 1290 2292 στάχυν
1306 2232 1319 2246 ·

196 2303 483 2358 κάντεῦθεν
514 2301 583 2366 ὥς
613 2296 678 2356 ἂν
708 2297 781 2372 μὴ
816 2301 911 2381 ῥυῇ
940 2299 1325 2379 παρακμάσας,

194 2387 460 2467 θερίζεται
482 2384 577 2463 μὲν
600 2389 667 2466 τῇ
692 2387 922 2466 δρεπάνῃ
954 2391 1057 2445 τῶν
1086 2386 1286 2465 λόγων,

199 2475 483 2551 κομίζεται
506 2471 560 2532 δὲ
584 2473 711 2554 πρὸς
733 2475 791 2532 τὸ
823 2473 912 2531 σὸν
943 2473 1091 2552 δεῦρο
1126 2473 1345 2555 κράτος,

130 2585 178 2623 15
198 2553 245 2621 ὦ
270 2563 367 2621 καὶ
397 2563 620 2622 Βασιλεῧ
650 2561 741 2620 καὶ
769 2567 955 2642 τρορεῧ
986 2565 1087 2620 τῶν
1122 2562 1403 2639 Αὐσόνων,

197 2647 293 2708 καὶ
319 2653 417 2707 νοῦ
449 2647 645 2729 γεωργὲ
676 2655 934 2726 μυστικῆς
962 2652 1264 2731 εὐκαρπίας.

196 2737 299 2803 Τίς
322 2727 417 2796 οὖν
442 2740 644 2816 θεωρῶν
670 2735 705 2808 ἢ
739 2738 1059 2816 κατάστερον
1087 2739 1275 2810 πόλον,

202 2825 239 2896 ἦ
270 2830 373 2903 γῆν
406 2821 708 2903 κρεμαστὴν
741 2829 811 2892 εἷς
840 2826 1153 2905 ἀνέδραστον
1185 2827 1366 2906 βάσιν,

199 2914 237 2987 ἦ
270 2919 396 2995 ῥοῦν
419 2915 697 2972 θαλασσῶν
722 2916 792 2981 εἰς
816 2914 1199 2995 παλίνστροερον
1226 2916 1413 2997 χύσιν,

120 3024 173 3061 ao
192 3003 269 3079 μὴ
298 3006 602 3082 παρενεχθῇ
626 3002 716 3059 καὶ
738 3000 949 3083 καλύψῃ
974 3002 1067 3075 τὴν
1092 3002 1257 3061 κτίσιν
1276 3051 1291 3079 ,

203 3089 243 3163 ἢ
270 3094 489 3167 πνεῦμα
514 3090 605 3148 καὶ
628 3095 733 3172 πῦρ
758 3091 845 3150 καὶ
872 3094 1055 3172 ψυχῶν
1082 3096 1261 3160 ζωσῶν
1288 3092 1410 3171 γε’νη
1430 3140 1445 3153 .

200 3178 293 3237 τὸν
320 3176 639 3255 δημιουργὸν
661 3178 749 3235 τὸν
770 3178 925 3260 σοφὸν
946 3177 1019 3253 μὴ
1046 3180 1334 3255 θαυμάσεις

204 3268 368 3327 Ἐπεὶ
398 3270 451 3325 δὲ
477 3265 649 3325 πολλὰ
680 3264 753 3343 μὴ
780 3267 904 3346 πρὸς
927 3266 1081 3344 ὄγκον
1108 3266 1311 3347 ᾐρμένα

210 3358 361 3415 δοκεῖ
384 3356 603 3413 ταπεινὰ
631 3359 698 3435 τῇ
726 3358 843 3413 κατ’
875 3353 1116 3427 αἴσθησιν
1146 3354 1329 3435 κρίσει,

126 3466 179 3504 25
198 3448 295 3515 τῆς
320 3442 556 3523 ἐμφύτου
580 3442 795 3523 χάριτος
820 3440 1171 3520 ἀγνοουμένης
1186 3490 1202 3517 ,

203 3524 313 3591 οἷον
343 3530 513 3603 λίθοι,
544 3530 825 3603 κώνωπες,
858 3530 1097 3607 ἑμπίδες,
1128 3531 1285 3604 πόαι,

204 3620 275 3679 τὰ
304 3618 509 3698 σμικρὰ
531 3617 621 3676 καὶ
650 3617 875 3696 με’γιστα
901 3620 1021 3676 κατ’
1054 3619 1221 3691 ἄλλην
1251 3618 1449 3698 κρίσιν,

206 3708 489 3789 προῦθηκα
512 3703 575 3778 δὴ
596 3704 685 3765 τὸν
704 3710 847 3765 σῖτον
872 3704 1219 3783 ἐξητασμένον
1233 3754 1251 3781 ,

206 3798 311 3874 οὐχ
334 3793 426 3853 ἵνα
454 3792 595 3865 λαὸὴ
626 3798 887 3875 προστεθῇ
918 3816 999 3853 σοι
1032 3794 1283 3874 βελτίων,

128 3905 180 3943 ³0
202 3884 305 3943 κᾶν
332 3884 407 3949 εἷς
426 3881 495 3941 τὰ
519 3878 819 3963 φαυλότατα
849 3883 1103 3953 πολλάκις
1132 3884 1369 3965 βλέποις,

208 3975 285 4053 τῷ
312 3975 417 4051 σῷ,
448 3972 699 4050 Βασιλεῧ,
730 3972 1062 4054 συμπορίζων
1090 3972 1183 4040 τὰς
1210 3971 1411 4053 φύσεις·

210 4058 363 4118 οὐδὲν
393 4058 497 4137 γὰρ
521 4058 678 4135 ἰκμὰς
707 4058 798 4117 καὶ
826 4059 1035 4137 σταγὼν
1062 4059 1157 4119 καὶ
1178 4058 1450 4141 πομφόλυξ

206 4148 343 4228 πρὸς
370 4144 492 4214 τοὺς
517 4145 785 4224 ποταμοὺς
808 4150 901 4219 τῆς
923 4146 1093 4227 Ἐδὲμ
1116 4152 1212 4223 τῆς
1240 4146 1451 4215 ὀλὸίας·

207 4238 328 4293 ἀλλ’
356 4232 443 4293 ἵνα
468 4243 572 4302 πᾶς
597 4234 865 4315 ἄνθρωπος
888 4236 1119 4297 ἐντεῦθεν
1145 4236 1291 4319 μάθῃ

132 4344 183 4382 as
206 4328 309 4381 κᾶν
342 4331 449 4389 τοῖς
478 4326 739 4389 ταπεινοῖς
765 4324 997 4402 εὐλογεῖν
1025 4323 1114 4382 τὸν
1144 4322 1419 4399 Δεσπότην
1432 4346 1447 4363 ·

209 4416 281 4477 ὡς
308 4411 497 4491 μικρὸν
516 4410 661 4471 οὐδέν
683 4414 793 4471 ἔστι
810 4416 915 4471 τῶν
939 4414 1293 4493 παρηγμένων

210 4503 271 4559 ἐκ
294 4502 401 4559 τῶν
421 4500 486 4558 δι’
512 4504 649 4575 ἡμᾶς
676 4500 966 4582 ἔκφυέντων
985 4502 1326 4581 σπερμάτων.

294 4586 369 4647 ‘O
401 4588 540 4653 σῖτος
570 4590 708 4646 ἐστὶν
738 4594 765 4648 ὁ
796 4587 1010 4672 τροφεὺς
1037 4593 1139 4647 τῶν
1168 4591 1451 4671 ἐμψύχων,

212 4678 239 4733 ὁ
263 4675 453 4742 κόκκος
478 4676 627 4741 αὐτὸς
653 4680 742 4747 τῆς
769 4683 930 4749 πνοῆς
957 4681 985 4736 ὁ
1012 4678 1335 4757 προστάτης,

137 4784 192 4821 ⁴⁰
215 4767 241 4821 ὅ
268 4764 471 4841 σάρκας
505 4766 697 4843 ἰσχνοῖς
726 4765 1044 4841 ἔνστεγάζων
1071 4765 1293 4839 ὀστέοις,

213 4854 307 4909 καὶ
337 4856 495 4929 νεῦρα
524 4852 675 4917 τιθεὶς
698 4852 789 4910 καὶ
814 4852 1019 4934 φλέδων
1046 4855 1389 4928 ὓποστάσεις,

216 4943 247 4997 ὁ
276 4944 373 5011 τῆς
403 4942 645 5011 τελευτῆς
672 4940 928 5013 εὐσταλὴς
949 4942 1234 5015 ὁδοστάτης
1253 4987 1271 5021 ,

217 5032 245 5084 ὅ
270 5026 372 5097 τὴν
398 5027 541 5097 ξένην
568 5028 768 5109 ἔγερσιν
793 5034 944 5107 ἡμῶν
969 5030 1215 5088 δεικνύων

220 5118 279 5172 ἐκ
306 5118 413 5170 τῶν
443 5116 559 5173 κατ’
588 5116 742 5174 αὐτὸν
772 5117 996 5196 ἅκριὸῶς
1024 5118 1388 5195 διδαγμάτων·

149 5224 201 5261 ⁴5
224 5204 278 5270 ὃς
304 5202 543 5285 ρι’πτεται
568 5202 663 5282 μὲν
688 5203 823 5263 κατὰ
846 5210 940 5284 γῆς
964 5204 1336 5286 εἰργασμένης,

2323 1159 2426 1219 DE
2466 1156 2706 1220 SPICA.

1730 1326 1845 1378 Heri
1861 1338 2017 1389 quum
2035 1336 2239 1388 granum
2260 1323 2474 1374 viderem
2491 1324 2545 1375 et
2560 1321 2722 1386 digitis
2738 1335 2958 1388 caperem
2971 1359 2986 1386 ,

1730 1413 2004 1477 iterumque
2020 1413 2374 1476 contemplarer
2391 1413 2442 1463 et
2457 1411 2533 1462 ori
2549 1412 2808 1462 insererem
2820 1449 2835 1474 ,

1730 1501 1903 1552 deiude
1917 1514 2002 1565 per
2015 1503 2254 1551 attactum
2271 1501 2468 1563 lirim
2481 1501 2535 1552 et
2548 1499 2788 1551 dentium
2805 1493 3093 1550 contritione
3109 1500 3297 1549 scinde·

3199 1601 3299 1636 fem

1732 1588 1918 1638 corium
1941 1587 2212 1638 emollitum
2229 1587 2362 1636 succi
2389 1581 2690 1650 humectati,

1732 1677 1895 1728 exstiti
1917 1677 2124 1740 agricola
2141 1675 2383 1726 seminans
2399 1675 2451 1725 in
2466 1674 2602 1724 nulio
2621 1675 2811 1726 teiiuris
2829 1676 2939 1726 ioco
2959 1690 2974 1726 ι

1732 1778 1846 1816 nam
1869 1766 2034 1814 statim
2060 1776 2264 1827 granum
2288 1763 2521 1813 infossum
2539 1763 2673 1814 cordi
2699 1776 2836 1826 meo,

1732 1860 1781 1904 et
1803 1853 2050 1903 naturales
2073 1854 2270 1902 nactum
2295 1851 2520 1900 humores
2536 1885 2552 1911 ,

1733 1942 1783 1991 et
1804 1954 1890 2007 per
1914 1939 2273 1991 meditationem
2291 1951 2454 1989 rerum
2473 1950 2734 2000 erumpens
2757 1951 2824 1988 ex
2847 1939 3055 2001 tunica,

1734 2032 1783 2080 et
1804 2027 1974 2078 ordine
1993 2027 2361 2078 succedentibus
2387 2026 2662 2076 ministeriis
2685 2038 3021 2089 procrescens,

1734 2123 1785 2168 et
1805 2117 2038 2181 paulatim
2061 2115 2353 2178 enutritum,
2378 2116 2557 2180 quippe
2578 2115 2760 2166 estatis
2777 2117 3019 2178 tempore,

1734 2205 1936 2256 nuncin
1963 2207 2182 2267 vegetam
2207 2205 2468 2256 formatum
2491 2205 2564 2254 est
2591 2203 2710 2254 mihi
2732 2203 2913 2266 spicam
2941 2220 2956 2254 ι

1736 2293 1968 2354 hincjam
1989 2307 2050 2342 ne
2068 2305 2169 2356 proe
2188 2292 2470 2343 maturitate
2489 2291 2682 2342 decidat
2694 2328 2709 2352 ,

1736 2395 1797 2432 en
1814 2380 2078 2431 demetitur
2096 2380 2321 2430 carminis
2339 2380 2458 2430 t'aice
2471 2415 2486 2440 ,

1735 2475 1884 2534 atque
1903 2470 2003 2519 tuae
2023 2469 2119 2519 iiuc
2135 2467 2340 2518 offertur
2358 2468 2598 2531 majestati
2611 2503 2624 2522 .

1736 2573 1768 2610 o
1787 2561 2056 2623 Imperator
2079 2562 2128 2608 et
2151 2557 2363 2608 nutritor
2391 2560 2750 2616 Romanorum,

1736 2651 1789 2700 et
1808 2651 1939 2698 sator
1965 2647 2204 2697 mentium
2227 2647 2446 2709 mystica
2471 2645 2810 2696 foecunditatis.

1738 2737 1914 2800 Ecquis
1931 2741 2014 2784 aut
2033 2735 2212 2784 ooeium
2232 2734 2383 2785 stellis
2402 2735 2634 2797 praedgne
2659 2737 2906 2798 spectans,

1738 2827 1823 2874 aut
1846 2825 2026 2873 terram
2057 2836 2341 2886 suspensam
2368 2826 2418 2872 in
2447 2823 2658 2872 instabili
2688 2822 3028 2883 fundamento,

1738 2916 1827 2963 eut
1847 2911 2056 2963 marium
2079 2910 2265 2961 fluxum
2293 2910 2624 2962 vicissitudine
2649 2912 2799 2962 oestus
2826 2914 3180 2975 temperatum,

1744 3015 1805 3051 ne
1825 3001 2049 3051 videlicet
2065 3014 2154 3051 sua
2170 3000 2469 3050 exundantia
2498 3012 2576 3049 res
2603 2998 2871 3049 mundanas
2891 3000 3069 3050 obruat
3085 3037 3099 3061 ‚

1739 3092 1825 3141 aut
1841 3092 2042 3140 ventum
2053 3126 2068 3152 ,
2089 3090 2140 3140 et
2157 3088 2400 3138 flammam
2413 3124 2428 3150 ,
2447 3089 2499 3139 et
2515 3088 2832 3138 animantium
2859 3101 3032 3150 genera
3043 3125 3059 3150 ‚

1740 3192 1838 3228 non
1865 3176 2134 3227 admiretur
2160 3174 2440 3227 conditoris
2465 3176 2752 3239 sapientiam
2768 3177 2791 3224 .⁹
2872 3229 2877 3234 ,

1747 3270 1912 3325 Quum
1939 3278 2054 3315 vero
2079 3264 2248 3314 muita
2273 3277 2348 3314 res
2374 3263 2642 3327 granditate
2665 3263 2800 3314 nulia
2823 3266 3066 3315 tumentes

1739 3368 1967 3407 sensuum
1987 3353 2186 3403 arbitrio
2209 3353 2415 3403 humiles
2443 3352 2739 3416 judicentur,

1740 3444 1871 3508 quod
1893 3443 2059 3493 innata
2079 3442 2171 3491 iilis
2187 3442 2341 3505 gratia
2361 3422 2627 3505 ignoratur,

1744 3534 1881 3582 velut
1903 3530 2082 3594 lapides
2101 3565 2114 3590 ,
2140 3530 2345 3592 culices,
2368 3543 2576 3593 muscae,
2605 3531 2820 3594 germina
2837 3568 2853 3593 ,

1741 3635 1853 3686 quae
1876 3632 2036 3684 parvm
2063 3630 2137 3668 res
2154 3655 2168 3679 ,
2187 3620 2282 3669 aiio
2302 3622 2520 3684 respectu
2543 3622 2756 3683 proiecto
2773 3633 2961 3683 magnae
2979 3624 3092 3671 sunt
3108 3658 3124 3683 ‚

1744 3712 1889 3775 igitur
1907 3714 2180 3777 speciminis
2201 3714 2309 3763 ioco
2333 3708 2558 3773 proposui
2581 3709 2956 3772 expiicationem
2980 3708 3155 3771 tritici,

1742 3816 1839 3852 non
1863 3805 1920 3852 ut
1943 3802 2029 3853 tibi
2054 3816 2169 3853 ansa
2196 3801 2471 3864 pra-beatur
2487 3796 2660 3847 melior

1743 3892 1796 3939 et
1820 3891 1896 3940 vei
1918 3890 1980 3939 ad
1999 3890 2230 3940 vilissima
2251 3899 2381 3950 saepe
2411 3886 2662 3949 respicies,

1744 3982 1829 4028 tuo
1850 3992 2019 4039 servo,
2038 3992 2069 4027 ο
2093 3981 2212 4037 Rex,
2233 3986 2517 4038 comparans
2534 3976 2722 4024 natum
2743 3985 2969 4035 munera;

1744 4067 1859 4116 nihii
1881 4066 2010 4116 enim
2029 4068 2143 4115 sunt
2162 4077 2314 4127 vapor
2330 4066 2418 4114 ant
2433 4063 2571 4127 gutta
2597 4065 2684 4109 aut
2709 4060 2866 4120 bulla,

1742 4156 1781 4205 si
1799 4168 1912 4205 cum
1943 4154 2115 4205 Edeuis
2143 4153 2431 4203 beatissima
2463 4148 2742 4201 fluminibus
2771 4148 3080 4199 conferantur
3107 4167 3121 4199 ι

1743 4244 1823 4293 scd
1845 4246 1899 4292 ut
1917 4242 2076 4305 quivis
2095 4241 2240 4290 homo
2258 4239 2370 4289 inde
2391 4240 2546 4289 discat

1742 4333 1888 4381 etiam
1911 4332 1960 4380 in
1989 4330 2251 4380 humilibus
2275 4328 2418 4378 rebus
2438 4326 2700 4390 praedicare
2719 4306 2884 4377 laudes
2905 4324 3120 4384 Domini,

1743 4420 1871 4484 quod
1895 4420 2014 4469 nihil
2031 4420 2104 4469 est
2121 4430 2323 4481 parvum
2349 4416 2568 4466 omniurn
2591 4406 2704 4478 qu'oe
2732 4413 2968 4478 producta
2979 4415 3096 4463 sunt

1742 4524 1803 4559 ex
1822 4508 2083 4557 seminibus
2099 4506 2158 4556 ad
2185 4520 2300 4555 usus
2321 4508 2511 4555 nostros
2529 4502 2810 4567 procreatis.

1804 4598 2036 4647 Triticum
2056 4598 2126 4644 est
2146 4594 2354 4643 nutritor
2371 4592 2690 4644 animantium
2703 4627 2719 4653 ,

1742 4699 1948 4750 granum
1971 4685 2128 4747 ipsum
2152 4684 2224 4733 est
2249 4684 2480 4747 patronus
2502 4682 2665 4732 vitalis
2687 4681 2862 4731 animm
2879 4716 2895 4741 ,

1744 4775 1826 4839 qui
1852 4786 2023 4824 carnes
2047 4771 2251 4823 includit
2265 4772 2392 4821 inter
2413 4771 2574 4821 tenuia
2595 4782 2704 4820 ossa
2717 4806 2731 4830 ,

1745 4866 1793 4912 et
1816 4874 1986 4911 nervos
2011 4842 2340 4922 venarumque
2361 4857 2652 4909 substantias
2677 4857 2876 4920 apponit
2903 4875 2918 4907 ι

1746 4950 1874 5001 idem
1897 4951 2066 4999 mortis
2083 4948 2212 4997 viam
2231 4947 2454 5011 expedite
2473 4949 2711 4996 monstrat
2735 4945 2872 4994 nobis
2886 4980 2902 5005 ,

1745 5052 1801 5087 uc
1822 5038 1964 5087 docet
1993 5036 2258 5087 mirabilem
2283 5034 2678 5086 resurrectionem
2702 5037 2920 5083 nostram

1746 5128 2038 5176 documento
2059 5125 2134 5175 sui
2153 5124 2269 5175 dato
2284 5129 2538 5174 accurate:

1748 5215 1877 5279 quod
1902 5215 2152 5278 projicitur
2172 5214 2220 5263 in
2243 5216 2419 5265 terram
2437 5212 2625 5262 cultura
2647 5216 2968 5276 praeparatam
2984 5247 3000 5273 ,
