3767 5825
256 684 699 747 ΛΝΩΝΥΜΟΥ
736 684 838 744 ΤΑ
882 684 1065 743 ΠΕΡΙ
1112 682 1496 748 ΒΟΤΑΝΩΝ.

664 981 750 1046 [α’.
771 948 1123 1046 Χαμαίμηλαν.]

828 1103 858 1133 ιι
937 1103 967 1131 4

885 1199 913 1229 4

149 1310 165 1348 1
222 1289 369 1356 Τοὺς
398 1289 455 1348 δὲ
484 1288 845 1367 πυρέσσοντας
870 1287 929 1346 τὸ
954 1287 1299 1368 χαμαίμηΛον
1327 1289 1600 1368 θεραπεύει

225 1378 322 1436 σὺν
352 1377 544 1458 ῥοδίνῳ
567 1377 707 1435 λεῖον
734 1375 1093 1457 τετριμμένον,
1118 1376 1377 1457 ὠφέλιμον
1408 1375 1462 1434 δὲ

224 1475 339 1533 τοῖς
368 1463 736 1546 μετριάζουσιν
766 1464 823 1522 τὸ
851 1465 1028 1544 φυτὸν,
1051 1464 1235 1545 φύεται
1263 1465 1309 1523 δ’
1333 1464 1421 1522 ἐπὶ
1444 1466 1603 1531 θιναῖς

220 1555 285 1613 τὸ
315 1553 497 1635 βραχὺ
526 1553 618 1612 καὶ
647 1552 946 1625 κάλλιστον,
974 1551 1003 1610 ὃ
1035 1553 1379 1632 βαστάζουσιν
1406 1553 1573 1634 ἰητροὶ

135 1663 161 1700 ι
222 1640 526 1722 ἀρχομένου
555 1638 750 1721 θέρεος,
779 1638 943 1717 μέγας
967 1639 1113 1712 ἥλιος
1137 1640 1275 1719 ἡνίχ’
1304 1638 1486 1720 ὁδεύῃ,

227 1728 459 1808 ἔὸδομον
486 1726 747 1794 ἱππεύσας
771 1727 1081 1809 τετράζυγον
1112 1729 1306 1807 ἄντυγα
1329 1727 1537 1789 πώλων.

758 1845 843 1911 [β’]
860 1847 1071 1912 '1³6²qu-

230 1953 471 2031 Ῥάμνον
499 1951 639 2032 ἔχειν
665 1951 957 2010 πανάκειαν
988 1955 1043 2010 ἐν
1070 1950 1286 2012 οἴκοισιν
1314 1953 1635 2034 πανάριστον

228 2039 503 2120 φυομένην
532 2041 845 2120 φραγμοῖσιν
872 2040 1102 2099 ἄκανθαν
1126 2041 1525 2114 λευκοπέτηλον.

226 2127 405 2211 Ὤρου
430 2129 477 2186 δ’
496 2126 609 2186 ἐστὶ
627 2128 801 2209 φυτόν·
827 2128 886 2186 τὸ
909 2127 963 2188 δὲ
988 2129 1249 2210 σύμφορόν
1275 2133 1384 2188 ἐστι
1413 2136 1686 2209 βροτοῖσιν,

144 2237 193 2275 10
232 2214 525 2295 βαστάζειν
547 2214 665 2274 τότε
693 2216 913 2297 ῥάμνον,
945 2215 1069 2274 ὅταν
1098 2216 1347 2297 φθίνουσα
1376 2218 1569 2290 σελήνη

232 2304 493 2385 δ’έρκηται
510 2303 765 2362 πάντεσσι
787 2307 989 2386 βροτοῖς
1005 2305 1143 2364 κατὰ
1165 2305 1367 2386 μακρὸν
1384 2303 1686 2383 Ὄλυμπον.

234 2390 613 2471 Κρημναμένη
638 2390 857 2450 δύναται
882 2391 983 2473 γὰρ
1014 2392 1309 2475 ἀποτρέψαι
1329 2395 1623 2466 κακότητας

232 2480 589 2561 φαρμακίδων
603 2502 663 2536 τε
680 2483 859 2538 κακῶν
874 2479 965 2538 καὶ
986 2480 1225 2559 βάσκανα
1246 2481 1363 2561 φῦλ’
1383 2480 1685 2561 ἀνθρώπων.

232 2566 441 2650 Πρώτη
470 2565 576 2648 γὰρ
606 2565 863 2649 μακάρων
886 2567 1152 2649 ἐχρήσατο
1179 2570 1305 2647 τῇδε
1328 2569 1508 2651 φυτεία

150 2676 193 2713 15
234 2658 472 2723 Παλλὰς
484 2654 730 2728 Ἀθηναίη
759 2657 921 2738 κούρη
943 2657 1064 2724 Διὸς
1092 2657 1373 2737 αἰγιόχοιο,

236 2744 536 2804 Πάλλαντα
563 2743 812 2803 κτείνασα
833 2743 1030 2824 μάχαις
1048 2751 1335 2826 κρατερῆφι
1364 2745 1509 2827 βίηφι

234 2836 405 2909 τῆμος
434 2829 512 2888 ὅτ’
541 2832 792 2891 ἀθάνατοί
817 2855 877 2890 τε
904 2831 1010 2891 θἐοὶ
1038 2831 1213 2904 θνητοί
1238 2855 1297 2890 τε
1326 2833 1571 2911 Γίγαντες

236 2919 522 2997 σύμὸαλον
550 2924 621 2986 εἰς
648 2919 793 3001 ἔριδα
822 2920 1081 3003 κρατερὴν
1104 2921 1373 3000 κάρτιστοι
1402 2921 1584 2988 ἐόντες.

242 3006 561 3087 Πανδερκὴς
592 3009 635 3066 δ’
666 3008 747 3088 ἄρ’
780 3008 962 3067 ἔπειτα
992 3008 1083 3067 θεὰ
1112 3009 1338 3086 Νέμεσις
1364 3010 1693 3091 πολύμορφος

148 3116 197 3153 ao
234 3096 327 3153 καὶ
344 3094 507 3167 νηοὺς
526 3094 745 3177 ἐκάθηρε
770 3101 899 3155 θεῶν
927 3096 1017 3154 καὶ
1044 3095 1331 3174 ἀγάλματα
1349 3098 1547 3179 ῥάμνῳ.
1580 3100 1691 3176 [σαι

235 3182 547 3263 θρέμματα
562 3190 685 3261 γοῦν
708 3184 933 3251 νέποδάς
951 3208 1009 3243 τε
1032 3184 1193 3243 καλὸν
1214 3183 1370 3265 φυτόν
1395 3188 1505 3243 ἐστι
1532 3191 1690 3268 φορῆ-

237 3272 371 3351 πρός
389 3295 449 3329 τε
465 3270 622 3330 πόνον
636 3274 867 3354 κεφαλῆς
886 3271 977 3331 καὶ
1001 3272 1251 3350 δαίμονας
1267 3274 1350 3343 ἠδ’
1368 3274 1689 3351 ἐπιπομπάς.

230 3360 425 3417 Πάντα
453 3358 555 3440 γὰρ
584 3359 792 3431 ἶήσαιτο
821 3361 1140 3442 βροτοφθόρα
1170 3360 1425 3441 φάρμακα
1454 3362 1637 3441 λυγρά.

542 3478 623 3543 [γ’]
642 3480 910 3553 Ἀρτεμισία
948 3482 1253 3544 μονόκλωνος.

244 3578 549 3659 Ἀρτέμιδος
568 3579 790 3659 βοτάνην
820 3578 877 3639 δὲ
900 3580 1199 3659 συνώνυμον
1226 3573 1349 3663 αἶρ’,
1380 3581 1693 3664 ἐπιφώσκειν

154 3686 203 3723 25
240 3666 425 3738 ἠελίου
456 3665 735 3744 μέλλοντος
758 3668 847 3726 ἐπὶ
868 3668 1032 3747 χθόνα
1054 3668 1239 3751 φέγγος
1268 3673 1497 3750 ἐρυθρὸν,

238 3754 429 3824 ἥντινα
450 3752 647 3822 τοξότιν
674 3755 854 3836 ἄνδρες
882 3756 1145 3837 ἐφήμισαν
1168 3756 1202 3827 ἢ
1242 3760 1516 3838 βοτρυῖτιν,

240 3840 505 3914 πασιθέην
529 3843 573 3900 δ’
593 3842 757 3924 ἕτεροι
780 3842 1013 3923 χαρίτων
1038 3846 1349 3926 στέργηθρον
1380 3846 1630 3924 ἔχουσαψ

241 3932 290 3988 οἱ
321 3930 369 3987 δ’
401 3929 569 4010 ἕτεροι
594 3929 854 4012 λυκόφρυν
882 3932 1266 4012 φιλοπάννυχον
1296 3937 1577 4013 ἀγροιῶται

246 4015 516 4089 ἀθανάτης
539 4016 815 4088 καλέουσι,
846 4018 1003 4099 φυτὸν
1034 4019 1169 4099 μέγα
1200 4021 1363 4099 δῶρον
1390 4020 1607 4099 ἔχοντες.

156 4122 203 4161 ³0
242 4103 377 4163 Λύει
405 4104 509 4183 γὰρ
529 4104 689 4164 κόπον
716 4104 898 4186 ἀνδρὸς
929 4107 1105 4165 ὁδοιπό
1138 4131 1225 4179 ου,
1248 4108 1299 4173 ὅς
1323 4109 1370 4165 κ’
1392 4108 1468 4167 ἐνὶ
1494 4107 1675 4186 χέρσιν

1942 689 2304 750 ΑΝοΝὙΜι
2345 687 2668 753 cABMEN
2709 686 2812 746 m:
2854 663 3184 743 numus·

2329 995 2365 1031 Ι.
2392 984 2770 1031 Chamaemelum.

2494 1111 2520 1135 ’ἡ
2585 1110 2612 1136 ³*

2536 1199 2565 1226 'h

1768 1302 2111 1352 Febricitantes
2128 1301 2288 1348 autem
2313 1295 2680 1347 ehamaemelum
2703 1299 2842 1344 curat

1772 1405 1882 1440 cum
1911 1401 2108 1438 rosaceo
2126 1386 2450 1436 minutissime
2471 1385 2668 1445 tritum3
2687 1383 3014 1433 emolumento
3035 1387 3112 1432 est

1771 1477 2116 1540 aegrotantibus
2151 1475 2337 1538 planta3
2362 1474 2571 1523 nascitur
2599 1477 2763 1521 autem
2793 1472 2843 1520 in
2865 1471 3078 1520 arenosis
3101 1469 3218 1520 locis

1774 1569 1931 1616 brevis
1952 1568 2002 1616 et
2024 1564 2308 1628 pulcerrima
2322 1599 2336 1624 ,
2355 1575 2504 1627 quam
2524 1561 2753 1624 eolligunt
2776 1560 2950 1610 medici

1772 1656 1968 1705 ineunte
1988 1656 2159 1704 aestate
2172 1689 2186 1714 ,
2212 1665 2415 1713 magnus
2437 1651 2509 1700 sol
2532 1650 2726 1714 quando
2745 1649 2951 1711 incedit,

1774 1745 2031 1808 septimum
2049 1743 2232 1804 agitans
2249 1740 2586 1803 quadrijugum
2607 1751 2800 1789 currum
2825 1751 3074 1800 equorum.

2388 1857 2435 1896 2.
2469 1850 2728 1896 Rhamnus-

1774 1953 2048 2004 Rhamnum
2071 1951 2248 2000 habeas
2269 1962 2525 2012 panaceam
2550 1947 2682 1996 domi
2706 1947 2845 2008 longe
2865 1943 3127 2008 optimam,

1776 2045 2048 2092 nascentem
2069 2039 2264 2103 sepibus
2287 2037 2473 2100 spinam
2496 2035 2622 2086 soliis
2643 2034 2781 2084 albis.

1776 2134 1865 2182 Est
1884 2131 2046 2177 autem
2071 2127 2223 2177 noctis
2241 2126 2430 2188 planta3
2455 2125 2652 2189 prodest
2674 2137 2788 2172 vero
2809 2121 3092 2172 mortalibus

1778 2218 1999 2278 colligere
2017 2223 2120 2265 tum
2142 2215 2395 2264 rhamnum
2408 2250 2422 2274 ,
2445 2227 2598 2276 quum
2623 2213 2736 2262 luna
2758 2211 3040 2261 decrescens

1776 2307 1966 2355 videtur
1984 2305 2210 2354 omnibus
2231 2303 2506 2353 hominibus
2529 2303 2578 2351 in
2602 2315 2776 2363 magno
2797 2300 3020 2363 Olympo.

1776 2396 2018 2456 Suspensa
2035 2391 2162 2441 enim
2183 2396 2342 2454 potest
2362 2395 2580 2440 avertere
2598 2389 2917 2451 malignitates

1779 2482 2097 2530 veneficarum
2116 2480 2352 2529 malarum
2371 2481 2422 2528 et
2442 2478 2719 2528 fascinantia
2736 2477 2924 2539 agmina
2943 2477 3209 2526 hominum.

1782 2571 1940 2620 Prima
1955 2570 2081 2618 enim
2101 2568 2303 2619 deorum
2323 2569 2415 2617 hac
2437 2581 2525 2617 usa
2542 2573 2617 2617 est
2634 2566 2794 2630 planta

1778 2658 1932 2707 Pallas
1950 2657 2188 2716 Minerva,
2207 2653 2304 2704 filia
2321 2654 2456 2703 Jovis
2475 2652 2928 2715 tegmem-teneam,

1782 2747 2042 2796 Pallantem
2064 2743 2288 2793 occidens
2309 2743 2358 2791 in
2379 2739 2554 2805 pugnis
2571 2754 2746 2804 magna
2768 2741 2844 2800 vi,

1780 2837 1886 2881 tum
1905 2829 2094 2894 quando
2111 2828 2406 2878 immortales
2423 2826 2493 2876 dii
2505 2826 2832 2889 mortalesque
2846 2825 3074 2888 Gigantes

1781 2934 1930 2970 ooncu
1937 2922 2124 2968 rreruut
2141 2918 2202 2967 ad
2221 2918 2500 2967 acerrimam
2519 2917 2873 2966 contentionem
2887 2915 3150 2965 fortissimi.

1782 3008 1955 3058 Omnia
1977 3006 2147 3056 videns
2169 3005 2345 3055 deinde
2366 3004 2458 3055 dea
2479 3004 2701 3055 Nemesis
2719 3003 3027 3053 multiformis

1782 3100 1831 3146 et
1849 3094 2030 3159 templa
2046 3095 2271 3144 lustravit
2291 3094 2492 3143 deorum
2508 3097 2557 3141 et
2575 3092 2709 3154 signa
2726 3091 2947 3140 rhamno.

1782 3184 1996 3234 Pecudes
2018 3197 2131 3245 ergo
2151 3182 2452 3245 infantesque
2474 3180 2701 3229 convenit
2723 3180 2845 3230 hano
2861 3180 3074 3243 plantam
3093 3184 3282 3243 portare

1782 3276 1831 3323 et
1853 3278 2020 3321 conisa
2041 3272 2255 3320 dolorem
2273 3269 2444 3332 capitis
2466 3274 2517 3319 et
2537 3268 2786 3319 doemones
2807 3273 2858 3318 et
2876 3268 3246 3318 incantamenta.

1783 3361 1957 3411 Omnia
1974 3358 2102 3409 enim
2126 3362 2264 3408 sanat
2280 3370 2463 3407 venena
2481 3358 2625 3407 noxia
2648 3356 2924 3406 hominibus
2945 3369 3002 3405 ac
3023 3356 3302 3419 perniciosa.

2100 3494 2142 3533 8.
2171 3487 2417 3532 Artemisia
2439 3486 2742 3531 monoelonos
2762 3486 3022 3542 (unipetla.)

1784 3598 1950 3647 Dianae
1970 3596 2164 3645 herbam
2185 3596 2513 3656 cognominem
2531 3594 2648 3643 tolle
2660 3630 2675 3654 ‚
2700 3592 2892 3657 quando
2909 3594 3146 3643 missurus
3162 3597 3240 3643 est

1784 3686 1853 3733 sol
1874 3685 2122 3732 interram
2143 3683 2341 3731 rubrum
2357 3682 2520 3745 jubar,

1784 3786 1930 3834 quam
1956 3771 2150 3834 quidem
2173 3772 2358 3819 toxotin
2379 3770 2598 3820 homines
2621 3772 2898 3832 nuncupant
2925 3776 3010 3820 aut
3033 3770 3263 3834 botryitin
3277 3807 3292 3833 ,

1786 3860 2047 3921 pasitheam
2069 3874 2181 3908 veno
2198 3858 2277 3907 alii
2301 3858 2558 3927 gratianum
2583 3858 2812 3920 pliiltrum
2832 3858 3114 3908 habentem:

1783 3948 1861 3997 alii
1882 3948 2140 4009 lycopliryn
2155 3946 2400 4010 pervigilia
2417 3950 2660 3996 amantem
2679 3948 2850 3996 rustici

1786 4036 1890 4084 deae
1914 4036 2140 4096 (Dianae)
2168 4035 2430 4097 appellant,
2454 4035 2665 4097 plantam
2687 4046 2911 4095 magnum
2932 4032 3112 4083 donum
3131 4034 3216 4096 qui
3243 4048 3350 4098 pos·

1787 4124 1981 4187 sicient]
2007 4122 2159 4173 Solvit
2176 4124 2304 4171 enim
2328 4122 2658 4171 lassitudinem
2679 4122 2902 4183 viatoris,
2928 4122 3038 4171 siin
3057 4123 3280 4172 manibus

241 4190 335 4261 ’δῆν
360 4190 691 4269 μονόκλωνον
715 4191 812 4272 ἔχῃ
829 4218 841 4229 ·
860 4194 980 4273 περὶ
1006 4196 1051 4251 δ’
1067 4219 1132 4251 αυ
1149 4196 1301 4254 ποσὶν
1319 4195 1507 4273 ἕρπετα
1524 4196 1695 4253 πάντα
1788 4212 2104 4260 monoclonon
2125 4213 2313 4271 teneat;
2337 4212 2518 4259 cii-eum
2537 4209 2684 4273 pedes
2704 4223 2819 4260 vem
2836 4210 3022 4274 reptilia
3043 4211 3206 4260 omnia

244 4280 451 4359 φεύγει,
479 4278 545 4349 ἤν
573 4304 651 4347 τις
674 4279 771 4359 ἔχῃ
802 4284 855 4338 ἐν
883 4283 1011 4361 ὁδῷ,
1037 4283 1127 4339 καὶ
1152 4282 1403 4363 φάσματα
1434 4283 1597 4341 δεινά.

1786 4300 1918 4360 sugat
1933 4337 1946 4359 ‚
1967 4300 2006 4347 si
2032 4313 2142 4361 quae
2164 4298 2338 4348 fuerint
2355 4298 2405 4348 in
2430 4300 2537 4360 via,
2560 4304 2610 4348 et
2627 4300 2760 4348 visus
2777 4299 3012 4349 lion-idos.

1421 4495 1767 4544 ΕΡΜΗΝΕΙΑΙ
1802 4498 2076 4543 ΠΑΛΑΙΛΙ.

900 4686 927 4713 fi

856 4764 885 4790 ’ἡ
946 4764 973 4789 *

888 4864 948 4925 β’.

2538 4597 2601 4659 γ’.

1848 4744 2131 4809 Ἀρτεμισίαν
2151 4748 2234 4805 τὴν
2255 4746 2454 4811 βοτάνην
2477 4746 2518 4796 εἷ
2537 4764 2604 4803 τις
2627 4746 2726 4811 ἔχει
2760 4746 2808 4797 ἐν
2831 4750 2926 4811 ὁδῷ
2939 4784 2954 4809 ,
2973 4749 3072 4799 λύει
3093 4750 3177 4799 τὸν
3199 4750 3348 4815 κάμα·

1786 4832 1883 4864 τον.
1911 4818 2002 4865 Καὶ
2027 4818 2075 4865 ἐν
2098 4822 2194 4873 τοῖς
2227 4819 2368 4867 ποσὶν
2395 4818 2636 4881 εῖλουμὲνη
2661 4817 2798 4882 θηρία
2831 4820 2989 4867 διώκει
3011 4821 3093 4868 καὶ
3115 4820 3353 4885 δαίμονας.

1786 4887 1914 4949 Αἷμα
1935 4888 1986 4936 δὲ
2007 4888 2123 4937 ἐπὰν
2157 4890 2260 4951 περὶ
2284 4890 2344 4937 τὰ
2376 4888 2522 4952 ἄρθρα
2544 4888 2776 4953 σκιρῥωθὴ
2789 4926 2804 4950 ,
2829 4890 3008 4938 κλωνία
3033 4890 3192 4939 λαδὼν
3225 4894 3352 4955 μῖξον

190 4962 287 5019 Τὴν
304 4961 477 5025 ῥάμνον
497 4964 555 5021 ἦν
574 4980 643 5021 τις
662 4966 752 5027 ἄρῃ
773 4966 821 5013 ἐν
840 4968 1159 5029 λειψοσελήνῳ
1174 4984 1253 5016 και
1277 4968 1485 5031 βαστάζῃ
1501 5006 1515 5029 ,
1534 4972 1698 5033 ὠφελεῖ
1788 4959 1906 5017 μετὰ
1929 4956 2112 5021 ῥθδῖνθῡ
2129 4976 2140 4987 ”
2165 4961 2246 5007 καὶ
2269 4960 2471 5016 ποιήσας
2503 4960 2631 5015 ζέσα*
2657 4962 2720 5016 Εἷς
2744 4960 2916 5023 χύτραν
2952 4960 3145 5024 σῦὙχΡῑε
3165 4962 3248 5011 τὸν
3269 4978 3353 5011 πο·

136 5032 241 5091 πρὸς
258 5032 482 5095 φάρμακα
503 5035 717 5097 καὶπρὸς
736 5035 999 5099 ἀνθρώπους
1020 5039 1235 5101 φαύλους.
1256 5039 1457 5102 Ἀρμόζει
1478 5041 1527 5087 δὲ
1546 5048 1697 5104 φορεῖν
1785 5031 1954 5074 νοῦντα
1973 5028 2081 5075 ὅλον
2099 5031 2163 5084 ὡς
2177 5030 2336 5093 ὑπάγῃ
2353 5032 2624 5092 κοιμᾶσθαι.
2641 5030 2734 5079 Καὶ
2757 5032 3020 5089 ὑστερικαῖς
3041 5032 3218 5092 γυναιξὶ
3232 5030 3354 5080 πάνυ

137 5100 275 5159 αὐτὴν
294 5104 536 5166 θρέμματα
558 5120 637 5151 και
662 5106 841 5164 πλοίοις
856 5108 1183 5173 περιτίθεσθαι.
1212 5109 1395 5173 Ὠφελεῖ
1411 5110 1460 5163 δὲ
1481 5112 1559 5158 καὶ
1585 5113 1697 5167 ποὸς

137 5170 271 5220 πάνυ
286 5172 487 5232 κεφαλῆς
507 5172 589 5222 καὶ
612 5174 835 5237 δαίμονας
852 5176 933 5225 καὶ
957 5178 1243 5237 ἐπιπομπάς.

1788 5098 1971 5159 βοηθεῖ,
1996 5099 2336 5161 στραγγουρίαν
2359 5100 2498 5148 παύει
2522 5103 2602 5148 καὶ
2621 5100 2926 5149 ὀπισθοτὸνου
2947 5101 3120 5163 ῥῆγμα.

3029 5288 3088 5324 13-
