3767 5825
1608 376 2033 437 PRAEFATIO.

212 505 329 562 hoc
352 507 591 565 nomine
616 506 909 580 integrum
931 505 1105 582 plane
1130 506 1341 583 suique
1360 508 1551 565 simile
1578 507 1777 566 existi-

213 596 491 655 mandam
517 596 614 653 sit.
648 594 843 664 Quare
878 614 1123 672 prorsus
1151 595 1297 653 mihi
1330 595 1777 655 dissentiendum

210 698 300 743 est
356 685 433 743 ab
484 682 845 758 editoribuS‚
888 684 992 760 qui
1033 704 1089 761 p.
1138 703 1293 741 xxm
1342 698 1551 762 praeter
1598 705 1776 761 quar—

212 788 335 832 tum
356 777 462 832 vix
507 774 694 831 ullum
750 784 1069 831 ceterorum
1121 771 1410 830 librorum
1462 774 1777 851 interpola-

210 865 372 921 tione
396 864 571 941 plane
590 880 799 920 vacare
820 862 1123 933 dixerunt,
1156 860 1255 919 sed
1280 882 1397 919 non
1422 862 1777 921 demonstra-

208 965 367 1011 runt.

286 1039 442 1098 Num
480 1039 692 1117 primis
732 1036 875 1096 libri
918 1042 1149 1095 secundi·
1179 1038 1444 1097 versibus
1476 1059 1490 1096 z
1540 1037 1779 1099 Πάντοτε

207 1128 303 1203 μὲν
336 1126 557 1204 κόσμοιο
599 1140 657 1185 et
698 1146 828 1204 quae
856 1139 1202 1203 sequuntur,
1246 1146 1479 1183 carmen
1536 1127 1778 1187 inchoa-

208 1229 331 1274 tum
360 1216 565 1289 fuerit,
594 1236 669 1275 an
694 1229 873 1295 poeta
894 1234 969 1272 ex
992 1214 1366 1292 popularium
1397 1234 1559 1272 more
1586 1214 1779 1273 Musa—

206 1324 341 1362 rum
366 1319 465 1363 aut
493 1304 804 1364 Stellarum
829 1315 927 1361 aut
949 1302 1045 1361 dei
1066 1301 1317 1379 alicujus
1347 1302 1775 1363 invocationem

206 1394 577 1469 praemiserit,
628 1392 893 1451 dubitari
936 1404 1145 1469 potest.
1184 1390 1332 1448 Mihi
1387 1391 1621 1467 quidem
1666 1392 1778 1451 hoc

204 1498 325 1537 non
350 1482 539 1539 solum
561 1480 873 1559 probabile
896 1492 984 1537 est
1009 1478 1088 1537 ob
1117 1478 1302 1537 moris
1328 1478 1489 1536 illius
1518 1499 1778 1539 commu-

202 1586 337 1625 nem
370 1588 537 1626 usum
557 1612 575 1639 ‚
607 1569 713 1645 qui
742 1569 995 1626 maxime
1030 1578 1261 1643 poetam
1290 1564 1532 1623 decebat
1552 1586 1777 1625 summa

198 1669 261 1714 et
286 1658 679 1732 grandissima
706 1677 909 1716 ausum
937 1691 1017 1701 —
1039 1668 1097 1713 et
1124 1655 1259 1731 quis
1284 1654 1503 1711 nesciat
1536 1658 1697 1714 Arati
1722 1670 1777 1715 et

200 1744 432 1804 Manilii
476 1746 897 1823 prooemiorum
940 1744 1318 1820 gravitatem?
1358 1774 1439 1785 —
1468 1743 1569 1801 sed
1596 1745 1775 1803 etiam

198 1847 539 1911 propterea,
564 1835 725 1911 quod
746 1836 873 1912 ipse
894 1833 1034 1891 libri
1059 1832 1253 1890 ultimi
1276 1843 1333 1887 et
1356 1830 1531 1889 ,initio
1546 1874 1563 1905 ,
1590 1831 1773 1904 Musa,

198 1922 477 1997 Apolline
510 1935 569 1980 et
617 1922 909 1981 Mercurio
946 1922 1110 1980 velut
1164 1931 1487 1996 coeptorum
1540 1940 1773 1979 suorum

200 2010 473 2085 patronis
506 2010 853 2080 nominatis,
888 2023 946 2067 et
976 2010 1041 2067 in
1068 2008 1231 2066 exitu
1266 2006 1449 2065 Musis
1476 2020 1535 2064 et
1560 2006 1777 2069 Sideri-

196 2096 313 2155 bus
338 2098 674 2155 solemniter
700 2098 1053 2167 valedicens,
1078 2096 1151 2153 ad
1164 2093 1569 2171 hujuscemodi
1592 2096 1776 2157 intro-

194 2186 535 2243 ductionem
564 2186 857 2263 respicere
875 2186 1131 2243 videtur.
1156 2188 1275 2241 Nec
1297 2202 1472 2241 causa
1488 2183 1741 2244 obscura
1755 2233 1771 2261 ,

194 2273 281 2330 ob
304 2294 481 2351 quam
515 2275 749 2351 ineptus
782 2274 991 2333 horum
1019 2272 1309 2331 librorum
1339 2274 1777 2333 consarcinator

192 2381 325 2418 eam
353 2362 623 2438 rejecerit
648 2382 663 2417 z
688 2380 761 2419 ne
784 2361 1008 2418 scilicet
1027 2379 1133 2437 per
1152 2357 1438 2417 indicium
1473 2359 1567 2415 vel
1590 2364 1775 2439 impe-

194 2451 485 2507 ritissimo
509 2450 722 2527 cuique
738 2448 1113 2527 perspicuum
1139 2448 1296 2505 fraus
1322 2458 1380 2501 et
1394 2443 1603 2504 abusus
1617 2462 1774 2525 pate-

194 2550 307 2594 ret.
334 2536 529 2605 Quum
556 2550 747 2595 tamen
786 2556 859 2594 ne
886 2536 971 2595 sic
994 2535 1233 2613 quidem
1266 2552 1361 2591 res
1380 2531 1452 2589 ad
1483 2531 1773 2611 liquidum

192 2624 447 2700 perduci
468 2638 671 2703 queat,
695 2637 756 2683 et
776 2623 848 2682 ad
872 2624 1213 2682 sententiam
1232 2634 1289 2679 et
1314 2621 1473 2697 ipsas
1498 2641 1593 2683 res
1624 2626 1770 2685 nihil

196 2713 357 2785 hiet,
390 2713 613 2773 lacunae
641 2714 811 2789 signa
830 2733 945 2769 non
973 2712 1239 2789 ponenda
1262 2708 1491 2781 putavi.

274 2801 555 2861 Versibus
597 2809 777 2869 1-140
826 2800 1164 2858 necessariae
1215 2802 1481 2875 quaedam
1513 2822 1774 2879 compre-

188 2891 534 2952 henduntur
564 2898 815 2950 notiones
842 2909 860 2948 :
890 2889 963 2947 de
990 2887 1125 2947 Sole
1167 2900 1222 2947 et
1247 2888 1411 2950 Luna
1444 2912 1466 2949 1
1508 2903 1565 2948 et
1604 2912 1675 2965 23
1702 2893 1775 2951 de

188 2981 379 3039 stellis
396 2982 557 3054 fixis,
582 2982 797 3059 partim
826 2978 1211 3038 lucidioribus
1242 2983 1456 3058 partim
1482 2980 1774 3042 obscurio-

188 3069 363 3128 ribus
382 3072 555 3141 3-133
578 3071 651 3128 de
671 3071 933 3147 quinque
947 3068 1155 3126 ceteris
1173 3069 1469 3145 planetis-1
1480 3080 1575 3140 4-1
1590 3093 1645 3142 7,
1670 3071 1771 3129 ubi

184 3180 249 3214 v.
282 3181 303 3214 1
320 3181 353 3230 7
376 3160 565 3216 statim
588 3159 825 3227 indicat,
853 3175 1083 3213 carmen
1104 3175 1272 3213 suum
1300 3159 1363 3214 in
1383 3159 1633 3236 planetis
1662 3179 1770 3236 po-

188 3249 484 3305 tissimum
512 3245 855 3304 enarrandis
880 3256 1249 3302 versaturum
1274 3265 1430 3318 esse3
1466 3244 1540 3304 de
1570 3247 1773 3305 axibus

185 3333 519 3392 caelestibus
546 3335 723 3390 18-21
748 3355 767 3404 ;
798 3332 871 3389 de
890 3331 1119 3390 duobus
1148 3333 1305 3410 polis
1330 3335 1551 3406 22-26;
1582 3334 1654 3392 de
1679 3355 1772 3393 or-

182 3422 371 3480 bibus
400 3423 525 3480 caeli
555 3425 617 3479 in
648 3422 988 3480 universum
1023 3441 1244 3497 27-29;
1268 3422 1343 3480 de
1370 3441 1583 3481 novem
1612 3422 1772 3481 orbi-

184 3511 305 3568 bus
327 3509 753 3590 principalibus
774 3509 979 3580 30-323
1002 3522 1060 3567 et
1078 3509 1315 3584 quidem
1331 3511 1404 3568 de
1426 3523 1647 3588 septem
1668 3513 1769 3588 qui

182 3600 382 3658 oculis
400 3619 518 3658 non
556 3611 875 3656 cernuntur
905 3599 1121 3673 33-34,
1154 3618 1476 3676 eorumque
1510 3601 1767 3658 nomini-

182 3693 342 3746 bus:
380 3688 453 3746 de
476 3686 700 3746 boreali
744 3686 817 3744 35
857 3705 973 3762 sq„
1010 3687 1215 3744 aestivo
1244 3690 1343 3760 37,
1373 3688 1767 3764 aequinoctiali

186 3779 269 3834 38
294 3796 410 3852 sq„
445 3775 693 3835 hiberno
718 3784 826 3847 40,
860 3774 1098 3832 australi
1124 3783 1193 3842 41
1224 3795 1339 3851 sq.;
1372 3775 1444 3834 de
1466 3776 1771 3834 horizonte

180 3881 248 3924 et
280 3865 607 3922 meridiano
650 3866 871 3939 43-49;
902 3876 1025 3920 tum
1053 3863 1126 3920 de
1146 3862 1380 3922 duobus
1402 3865 1507 3941 qui
1531 3883 1771 3922 cernun-

182 3971 314 4026 tur,
348 3954 447 4010 via
484 3954 665 4011 lactea
692 3965 752 4010 et
781 3945 1017 4008 zodiaco
1054 3951 1272 4022 51-563
1312 3965 1433 4010 tum
1460 3966 1765 4030 postquam

180 4043 453 4102 breviter
496 4041 570 4099 de
608 4041 909 4099 latentium
955 4039 1182 4097 ratione
1212 4041 1497 4118 explicuit
1542 4041 1726 4112 57-63
1745 4086 1760 4112 ,

176 4132 395 4190 eodem
420 4130 627 4188 ordine
644 4128 907 4186 omnium
942 4145 1149 4185 novem
1188 4127 1546 4186 circulorum
1588 4130 1764 4188 situm

178 4221 519 4278 accuratius
548 4217 943 4296 persequitur,
970 4213 1286 4287 sideribus,
1322 4214 1539 4292 quibus
1568 4219 1767 4292 sing-u-

178 4310 385 4366 lorum
409 4308 558 4366 situs
580 4305 878 4375 definitur,
910 4305 1285 4374 enumeratis,
1312 4305 1556 4371 64-140.
1586 4305 1654 4363 ln
1673 4307 1767 4366 his

178 4396 347 4456 haud
368 4395 683 4454 infeliciter
702 4392 930 4472 priores
952 4404 1153 4469 poetas
1192 4392 1491 4451 aemulatus
1518 4412 1642 4451 esse
1672 4395 1763 4452 vi-

176 4489 383 4556 detur,
400 4482 739 4540 nominatim
765 4481 1005 4538 Aratum
1026 4479 1425 4550 etManilium,
1449 4481 1603 4556 apud
1616 4501 1763 4556 quos

176 4573 409 4634 similia
431 4572 721 4646 leguntur.
748 4569 953 4627 Nullus
978 4583 1169 4628 tamen
1194 4587 1267 4626 ex
1284 4567 1378 4625 his
1409 4569 1573 4626 locus
1600 4570 1765 4627 indi—

176 4663 309 4721 cari
334 4673 544 4738 potest,
562 4678 735 4736 quem
760 4658 863 4717 ille
882 4659 1149 4716 servilem
1174 4659 1239 4715 in
1263 4657 1501 4715 modum
1526 4661 1599 4715 sit
1628 4660 1762 4716 imi-

176 4765 364 4810 tatus.

263 4839 399 4896 Jam
424 4837 609 4915 ipsam
634 4821 757 4895 rein
786 4853 1091 4910 aggressus
1102 4841 1349 4910 primum
1371 4835 1539 4892 docet
1562 4855 1763 4893 omnes

176 4927 496 5004 stellas(h.
528 4947 581 4982 e.
622 4926 901 5003 planetas,
939 4943 1071 4982 nam
1101 4924 1165 4981 in
1207 4923 1417 4982 borum
1457 4924 1761 4981 constella-

180 5020 351 5074 tione
374 5013 565 5072 Nostri
588 5012 857 5070 doctrina
876 5013 1233 5088 continetur)
1254 5013 1315 5068 in
1335 5019 1451 5066 suis
1472 5031 1761 5090 quamque

178 5107 404 5161 ‹eclibus
438 5105 653 5160 faustas
696 5119 823 5158 esse
870 5108 1119 5172 141-473
1154 5115 1282 5168 tum,
1332 5100 1487 5176 quod
1530 5099 1759 5158 duobus

180 5189 462 5252 versibus
511 5191 621 5256 148
662 5209 751 5266 sq.
802 5189 1087 5246 indicavit
1128 5200 1527 5262 argumentum
1545 5230 1562 5259 ,
1615 5187 1756 5262 quid

3341 401 3434 443 VH

1867 508 2131 585 quinque
2155 509 2403 585 planetae
2429 514 2537 567 alii
2556 514 2795 568 atimm
2822 510 2888 569 in
2910 510 3184 571 domibus
3211 514 3436 591 signifi-

1868 609 2020 669 cent,
2038 610 2196 655 certo
2217 596 2427 655 ordine
2449 598 2820 675 persequitur
2845 620 2868 655 1
2882 596 3096 669 50-341
3116 644 3132 672 ‚
3155 621 3324 679 quem
3352 622 3439 660 or-

1868 683 2061 743 dinem
2083 686 2254 744 etiam
2277 687 2343 743 in
2367 685 2745 762 sequentibus
2769 685 2991 764 ubique
3002 676 3294 747 servatum
3317 691 3442 751 haec

1868 772 2064 832 tabula
2082 774 2298 832 clarum
2321 773 2542 833 reddet.
2565 772 2820 852 Exponit
2832 776 2988 834 enim
3011 776 3155 851 quid
3169 780 3442 837 Saturnus

1868 861 1930 919 in
1955 865 2108 918 Iovis
2135 862 2361 921 aedibus
2398 863 2573 921 faciat
2597 876 2654 921 et
2678 870 2802 921 vice
2823 885 2992 921 versa
3028 865 3272 941 150·65,
3295 869 3438 945 quid

1867 950 1932 1007 in
1965 954 2169 1007 Martis
2207 951 2345 1009 hinc
2375 951 2448 1009 ad
2485 953 2619 1024 176,
2650 951 2794 1029 quid
2831 954 2896 1011 in
2924 956 3160 1011 Vener-is
3187 988 3268 1001 —
3301 978 3434 1033 190,

1867 1039 2010 1113 quid
2039 1040 2102 1097 in
2134 1043 2403 1097 Mercurii
2427 1072 2508 1083 —
2532 1060 2680 1116 2093
2726 1040 2869 1116 quid
2895 1044 3121 1117 Jupiter
3147 1044 3211 1102 in
3232 1048 3441 1107 Martis

1870 1161 1940 1171 —-
1972 1148 2116 1197 220,
2157 1129 2220 1185 in
2261 1133 2488 1187 Veneris
2511 1164 2592 1173 —
2623 1128 2772 1202 245,
2793 1130 2858 1187 in
2887 1133 3256 1188 Mercurii—
3286 1134 3431 1209 265,-

1866 1213 2011 1289 quid
2033 1218 2198 1271 Mars
2220 1216 2284 1273 in
2309 1220 2537 1273 Veneris
2554 1250 2635 1260 —
2652 1237 2791 1292 290,
2808 1218 2872 1275 in
2894 1220 3168 1276 Mercurii
3183 1252 3264 1264 ——
3287 1221 3436 1293 3123

1866 1300 2007 1375 quid
2041 1306 2227 1361 Venus
2253 1306 2318 1363 in
2341 1308 2607 1362 Mercurii
2633 1338 2712 1349 —
2743 1305 2878 1373 341.
2909 1304 3042 1363 Jam
3065 1306 3138 1365 ad
3169 1310 3357 1365 Solem
3384 1320 3442 1365 et

1864 1392 2080 1447 Lunam
2120 1404 2543 1470 transgressus,
2583 1412 2728 1469 quos
2760 1405 2825 1450 ut
2854 1392 3123 1451 dominos
3159 1394 3286 1452 caeli
3314 1393 3438 1472 jam

1865 1477 2037 1535 initio
2057 1480 2388 1538 nobilitavit
2401 1523 2419 1551 ,
2451 1480 2656 1538 eodem
2674 1480 2878 1539 ordine
2904 1482 3046 1559 quid
3067 1484 3342 1539 Saturnus
3360 1518 3440 1528 —

1868 1565 2006 1637 346,
2031 1569 2345 1643 Jupioer—
2373 1568 2512 1639 352,
2540 1572 2702 1626 Mars
2722 1603 2801 1613 —
2823 1568 2971 1642 3583,
3000 1572 3436 1643 Venus—360,

1864 1656 2181 1713 Mercurius
2203 1697 2284 1709 -
2319 1656 2433 1713 362
2476 1657 2538 1714 in
2563 1654 2776 1715 Leonis
2799 1658 2998 1732 signo,
3023 1657 3180 1735 quod
3209 1671 3293 1717 est
3326 1660 3438 1718 do-

1864 1743 2152 1801 micilium
2175 1747 2352 1813 Solis,
2392 1758 2450 1803 et
2477 1744 2620 1820 quid
2642 1746 2920 1801 Saturnus
2944 1778 3018 1791 --
3048 1746 3184 1818 367,
3213 1750 3443 1824 Jupiter

1863 1862 1943 1872 —
1966 1832 2104 1903 371,
2121 1835 2284 1887 Mars
2301 1866 2380 1875 —
2401 1832 2538 1904 378,
2563 1834 2750 1888 Venus
2767 1865 2846 1875 —
2873 1831 3012 1909 382,
3034 1834 3441 1890 Mercurius-—

1866 1919 1980 1975 386
2005 1921 2068 1977 in
2086 1919 2326 1997 Cancro,
2347 1940 2474 1997 quae
2497 1932 2585 1977 est
2605 1922 2784 1977 Lunoe
2804 1918 3028 1989 domus,
3054 1920 3330 1993 efficiant,
3349 1943 3440 1981 re-

1864 2021 2078 2069 censet.
2129 2010 2430 2079 Postremo
2463 2007 2607 2085 quid
2633 2010 2738 2066 Sol
2778 2008 2843 2065 in
2889 2026 3094 2066 sua—
3119 2009 3266 2084 390,
3299 2012 3440 2087 quid

1863 2099 2024 2151 Luna
2053 2097 2115 2153 in
2138 2117 2241 2155 sua
2265 2130 2344 2141 —
2389 2097 2527 2171 393,
2557 2095 2700 2173 quid
2729 2096 2873 2154 alter
2903 2096 2968 2155 in
3001 2096 3240 2155 alterius
3265 2098 3440 2157 domo

1863 2184 2242 2260 portendant,
2272 2179 2547 2262 exponit,
2574 2217 2653 2228 —
2678 2186 2810 2259 396.

1945 2268 2053 2328 Hic
2075 2278 2320 2345 primam
2337 2272 2545 2349 operis
2569 2283 2792 2348 partem
2817 2270 3085 2329 desinere
3113 2291 3188 2329 ne
3215 2273 3312 2331 cui
3336 2275 3440 2333 du-

1862 2358 2026 2416 bium
2056 2360 2500 2436 relinqueretur,
2529 2372 2700 2437 poeta
2712 2358 2835 2436 jam
2858 2360 2968 2436 397
2991 2380 3076 2437 sq.
3107 2360 3179 2418 ad
3199 2380 3288 2433 ea,
3309 2382 3438 2439 quae

1862 2448 2155 2525 exposuit,
2183 2448 2274 2506 his
2311 2448 2510 2506 verbis
2534 2447 2774 2526 respicit
2806 2468 2819 2505 ε
2853 2450 2990 2507 Τοῖα
3015 2447 3110 2523 μὲν
3135 2449 3438 2521 ἀλλήλων

1861 2534 2018 2602 οἴκοις
2047 2534 2204 2618 ὁρίοις
2223 2559 2280 2593 τε
2317 2535 2572 2616 παρόντες
2592 2532 2924 2614 Τεύχουσ’...
2939 2534 3222 2595 Versibus
3246 2536 3434 2597 tribus

1862 2626 1964 2699 qui
1993 2637 2338 2702 sequuntur,
2361 2625 2597 2681 alteram
2624 2636 2850 2700 partem
2870 2644 2996 2701 quae
3017 2638 3194 2682 restat
3221 2626 3432 2703 operis,

1862 2726 2144 2789 quatenus
2192 2712 2338 2769 illud
2375 2711 2632 2769 siderum
2661 2732 2694 2769 a
2733 2712 3220 2786 contemplatione
3257 2714 3434 2791 profi·

1862 2793 2120 2863 ciscitur,
2151 2793 2309 2850 clare
2351 2791 2616 2867 designat
2658 2809 2674 2849 ε
2709 2786 2979 2860 Ἀληθείην
3025 2798 3203 2849 πᾶσαν
3243 2790 3436 2869 βιότοιο

1864 2878 2241 2959 Σύγκρασις
2264 2877 2474 2959 διέκριν’
2499 2874 2992 2957 ἐπιμαρτυρίαι
3015 2900 3072 2936 τε
3095 2874 3429 2961 -Ἄστρων

1862 2967 2139 3042 ἀλλήλοις,
2172 2988 2303 3046 quae
2334 2967 2572 3046 quidem
2598 2987 2736 3046 pars
2775 2985 2897 3025 non
2933 2967 3122 3025 solum
3149 2967 3326 3046 hujus
3359 2969 3435 3027 li·-

1860 3056 1954 3114 bri
1979 3057 2124 3134 fine,
2147 3058 2251 3114 sed
2273 3069 2393 3114 toto
2416 3069 2693 3134 sequente
2713 3053 2870 3115 libro
2893 3067 3294 3132 pertractatur.
3319 3057 3436 3116 Sed

1862 3165 1935 3204 ne
1951 3146 2015 3203 in
2035 3159 2192 3203 tanta
2207 3146 2461 3204 materiae
2485 3143 2750 3203 ubertate
2763 3143 3045 3202 memoria
3066 3143 3302 3202 lectoris
3324 3166 3431 3203 va-

1860 3234 2049 3308 cillet,
2083 3254 2213 3312 quae
2238 3234 2511 3313 proxime
2551 3234 2944 3311 explicaturus
2981 3231 3061 3290 sit
3098 3231 3273 3289 etiam
3315 3233 3426 3291 hoc

1860 3323 2034 3396 libro,
2065 3319 2124 3380 v.
2151 3331 2265 3390 402
2290 3322 2544 3380 declarat
2575 3342 2590 3379 ε

1982 3463 2109 3513 ὅσσα
2127 3464 2168 3513 δ’
2189 3463 2288 3527 ἅμ’
2313 3463 2535 3526 Ἠελίῳ
2557 3463 2730 3526 δρῶσιν
2745 3460 3010 3524 παρεόντες,
3035 3459 3202 3510 ἀείσω.

1862 3597 1974 3668 Ea,
2007 3608 2136 3674 post
2151 3593 2394 3652 brevem
2414 3592 2860 3672 explicationem
2884 3590 2957 3648 de
2979 3590 3342 3667 planetarum
3367 3592 3430 3650 vi

1856 3687 1922 3743 in
1937 3697 2070 3742 ortu
2093 3683 2442 3753 efficaciore,
2458 3683 2522 3740 in
2533 3701 2745 3740 occasu
2757 3678 3082 3739 infirmiore
3095 3679 3396 3757 (403-409)
3409 3724 3426 3752 ,

1858 3774 2067 3832 ordine
2108 3772 2281 3831 nobis
2317 3771 2438 3848 jam
2471 3784 2646 3847 noto,
2697 3789 2816 3846 quo
2860 3770 3134 3824 Saturnus
3171 3800 3250 3810 —
3287 3771 3426 3842 416,

1854 3867 2182 3938 Jupiter—
2221 3869 2364 3931 420,
2413 3863 2582 3915 Mars
2619 3891 2700 3903 -
2747 3855 2896 3928 425,
2948 3859 3137 3911 Venus
3170 3889 3250 3904 -·-
3288 3858 3429 3930 430,

1855 3954 2252 4007 Mercurius—
2277 3947 2391 4017 435
2419 3947 2694 4024 deinceps
2713 3956 3106 4014 recensentur,
3131 3946 3429 4021 proposita

1857 4037 2103 4097 videbis.
2125 4037 2254 4096 Jam
2271 4082 2287 4110 ,
2309 4035 2569 4094 breviter
2589 4034 2828 4091 monitis
2842 4030 3163 4090 lectoribus
3185 4030 3427 4092 eandem

1856 4147 1982 4184 esse
2016 4126 2266 4204 planetis
2301 4125 2454 4194 vim,
2507 4123 2557 4181 si
2591 4141 2664 4179 ex
2701 4119 2947 4179 adverso
2974 4119 3128 4177 Solis
3158 4120 3422 4199 (436·38)

1855 4227 2202 4293 appareant,
2249 4231 2310 4270 se
2357 4210 2430 4267 de
2470 4208 2652 4267 variis
2688 4212 2870 4264 Lunoe
2909 4205 3424 4285 conjunctionibus

1855 4304 1908 4360 ἐν
1960 4301 2196 4382 δισσῇσῑν
2251 4296 2556 4378 ἀπορροίαῑς
2596 4303 2850 4376 συναφαῖς
2891 4317 2948 4352 ‘28
2989 4308 3420 4373 pmcepturum

1854 4413 1909 4447 v.
1941 4390 2162 4458 438-40
2193 4386 2503 4466 promittit.

1933 4477 2092 4536 Facit
2131 4477 2192 4538 id
2231 4499 2285 4537 v.
2325 4475 2587 4544 44ι-480
2623 4486 2681 4532 et
2712 4492 2781 4531 ea
2807 4473 3044 4551 quidem
3074 4472 3328 4544 ratione,
3359 4485 3425 4531 ut

1851 4565 2044 4624 obiter
2069 4564 2318 4624 intuenti
2354 4565 2426 4622 ab
2455 4560 2665 4620 ordine
2692 4559 2799 4619 illo
2836 4562 2886 4618 si
2919 4579 3038 4619 non
3066 4579 3310 4637 prorsus
3333 4577 3423 4617 re-

1852 4655 2122 4724 cessisse,
2151 4665 2210 4709 at
2237 4651 2564 4727 paullulum
2601 4648 2965 4706 aberravisse
2991 4645 3279 4705 videatur.
3311 4645 3422 4704 sed

1852 4741 2084 4800 videtur
2133 4753 2375 4798 tantum.
2426 4739 2740 4814 Postquam
2801 4736 2958 4794 enim
3000 4733 3144 4811 quid
3182 4753 3425 4791 crescens

1848 4836 2009 4886 Luna
2030 4833 2272 4886 Saturno
2285 4825 2596 4904 conjuncta
2617 4825 2821 4883 afferat
2844 4845 2906 4881 v.
2943 4830 3017 4890 44
3031 4821 3168 4888 1-45
3193 4821 3417 4896 docuit,

1850 4918 1992 4996 quid
2026 4921 2342 4974 decrescens
2374 4935 2407 4972 a
2443 4919 2686 4972 Saturno
2718 4926 2776 4971 et
2809 4926 2933 4970 tum
2965 4913 3259 4968 crescendo
3291 4913 3419 4966 Jove·

1848 5021 1945 5064 aut
1976 5009 2180 5062 Veneri
2210 5002 2445 5081 juncta,
2487 5001 2785 5072 445·450,
2817 4998 2961 5075 quid
2991 5003 3275 5060 Memmio
3296 4997 3419 5056 effi·

1846 5097 1982 5166 ciat,
2002 5095 2074 5162 45
2087 5115 2110 5149 1
2128 5103 2305 5152 notat.
2321 5091 2486 5150 Patet
2495 5103 2832 5149 consuetum
2853 5089 3120 5146 ordinem
3147 5086 3412 5158 retineri,

1846 5185 1957 5242 nisi
1993 5179 2151 5259 quod
2180 5185 2383 5238 Martis
2422 5179 2701 5258 junctura
2727 5197 2884 5235 nunc
2927 5177 3163 5234 dennuni
3189 5176 3256 5234 in
3294 5175 3412 5232 fine
