3767 5825
1375 391 1456 450 IN
1500 387 1908 454 MAXIMUM.

56 539 179 604 puto
231 523 531 604 φαινόμενοι
588 545 718 584 00111
796 521 1267 583 antecedentibus
1327 519 1593 598 junctum

57 613 231 671 fuisse.
266 614 468 672 Potius
499 613 609 671 tale
631 611 777 692 quid
799 611 1067 670 desidero
1095 631 1110 668 1
1135 607 1434 690 φαινόμενοι
1456 608 1595 685 λαμ-

55 702 162 778 προὶ
195 711 352 760 πᾶσιν
395 698 802 780 μακαριζόμενοί
843 723 921 759 τε.
960 733 1041 745 -
1089 701 1223 775 296.
1277 697 1599 768 λελάληνται

53 791 170 850 edd.
212 792 298 863 fl,
323 791 425 850 sed
469 791 809 850 κελαδεῧνται
855 788 1014 866 conj.
1068 787 1201 860 AR;
1260 788 1598 865 σελαγεῦνται

55 899 168 938 nos.
199 914 278 925 —-
311 900 446 957 ²97·
493 876 550 938 δὲ
577 878 782 936 τόποισι
826 876 986 949 edd„
1033 876 1317 953 θαλάμοισι
1359 892 1500 947 nos,
1543 885 1600 932 et

53 978 263 1044 poterat
291 968 464 1025 etiam
505 962 770 1045 λέκτροισι
802 965 895 1022 vel
942 964 1247 1043 μελάθροισι
1279 962 1480 1021 scribi.
1515 961 1599 1018 Ex

55 1055 216 1112 Arato
240 1055 352 1112 252
366 1053 650 1134 πενθερίοις
661 1054 796 1132 quis
819 1053 1119 1131 praeferat‚
1145 1053 1247 1112 sed
1277 1053 1462 1109 forma
1486 1074 1599 1108 πεν-

55 1143 252 1221 θερυιοῖς
281 1142 429 1201 bene
451 1143 717 1204 formata.
754 1177 831 1186 —
853 1143 990 1217 298.
1024 1141 1214 1199 δισσῶν
1252 1140 1411 1217 edd.‚
1442 1139 1598 1217 quod

54 1230 181 1306 quid
209 1230 322 1290 sibi
366 1231 507 1289 velit
544 1251 664 1289 non
691 1231 1007 1309 perspicia.
1044 1229 1311 1307 Scripsit,
1361 1229 1596 1308 opinor,

55 1317 202 1379 ἰδίων.
240 1319 332 1376 Ad
354 1322 696 1378 sententiam
723 1318 796 1378 cf.
823 1317 904 1388 11,
933 1319 1191 1378 186-188
1219 1337 1235 1378 :

162 1444 216 1492 οὐ
237 1442 364 1503 μάλα
381 1443 682 1503 κηδομένους,
708 1441 890 1505 μάχλου
912 1441 1066 1490 ἕνεκεν
1087 1440 1327 1502 φιλότητος

161 1515 264 1563 οὔτε
279 1514 421 1574 φίλων
445 1515 695 1578 σφετέρων,
709 1511 809 1562 οὐδ’
829 1511 888 1560 αὖ
910 1512 1124 1574 πατέρων
1148 1511 1413 1574 ἀλέγοντας·

160 1586 190 1642 ἦ
211 1585 300 1646 γὰρ
319 1585 378 1642 δὴ
402 1585 576 1634 κεδνῶν
598 1582 775 1646 &Qut
784 1581 936 1646 γάμον
955 1581 1278 1646 αἰσχύνουσιν.

59 1727 118 1736 --
149 1709 280 1765 299.
303 1689 546 1748 Versum
571 1701 767 1766 aperte
805 1687 876 1746 ad
918 1687 1031 1763 293
1056 1688 1438 1766 pertinentem
1470 1697 1601 1742 ante

57 1797 154 1853 ²97
177 1789 652 1856 transposuerant
670 1776 796 1838 AR.
823 1776 1086 1834 Fortasse
1103 1777 1217 1852 298
1248 1793 1336 1850 sq.
1360 1787 1602 1852 propter

55 1865 284 1924 similem
313 1866 630 1925 clausulam
658 1867 985 1945 καθορῶνται
1008 1884 1212 1924 rursus
1244 1863 1478 1922 aliunde
1498 1863 1601 1920 ad-

55 1955 335 2032 scriptum.
359 1953 409 2012 x'
428 1951 492 2024 ἢν
515 1953 570 2012 ἅ.
594 1951 867 2033 φαίνονται
880 1953 1010 2026 GH,
1041 1952 1201 2031 quod
1219 1951 1445 2010 restitui
1473 1971 1602 2009 cor-

57 2055 198 2100 recto
226 2043 354 2114 κᾶν;
379 2039 446 2113 ἢν
463 2041 517 2100 ἄ.
551 2040 834 2124 φαίνωνται
861 2041 955 2102 ed.

125 2135 218 2201 11,
259 2133 542 2189 300-312.
589 2163 670 2173 -
709 2131 841 2188 301.
878 2131 1094 2188 πλουτεῖ
1131 2128 1224 2188 καὶ
1265 2132 1337 2200 G,
1386 2129 1602 2186 πλουτεῖ

55 2219 128 2288 ἠδ’
150 2219 239 2276 ed.
271 2239 394 2278 non
417 2219 642 2277 monito
671 2217 918 2290 lectore;
948 2217 1165 2276 πλουτεῖ
1195 2239 1253 2275 τε
1276 2215 1366 2274 καὶ
1394 2237 1518 2274 nos.

125 2311 218 2379 42,
247 2309 280 2364 3
292 2308 458 2365 13-33
469 2327 494 2364 1
506 2353 519 2365 .
537 2306 941 2384 Supplementi
956 2306 1144 2381 gratia
1160 2304 1234 2363 de
1251 2306 1601 2363 seminarum

57 2394 440 2454 nativitatibus
489 2394 754 2471 quaedam
795 2394 1110 2453 adduntur.
1153 2430 1226 2442 —
1251 2393 1384 2452 315.
1433 2393 1602 2460 ἄλλως

57 2483 96 2540 δ’
120 2485 184 2549 ὣς
207 2483 369 2554 edd„
401 2480 540 2540 ἀλλὰ
561 2481 652 2540 καὶ
674 2480 746 2547 ὣς
768 2501 890 2540 nos.
924 2513 1006 2529 —
1032 2482 1164 2541 316.
1195 2481 1436 2540 Comma
1471 2494 1602 2560 post

55 2570 204 2642 Ζηνὸς
219 2569 476 2650 positum
498 2581 630 2628 ante
660 2563 794 2646 μετὰ
819 2570 1126 2628 collocavi.
1157 2603 1230 2613 —
1257 2571 1392 2642 317.
1419 2571 1466 2627 τ’
1494 2590 1600 2629 nos

56 2659 389 2718 addidimus.
417 2692 495 2703 —
512 2659 545 2715 3
558 2658 646 2717 18.
666 2656 741 2734 γ’,
767 2657 927 2736 quod
947 2657 1082 2717 add.
1106 2656 1206 2715 AR
1229 2670 1361 2736 post
1382 2657 1597 2736 Κρόνος,

55 2767 242 2806 rursus
268 2746 439 2825 ejeci.
455 2779 538 2792 --
557 2748 694 2823 319.
725 2745 946 2825 διθύροις
969 2746 1071 2805 αἰεὶ
1103 2743 1493 2825 προϊσταμένοις
1516 2749 1596 2818 G,

53 2837 101 2894 ἐν
121 2835 366 2917 διθύροισι
387 2857 476 2916 πρ.
497 2835 574 2894 αἶ.
599 2835 695 2894 ed.
715 2857 732 2907 ;
760 2835 860 2894 sed
887 2854 1060 2914 quam
1085 2835 1458 2914 probabilius
1481 2847 1604 2893 erat

55 2947 105 2981 τε
123 2938 246 3003 post
265 2923 370 2983 αἰεί
388 2924 619 2985 addere.
653 2957 730 2969 —-
750 2925 863 2983 322
883 2945 969 3003 sq.
988 2922 1118 2995 ἠΰτε
1130 2923 1259 3003 ἔργα
1282 2925 1327 2981 3.
1363 2946 1444 2984 στ.
1479 2927 1599 2983 αἷσ-

53 3018 180 3093 χρῶς
197 3016 244 3074 δ.
273 3038 380 3073 mx
449 3012 599 3091 ήμως
623 3014 730 3074 GH
751 3028 810 3074 et
831 3015 915 3073 ita
944 3015 1063 3087 ed„
1103 3015 1220 3073 nisi
1249 3014 1408 3092 quod
1435 3037 1603 3073 κακο-

55 3102 245 3181 φήμων.
275 3102 390 3161 Sed
411 3125 440 3159 ο
462 3124 519 3159 ον
561 3100 734 3182 ἔοργεν
755 3104 848 3162 vel
893 3093 966 3163 ὧν
991 3101 1124 3162 ἕνεκ’
1152 3100 1316 3183 ἔργων
1343 3102 1499 3181 conj.
1529 3108 1598 3163 Α.

57 3188 222 3249 Multo
240 3190 602 3268 simplicius:
627 3188 839 3262 ἠῢτ’ἐπ’
864 3187 1031 3271 ἔργοις
1046 3194 1090 3250 ἐ.
1109 3212 1160 3249 σ.
1175 3190 1412 3270 αἰσχροῖς
1431 3191 1479 3251 δ.
1504 3213 1600 3248 κα·

57 3278 313 3357 κοφήμως.
335 3311 414 3323 —
445 3278 581 3337 325.
604 3276 640 3349 ἢ
661 3279 952 3337 πολλῶν-
963 3277 1084 3337 ἔστε
1103 3278 1332 3345 ἄτεκνοις
1355 3279 1404 3337 G
1441 3279 1459 3356 (
1484 3299 1600 3337 non

57 3368 208 3437 ἔσται,
232 3379 300 3426 111
334 3366 596 3425 referunt
620 3366 722 3427 AR
743 3368 790 3446 )‚
815 3367 964 3426 ἔσται
991 3368 1202 3434 ἅτεκτος
1230 3365 1265 3424 J
1284 3410 1301 3439 ,
1327 3366 1362 3439 ἤ
1403 3390 1458 3425 τε
1484 3368 1601 3426 ἄτε-

57 3477 160 3521 κνος
182 3456 254 3529 Η,
285 3452 354 3526 δὴ
380 3456 588 3514 πολλῶν
603 3490 677 3501 -
695 3454 846 3516 ἔσται
865 3455 1078 3523 ἄτεκνος
1102 3456 1192 3514 ed.
1218 3454 1369 3513 Tum
1391 3458 1601 3515 πολλῶν

59 3544 218 3622 μήτηρ
255 3542 494 3602 deberet
519 3563 645 3603 esse
671 3544 852 3605 altera
877 3544 1097 3617 Niobe,
1123 3563 1257 3622 quae
1285 3545 1598 3603 multorum

57 3633 296 3705 genitrix
328 3631 600 3691 omnibus
623 3634 853 3695 amissis
877 3634 942 3692 in
967 3634 1238 3692 lacrimas
1261 3632 1599 3694 effunditur.

59 3716 117 3776 ld
138 3739 274 3779 vero
301 3719 480 3779 nimis
505 3718 766 3779 breviter
787 3733 846 3778 et
876 3719 1125 3779 obscure
1161 3733 1305 3778 esset
1331 3722 1601 3778 enuntia-

59 3818 186 3869 tum.
219 3808 374 3867 Hinc
395 3808 604 3887 scripsi
634 3830 648 3865 :
675 3800 712 3880 ἦ
735 3810 950 3875 πολλοῖς
987 3806 1242 3899 -ςέστεῗ
1263 3806 1493 3875 ἄτεκνος.
1524 3841 1605 3853 -

61 3896 183 3956 331.
207 3895 422 3967 πλαστὴ
441 3897 570 3967 GH,
596 3897 752 3973 quod
771 3897 1023 3969 restitui;
1045 3895 1288 3965 πλαστὴν
1304 3896 1422 3968 ed„
1446 3898 1602 3974 quod

59 4002 164 4041 non
186 3986 328 4043 satis
343 3984 630 4060 intelligo,
649 3984 817 4061 ἁγνῶς
834 3983 964 4057 Gfl,
993 3985 1153 4062 quod
1176 3984 1434 4042 restitui:
1460 4006 1604 4060 pure

59 4070 120 4128 de
139 4092 225 4145 02,
250 4092 380 4151 quoe
403 4085 630 4151 partum
653 4073 912 4145 simulat,
933 4074 1034 4132 sed
1066 4092 1136 4131 eo
1166 4092 1312 4149 pura
1335 4085 1392 4131 et
1421 4073 1606 4132 libera

57 4171 162 4227 θεῖς
187 4158 356 4237 ἀγνώς
377 4159 470 4217 ed.

127 4248 198 4306 ts
217 4290 234 4319 ‚
291 4247 573 4313 332-340.
614 4245 758 4305 Item
814 4246 1196 4322 fragmentum
1237 4248 1310 4306 de
1334 4248 1598 4321 feminis,

58 4334 146 4391 sed
171 4354 415 4412 prorsus
441 4335 592 4393 alius
615 4336 852 4393 coloris.
888 4336 1024 4409 335,
1060 4335 1171 4392 336
1203 4348 1260 4393 01
1295 4338 1402 4409 337
1436 4360 1602 4395 κακο-

57 4418 341 4498 πράγμονα,
366 4422 652 4502 αὗοτηράν,
675 4420 913 4502 βληχρὰν
933 4422 1092 4493 edd.,
1120 4423 1221 4482 sed
1241 4423 1470 4483 Ionicas
1489 4424 1602 4482 for-

59 4527 168 4568 mas
192 4530 266 4568 ex
296 4512 432 4584 332,
469 4512 606 4584 334,
639 4511 778 4583 335,
809 4512 923 4580 340
947 4512 1206 4589 reposui.

125 4740 416 4819 Superest,
447 4755 514 4802 ut
535 4744 608 4803 de
638 4756 758 4803 tota
782 4745 990 4804 horum
1029 4766 1131 4805 sex
1155 4747 1441 4806 librorum
1467 4770 1603 4807 con-

51 4824 347 4901 junctione
387 4830 578 4891 tribus
603 4834 802 4892 verbis
847 4854 1185 4893 moneamus
1200 4879 1216 4907 ,
1254 4856 1602 4914 quamquam

55 4934 244 4974 verum
267 4931 376 4997 est,
389 4920 545 4996 quod
566 4920 818 4981 editores
833 4923 992 5001 praef.
1016 4944 1076 5001 p.
1098 4944 1280 4981 xxxrv
1295 4924 1601 4983 dixerunt:

63 5030 84 5051 «t
116 5006 209 5081 qui
231 5026 399 5066 casus
415 5007 524 5066 hos
546 5007 730 5067 libros
745 5010 804 5068 in
828 5031 1006 5070 unum
1027 5012 1312 5084 conflarit,
1337 5014 1409 5070 de
1425 5014 1528 5071 hac
1545 5034 1606 5073 re

61 5090 184 5165 fingi
210 5094 352 5171 quid
373 5108 584 5173 potest,
615 5096 1004 5157 demonstrari
1017 5099 1173 5157 nihil
1197 5114 1399 5178 potest.
1429 5128 1453 5152 »
1485 5102 1606 5159 Hoc

61 5188 234 5239 tanuen
249 5194 390 5261 puto
405 5202 476 5243 ex
493 5184 592 5259 iis,
610 5206 738 5264 quoe
753 5187 1206 5266 disputavimus,
1223 5187 1378 5247 haud
1395 5202 1607 5247 temere

3143 403 3249 446 tn

1688 521 1884 596 colligi
1907 539 2075 598 posse
2093 564 2110 596 ‚
2140 531 2255 576 tres
2284 517 2547 602 diversos
2568 516 2745 574 fuisse
2776 515 3043 574 homines
3060 559 3075 588 ,
3104 535 3248 595 quo·

1688 629 1818 666 rum
1840 627 1990 666 unus
2008 627 2083 666 ex
2108 627 2229 666 uno
2263 606 2519 664 carmine
2538 604 2756 663 librum
2780 617 3074 682 quartum,
3108 605 3255 662 alter

1687 715 1720 753 e
1737 695 2009 774 pluribus
2029 695 2220 772 iisque
2241 695 2452 771 partim
2476 691 2909 771 antiquioribus
2929 692 3140 769 partim
3162 712 3252 750 re·

1689 781 2279 841 centioribuslibrum
2306 783 2587 859 primum,
2612 783 2819 839 tertius
2843 800 2876 838 e
2899 779 3129 838 duobus
3154 781 3252 837 tri·

1687 871 1873 931 busve
1896 873 2087 949 iisque
2110 872 2523 930 recentissimis
2549 871 2765 930 librum
2806 871 3074 948 quintum
3104 887 3255 928 con-

1690 962 2150 1021 sarcinaverunt.
2185 960 2300 1018 Has
2333 973 2446 1017 tres
2476 960 2799 1035 sartagines
2823 959 2925 1035 qui
2958 977 3089 1014 cum
3115 957 3259 1017 inte-

1692 1068 1795 1124 gro
1817 1048 2005 1108 libros
2034 1049 2346 1107 secundum
2387 1049 2621 1107 tertium
2652 1061 2709 1106 et
2738 1060 2962 1106 sextum
2993 1065 3259 1125 compre-

1691 1137 1977 1196 hendente
2019 1141 2273 1195 carmine
2317 1137 2737 1214 conjuncturus
2782 1149 2937 1210 erat,
2976 1136 3261 1212 praemisit

1691 1225 1906 1284 librum
1928 1234 2173 1302 primum
2204 1232 2464 1302 proaemae'ae'
2489 1245 2691 1298 causa,
2729 1226 2831 1302 qui
2865 1223 2987 1301 jam
3018 1237 3259 1302 propter

1691 1313 1915 1392 χαίροις,
1946 1316 2127 1390 magis
2152 1318 2325 1372 etiam
2349 1327 2591 1393 propter
2617 1313 2920 1390 sequentia
2947 1333 3064 1370 non
3093 1325 3257 1391 pote-

1693 1416 1787 1460 rat
1825 1403 1943 1461 alio
1985 1403 2118 1461 loco
2166 1421 2341 1480 quam
2388 1403 2567 1460 totius
2610 1403 2806 1480 operis
2856 1401 3027 1459 initio
3080 1403 3256 1478 poni3

1693 1489 1913 1548 librum
1941 1493 2239 1548 secundum
2260 1490 2426 1567 sequi
2450 1489 2651 1567 jussit,
2688 1490 2829 1566 quia
2854 1487 2982 1566 ejus
3020 1489 3254 1547 initium

1692 1578 2003 1637 videbatur
2031 1599 2125 1636 res
2162 1579 2481 1650 continere,
2506 1598 2636 1655 quae
2676 1578 3050 1636 fundamento
3084 1579 3261 1638 totius

1692 1667 1973 1725 doctrinae
1982 1681 2187 1739 essent,
2200 1675 2417 1724 tercium
2430 1666 2567 1724 inde
2582 1666 2913 1736 collocavit,
2933 1666 3259 1725 arctissimo

1693 1755 2052 1833 praefationis
2070 1755 2311 1814 vinculo
2333 1755 2403 1812 ad
2430 1755 2594 1812 illum
2628 1774 2690 1812 se
2715 1755 3123 1831 applicantem.
3148 1753 3263 1813 Sed

1693 1845 1830 1902 item
1857 1858 2214 1922 postremum
2241 1843 2456 1919 integri
2478 1843 2757 1901 carminis
2780 1841 2997 1900 librum
3018 1855 3262 1920 propter

1691 1934 1910 1991 exitum
1964 1933 2147 1990 multo
2195 1932 2503 1991 clariorem
2544 1945 2601 1990 et
2651 1931 3015 1990 disertiorem
3034 1973 3051 2002 ,
3086 1948 3261 2007 quam

1696 2040 1814 2098 quo
1840 2018 1995 2077 liber
2017 2033 2245 2096 quartus
2270 2020 2513 2097 explicit
2528 2063 2543 2090 ‚
2568 2017 2818 2076 debebat
2841 2037 2876 2076 a
2895 2021 3067 2077 tertio
3096 2037 3261 2096 sepa-

1696 2128 1847 2180 rare,
1871 2121 1932 2166 et
1944 2109 2163 2166 exitum
2188 2108 2383 2166 horrei
2406 2108 2499 2165 sui
2524 2107 2729 2178 facere,
2753 2107 2807 2164 si
2831 2107 3067 2182 quidem
3087 2107 3258 2164 etiam

1692 2195 1911 2253 librum
1934 2210 2200 2274 quartum
2225 2208 2282 2252 et
2305 2195 2571 2270 quintum
2594 2195 2972 2272 interponere
2998 2192 3258 2273 parabat.

1689 2283 1851 2354 Quos
1868 2284 2057 2343 libros
2080 2304 2186 2344 cur
2207 2284 2318 2342 hoc
2345 2284 2543 2362 potius
2562 2283 2773 2341 ordine
2798 2301 2989 2360 neque
3029 2272 3261 2340 contra·

1692 2373 1784 2431 rio
1822 2373 2227 2444 collocaverit,
2267 2391 2404 2430 casu
2439 2373 2648 2430 factum
2694 2371 2941 2456 videtur.
2976 2370 3259 2448 Equidem

1698 2476 1851 2520 certe
1890 2483 2120 2520 causam
2160 2462 2427 2521 invenire
2464 2481 2581 2520 non
2624 2461 2811 2540 potui.
2843 2460 2945 2519 His
2988 2459 3263 2520 omnibus

1693 2562 1812 2608 tum
1839 2553 2201 2608 Manethonis
2230 2569 2441 2608 nomen
2468 2549 2774 2624 praefixum
2802 2560 2909 2610 est.

2336 2715 2661 2737 “w

1771 2813 1858 2871 De
1881 2813 2125 2872 1111111110
2147 2815 2314 2873 brevi
2344 2835 2469 2874 esse
2492 2828 2549 2872 et
2576 2814 2711 2872 licet
2732 2827 2792 2871 et
2818 2814 3035 2891 placet,
3058 2832 3264 2889 quam-

1689 2922 1862 2980 quam
1902 2903 1973 2961 de
2007 2902 2117 2961 hoc
2167 2924 2399 2981 quoque
2440 2905 2775 2980 neutiquam
2816 2900 2963 2960 mibi
3013 2921 3260 2979 prorsus

1692 2992 1965 3049 convenit
1992 3011 2119 3049 cum
2152 2990 2451 3061 omnibus,
2474 3007 2612 3068 ‘quae
2636 2989 2939 3068 hucusque
2970 2990 3264 3067 disputata

1691 3092 1845 3139 sunt.
1888 3078 1998 3137 Sed
2026 3100 2205 3157 quum
2259 3092 2379 3138 tota
2405 3079 2478 3138 de
2516 3079 2629 3137 hoc
2656 3092 2827 3157 poeta
2849 3079 3095 3157 quaestio
3125 3099 3262 3158 pro-

1691 3181 1821 3245 pter
1841 3187 2046 3226 versus
2075 3176 2360 3238 422-424,
2393 3168 2653 3236 456-465
2671 3211 2687 3239 ,
2711 3167 2972 3243 488-496
3003 3165 3265 3224 aTzetza

1693 3269 1982 3333 tamquam
2012 3256 2230 3334 Orphei
2255 3258 2457 3315 citatos
2486 3256 2808 3314 arctissime
2837 3254 3149 3332 conjuncta
3178 3258 3257 3313 sit

1691 3364 1822 3401 cum
1855 3344 2247 3423 Orphicorum
2297 3344 2751 3421 fragmentorum
2794 3342 3252 3421 dijudicatione,

1691 3432 1764 3491 de
1786 3432 2003 3508 quibus
2039 3452 2226 3511 nuper
2252 3432 2530 3491 disseruit
2560 3451 2821 3491 summus
2868 3432 3173 3489 Lobecke'us
3198 3432 3261 3489 in

1692 3519 1979 3597 Aglaoph.
2013 3519 2060 3591 1,
2087 3539 2148 3596 p.
2184 3527 2297 3587 414
2326 3540 2486 3597 sqq.‚
2514 3520 2665 3578 hanc
2694 3521 3067 3596 quaestionem
3108 3539 3265 3579 nunc

1691 3610 2037 3667 resuscitare
2064 3620 2123 3665 et
2154 3609 2480 3686 suscipere,
2509 3610 2737 3667 etiamsi
2767 3621 2902 3684 post
2929 3621 3149 3667 tantum
3176 3609 3263 3667 vi-

1693 3716 1824 3754 rum
1841 3696 2137 3768 auderem,
2162 3710 2490 3754 nontamen
2516 3716 2765 3775 possem.
2790 3695 3028 3755 Constat
3047 3710 3257 3769 autem,

1693 3783 1802 3841 hoc
1837 3784 2117 3842 carminis
2160 3784 2541 3860 fragmentum
2581 3804 2654 3843 ex
2693 3784 2889 3843 Suidae
2923 3784 3261 3842 testimonio

1696 3872 1975 3949 (Μάξιμος
2012 3872 2343 3950 Ἠπειρώτης
2378 3872 2414 3943 ἢ
2449 3874 2754 3948 Βυζάντιος,
2782 3871 3084 3952 φιλόσοφος,
3115 3872 3261 3930 διδά-

1695 3962 1883 4025 σκαλος
1914 3959 2198 4019 Ἰουλιανοῦ
2239 3959 2507 4037 Καίσαρος
2530 3966 2618 4017 τοῦ
2642 3956 2977 4038 παραὸοἶτου.
3017 3954 3264 4040 Ἔγραψα

1695 4048 1830 4128 Περὶ
1871 4048 2077 4106 ἀλύτων
2117 4046 2441 4120 ἀντιθέσεων,
2492 4047 2658 4126 Περὶ
2697 4049 3067 4126 καταρχῶν,
3130 4045 3264 4125 Περὶ

1694 4138 1946 4214 ἀριθμῶν,
1975 4135 2299 4213 Ὑπόμνημα
2340 4138 2413 4202 εἰς
2439 4133 2821 4214 Ἀριστοτέλην,
2852 4133 2943 4192 καὶ
2972 4134 3108 4192 ἄλλοι
3144 4134 3263 4193 τινὰ

1693 4222 1819 4303 πρὸς
1855 4224 1943 4283 τὸν
1983 4222 2138 4283 αὐτὸν
2174 4222 2497 4299 Ἰουλιανόν)
2525 4221 2749 4281 Juliani
2779 4221 3145 4300 temporibus
3170 4223 3263 4280 ad·

1694 4311 1899 4384 scribi,
1920 4311 2137 4391 quibus
2156 4311 2372 4370 librum
2388 4310 2971 4369 Manethonianorum
2990 4326 3259 4388 quartum

1694 4402 2080 4478 compositum
2111 4420 2238 4459 esse
2265 4398 2643 4478 conjecimus.
2678 4398 2745 4456 In
2770 4419 2841 4457 eo
2866 4412 3087 4458 tantum
3119 4399 3263 4457 anti·

1694 4491 1931 4567 quiores
1981 4490 2139 4547 docti
2175 4489 2609 4560 dissenserunt,
2662 4502 2857 4546 utrum
2905 4506 3035 4547 cum
3084 4486 3265 4546 Suida

1694 4578 1947 4637 Maximo
1976 4581 2223 4653 Epirotae·
2242 4578 2333 4634 vel
2358 4581 2637 4651 Byzantio
2654 4596 2861 4635 versus
2890 4575 3025 4634 illos
3051 4574 3265 4634 tribue·

1694 4679 1852 4737 rent,
1875 4686 1949 4723 211
1974 4666 2138 4724 alteri
2162 4665 2440 4737 Maxime,
2460 4666 2715 4740 Ephesi0‚
2748 4665 2933 4723 multo
2952 4662 3263 4722 celebriori

1696 4753 2068 4831 philosopho,
2096 4756 2197 4831 qui
2216 4766 2271 4810 et
2292 4753 2417 4830 ipse
2432 4752 2470 4810 J
2475 4754 2659 4811 uliani
2677 4764 3001 4830 praeceptor
3015 4750 3262 4825 insigni·

1697 4840 1804 4899 bus
1826 4840 1985 4898 abeo
2017 4842 2367 4918 imperatore
2389 4838 2715 4897 honoribus
2740 4851 3001 4909 ornatus,
3036 4850 3259 4916 postea,

1695 4942 1759 4987 ut
1769 4949 1945 5006 supra
1962 4928 2241 4999 vidimus,
2262 4927 2545 4987 avalente
2568 4928 2799 5005 capitali
2825 4946 3001 5005 poena
3024 4925 3263 4984 affectus

1696 5030 1797 5075 est.
1829 5016 1994 5075 Unus
2024 5016 2404 5075 Ruhnkenius
2426 5034 2460 5073 a
2488 5028 2657 5091 poeta
2680 5014 3106 5086 Alexandrino,
3136 5012 3264 5071 cal-

1697 5104 1932 5161 limachi
1972 5117 2028 5162 et
2093 5102 2389 5180 Apollonii
2442 5102 2659 5160 Rhodii
2712 5102 2921 5180 aequali
2978 5102 3259 5177 scriptum

1697 5190 1984 5265 censebat,
2006 5192 2265 5267 graviter
2290 5192 2653 5267 vituperatus
2676 5190 2753 5249 ob
2782 5188 2845 5247 id
2865 5189 3157 5269 judicium
3184 5187 3260 5246 ab
