3767 5825
812 326 1144 387 SERVILI!
1184 323 1689 388 DAMOCRATIS
1731 328 1916 399 QUAE
1957 322 2416 388 SUPERSUNT.

144 459 497 539 Ὑποχόνδριον
520 458 780 533 πεποίηκε
805 459 1031 539 σκληρὸν
1056 459 1091 530 ἢ
1118 459 1255 537 μέγα

142 548 316 631 Σφόδρ’
343 550 563 628 ὠφελεῖν
581 571 598 587 ·
623 547 843 629 ἱδρῶτάς
866 572 922 606 τε
945 548 1047 629 γὰρ
1078 549 1357 630 ἐπιφέρειν,

76 660 121 699 to
150 639 239 698 Καὶ
261 636 507 716 σκληρίας
524 636 667 696 λύειν
692 635 787 703 τὰς
808 640 911 696 τῶν
934 637 1309 716 ὕποχονδρίων,

141 726 455 803 ’Ἀπαλλαγάς
480 749 538 783 τε
565 728 669 783 τῶν
691 724 853 784 νόσων
878 734 1043 785 ποιεῖν
1067 724 1203 805 ταχὺ
1220 774 1236 799 ,

145 812 237 873 Καὶ
261 813 353 880 τὰς
386 811 582 891 ἐποχὰς
604 810 660 871 δὲ
682 816 783 871 τῶν
809 815 1039 894 φυσικῶν
1064 813 1401 890 καταμηνίων

142 899 293 977 Ἄγειν
323 901 592 980 βραχείαις
617 900 839 981 ἡμέραις
868 900 1210 977 ἐπικείμενον.

141 988 271 1065 Ἐγὼ
295 991 339 1047 δ’
368 993 603 1069 ἀφαιρῶν
626 989 721 1061 τὴν
743 989 947 1048 τίτανον
978 991 1301 1070 στυπτηρίαν

76 1097 119 1135 ⁹⁶
142 1080 327 1147 Διπλῆν
352 1076 597 1149 ἔὸαλλον,
628 1077 717 1134 καὶ
739 1076 800 1136 τὸ
828 1076 1104 1157 φάρμακον
1129 1083 1305 1137 ποιοῦν

141 1165 366 1241 Ἄμεινον
392 1164 576 1241 ἔγνων,
601 1168 658 1223 οὗ
683 1170 862 1224 ποιοῦν
888 1164 955 1224 τὰ
982 1165 1261 1247 ψυδράκια.

60 1272 167 1331 [Sec.
190 1282 289 1331 gen.
310 1272 407 1331 vl,
428 1272 483 1317 P.
506 1271 579 1331 11,
601 1282 650 1333 p.
677 1272 769 1319 405
794 1272 845 1319 et
866 1272 1021 1333 406.)

653 1468 673 1474 —
682 1460 975 1484 ⁴000*-

285 1594 862 1654 ΔΑΜΟΚΡΑΤΟΥΣ
906 1594 1302 1653 ΜΑΛΑΓΜΑ.

140 1766 283 1844 Χρεὼ
314 1770 377 1843 (Ρ)
410 1765 467 1824 δὲ
489 1764 699 1831 πάντως
720 1762 809 1823 καὶ
832 1765 1177 1842 μαλάγματος
1204 1769 1365 1824 καλοῦ

140 1856 252 1919 Τοῖς
273 1856 474 1934 σφόδρα
502 1854 859 1933 φιλιατροῢσιν
884 1852 1033 1911 ἔσται
1062 1855 1315 1919 πολλάκις

146 1941 276 2017 Πρὸς
298 1941 592 2019 σπάσματα
618 1944 761 2017 μυῶν
792 1942 997 2018 μεγάλα
1021 1938 1111 1997 καὶ
1134 1940 1263 2022 πρὸς
1287 1940 1561 2021 ῥήγματα,

146 2026 369 2109 Ἄρθρων
399 2030 476 2087 ἔτι
502 2027 559 2087 δὲ
588 2028 681 2087 καὶ
710 2027 1039 2105 λυγίσματα,
1059 2027 1249 2108 νεύρων
1282 2030 1383 2107 [τε]
1414 2052 1589 2109 παχυ-

74 2140 97 2176 ῑ
144 2118 242 2176 Καὶ
262 2117 415 2197 [τῶν]
434 2120 579 2194 μυῶν
602 2116 695 2181 τὰς
714 2115 963 2194 σκληρίας
989 2114 1122 2191 μετὰ
1146 2118 1356 2196 φλεγμο·
1386 2118 1593 2195 [σμοὺς,

142 2206 276 2284 Πρὸς
300 2206 479 2281 μέντοι
499 2205 744 2282 δήγματα
770 2204 898 2283 πρὸς
920 2210 1087 2262 ταῦτα
1112 2209 1252 2263 τοῦτ’
1279 2206 1389 2264 ἐστὶ
1454 2204 1587 2289 [ν’ἧς.

142 2293 575 2372 Δραστικώτατον
594 2316 608 2329 ·
631 2292 765 2372 αἴρει
791 2291 845 2349 δὲ
870 2292 961 2349 καὶ
990 2294 1235 2371 λειχῆνας
1258 2294 1347 2352 καὶ
1368 2292 1594 2374 λέπρας,

142 2382 505 2459 Ἐπικείμενον
534 2382 597 2440 τὸ
616 2382 857 2439 πλεῖστον
886 2378 1087 2459 ἡμέρας
1113 2379 1238 2439 δέκα
1255 2426 1272 2457 ,

142 2468 543 2543 Ἄλλαττόμενον
566 2466 713 2547 παρὰ
736 2468 861 2544 μίαν
884 2468 917 2539 ἢ
950 2468 1023 2525 δύ’
1054 2467 1271 2547 ἡμέρας.

76 2578 119 2617 ιυ
146 2558 343 2628 Πίσοης
369 2558 609 2633 διαυγοῦς
638 2555 924 2635 ξηροτάτης
946 2557 1125 2636 λίτρας
1149 2556 1257 2614 δύο·

144 2646 280 2705 Μίαν
306 2644 547 2716 πιτυΐνης
570 2644 660 2702 καὶ
685 2644 809 2719 μίαν
838 2649 1000 2723 κηροῦ
1027 2646 1211 2702 καλοῦ·

141 2734 505 2811 Ἀμμωνιακοῦ
528 2732 619 2790 καὶ
646 2732 965 2811 στυπτηρίας
988 2736 1145 2810 ὑγρᾶς
1166 2732 1325 2791 πάλιν

142 2824 280 2882 Μίαν
304 2822 670 2903 [προστίθει],
700 2821 845 2890 ὄξους
874 2822 979 2901 [τε]
1007 2820 1321 2901 δριμυτάτου
1346 2821 1436 2880 δύο

143 2912 344 2979 Ξέστας
375 2909 639 2990 μετρήσας
660 2908 750 2990 ἔχε
774 2910 1287 2990 παρεσκευασμένον.

72 3019 116 3060 15
142 2999 293 3059 Κατὰ
317 2999 381 3058 τὸ
410 2998 629 3058 σπάνιον
659 2999 713 3057 δὲ
742 2999 1013 3078 χαλὸάνης
1038 3001 1117 3057 δυ’
1144 2998 1351 3076 οὐγγίας

139 3088 285 3154 Τινὲς
313 3087 695 3168 προσέὸαλλον,
718 3087 1022 3166 βουλόμενοι
1038 3087 1129 3153 τὰς
1150 3087 1401 3166 σκληρίας

142 3181 351 3236 Θᾶσσον
378 3174 612 3252 μαλάξαι
633 3175 727 3243 τὰς
750 3175 973 3254 ἐχούσας
996 3175 1085 3232 καὶ
1113 3176 1317 3254 χρόνον.

141 3265 377 3335 Σκευάζε
404 3266 451 3322 δ’
473 3262 635 3328 οὕτως
652 3287 666 3300 ·
698 3261 985 3322 ἀπολαὸὼν
1008 3263 1148 3330 ὄξους
1176 3264 1345 3342 τρίτον

142 3354 514 3430 Ἀμμωνιακοῧ
540 3351 763 3431 κατάχει
784 3375 839 3409 τε
865 3351 955 3409 καὶ
984 3351 1319 3430 στυπτηρίας·

70 3461 117 3500 20
147 3443 250 3500 Καὶ
268 3443 391 3500 λεῖα
420 3443 584 3500 ποιῶν
604 3442 657 3497 ἐν
683 3439 826 3519 θυείᾳ
858 3439 1081 3516 μείζονι,

144 3532 325 3608 ΙΙᾶχος
347 3528 570 3598 ποίησον
602 3529 805 3603 μέλιτος
829 3531 983 3605 ὑγροῦ
1013 3526 1315 3607 προσφάτου
1333 3551 1346 3565 ·

142 3617 352 3678 Πίσσαν
386 3615 440 3675 δὲ
463 3615 635 3674 καὶτὸ
658 3615 837 3674 λοιπὸν
868 3620 920 3674 ἐν
943 3621 1095 3694 καινῇ
1120 3615 1288 3696 χύτρα

136 3703 409 3786 Ἓψησον,
434 3707 504 3770 ὣς
528 3713 635 3761 πᾶν
662 3707 789 3783 παρ’
817 3703 1092 3781 ἐλάχιστον
1114 3706 1341 3783 ἐκφρυγῇ
1357 3727 1369 3740 ·

142 3793 299 3853 Οὕτω
322 3789 553 3870 κατάχει
574 3813 631 3848 τε
654 3794 756 3849 τῶν
786 3793 961 3856 καλῶς
983 3790 1345 3866 λελεασμένων

70 3902 117 3940 ²⁶
142 3883 232 3942 Ἐν
257 3887 325 3960 τῇ
354 3880 504 3960 θυείᾳ
530 3878 622 3937 καὶ
647 3878 897 3959 ἅνᾶκοφθ’
929 3877 1023 3944 ἕως
1044 3877 1183 3957 λα’ὅῃ

141 3971 347 4030 Ξανῡὸν
375 3969 438 4027 τὸ
460 3972 654 4046 χρῶμα
679 3967 873 4046 μηλίνῃ
897 3967 1275 4048 προσεμφερές·

141 4059 304 4126 mizon
329 4057 389 4115 δὲ
412 4057 619 4122 πάντως
646 4055 955 4134 βουλόμενος
976 4055 1065 4112 καὶ
1092 4054 1389 4134 χαλὸάνην,

144 4145 295 4205 Μετὰ
323 4149 494 4225 κηροῦ
523 4143 719 4214 ταύτην
744 4138 981 4212 πιτυΐνην
1003 4166 1060 4200 τε
1086 4143 1431 4221 προσὸαλεῖς,

140 4231 301 4315 Ἄρας
330 4233 453 4309 μετ’
480 4231 657 4306 ὀλίγον
682 4230 777 4300 τὴν
805 4229 1004 4308 χύτραν
1036 4230 1140 4288 ἀπὸ
1160 4237 1249 4288 τοῦ
1271 4233 1451 4312 πυρός.

72 4343 121 4381 an
149 4322 306 4388 Τινὲς
336 4321 397 4379 δὲ
420 4318 817 4400 προσὸάλλουσι
843 4319 1072 4394 σταθμὸν
1100 4319 1297 4394 μάννης
1326 4318 1459 4396 ἴσον,

142 4413 259 4482 Τὴν
292 4406 627 4486 στυπτηρίαν
659 4407 887 4486 αἴροντες
911 4409 969 4464 ἐκ
992 4413 1082 4464 τοῦ
1112 4407 1416 4486 φαρμάκου,

145 4500 253 4558 Καὶ
290 4498 566 4578 χρώμενοι
598 4495 729 4576 πρὸς
757 4493 826 4552 τὰ
848 4501 1063 4553 τοιαῦτα
1081 4542 1098 4572 ,
1132 4497 1221 4553 καὶ
1249 4495 1340 4562 τὰς
1374 4495 1617 4574 προσφά-

1468 4590 1620 4667 [τους

148 4596 409 4654 Κολλῶσι
430 4589 597 4668 ταύτῃ
626 4594 692 4668 τῇ
719 4591 934 4666 δυνάμει
965 4588 1259 4669 διαιρέσεις.

145 4681 341 4760 Τούτῳ
369 4679 431 4738 δὲ
458 4677 690 4757 κέχρησο
717 4677 806 4735 καὶ
831 4677 935 4735 ἀπὸ
959 4677 1169 4756 πρώτης
1185 4678 1384 4757 ἡμέρας

66 4791 115 4830 zu
147 4772 271 4850 Ἐφ’
299 4761 379 4828 ὧν
410 4775 685 4846 προεῖπον,
709 4763 831 4824 ὅταν
853 4765 1045 4845 ἔχωσιν
1073 4766 1306 4831 εὐλαὸῶς

146 4861 287 4937 Πρὸς
314 4857 417 4922 τὰς
440 4855 651 4934 ἀμυχάς
682 4877 737 4912 τε
761 4854 852 4912 καὶ
880 4853 945 4910 τὰ
972 4852 1186 4918 ταύταις
1205 4852 1460 4929 ἑπόμενα·

146 4953 243 5028 Τῷ
267 4946 524 5024 σπληνίῳ
550 4945 595 5002 δ’
620 4943 813 5002 ἄνωθεν
842 4941 945 5009 ὄξει
975 4940 1250 5020 διάδροχον

148 5036 403 5112 Σπόγγον
436 5031 691 5089 ἐπίὸαλλε
715 5029 805 5088 καὶ
830 5029 995 5088 ἐπίδει
1020 5027 1399 5105 πεπιεσμένως.

146 5123 339 5190 Οὕτως
365 5118 660 5200 ἐπιῤῥίψεις
687 5117 815 5176 αὐτὸ
835 5117 926 5177 καὶ
948 5121 1053 5184 τοῖς
1075 5117 1407 5189 σπληνικοῒς.

1666 470 1759 515 Aut
1781 466 2057 527 duraverit,
2075 467 2161 517 aut
2183 466 2372 515 auxerit
2393 464 2510 515 citra
2532 464 2730 514 modum
2743 500 2759 525 ‚

1674 556 1913 618 opitulari
1930 555 2051 605 illud
2069 556 2382 617 emplastrum
2398 568 2542 616 quam
2565 555 2801 614 manime3

1674 646 1861 706 Quippe
1878 643 1926 693 id
1951 644 2148 693 sudores
2164 643 2369 703 excitat,
2395 642 2672 704 praecordiis

1674 732 1909 782 Duritiem
1931 734 2079 797 tollit,
2104 732 2300 781 morbos
2320 732 2464 781 solvit
2483 731 2699 793 protinus
2715 766 2730 791 ,

1676 824 1880 871 Retenta
1902 821 2140 871 naturalia
2157 821 2242 869 din
2261 822 2506 869 menstrua

1674 910 1955 971 impositum
1976 909 2196 971 pauculis
2219 908 2386 958 diebus
2407 910 2650 971 provocat.

1678 1001 1774 1048 Nos
1792 999 1925 1048 calce
1946 998 2144 1060 dempta
2163 998 2364 1060 duplum
2389 998 2582 1047 alumen
2607 996 2816 1045 indimus
2829 1030 2843 1055 ,

1677 1090 1736 1136 Et
1759 1087 1932 1137 melius
1948 1086 2264 1150 pharmacum
2291 1088 2424 1147 erat,
2446 1084 2576 1134 haud
2599 1084 2776 1134 faciens
2799 1073 3028 1145 pustulas·

2300 1456 2606 1480 --Q0··-—

1982 1591 2483 1651 DAMOCRATlS
2525 1587 2941 1649 MALAGMA.

1688 1779 1825 1837 Opus
1847 1789 1976 1837 saepe
1995 1776 2193 1825 omnino
2216 1778 2267 1825 et
2289 1775 2592 1837 malagmatis
2615 1774 2730 1823 boni

1684 1864 1934 1930 Medicinae
1955 1864 2161 1913 strenuis
2178 1865 2270 1913 erit
2289 1862 2556 1912 cultoribus

1685 1952 1757 2002 Ad
1784 1953 2029 2001 musculos
2045 1952 2229 2003 laceros
2249 1951 2392 2000 valde
2411 1954 2558 2014 atque
2575 1950 2830 2001 tendinum

1688 2044 1932 2104 Rupturas
1949 2042 2186 2104 luxosque
2204 2044 2336 2090 artus
2349 2076 2362 2099 ,
2384 2040 2751 2089 crassitudinem

1688 2131 1955 2179 Nervorum
1971 2166 1984 2189 ,
2006 2129 2436 2190 musculorumque
2457 2126 2640 2189 absque
2664 2126 2948 2189 phlegmone

1650 2242 1664 2256 ·
1688 2218 1914 2267 DuritiaS.
1937 2218 2010 2267 Ad
2035 2230 2222 2267 morsus
2241 2219 2292 2266 at
2313 2216 2420 2265 haec
2436 2217 2510 2265 est
2536 2214 2749 2264 maxime

1690 2308 1871 2355 Tamen
1891 2306 2062 2355 efficax
2081 2342 2095 2367 ,
2119 2306 2341 2366 tollitque
2363 2304 2575 2353 lichenas
2589 2339 2604 2363 ‚
2629 2302 2816 2365 lepras,

1690 2398 1756 2443 Ut
1780 2395 2044 2457 plurimum
2064 2394 2232 2443 decem
2249 2392 2420 2442 diebus
2437 2392 2655 2442 additum
2672 2408 2688 2453 ;

1690 2486 1908 2532 Mutatur
1929 2484 2081 2532 altero
2104 2482 2182 2531 die
2197 2482 2276 2531 vel
2299 2482 2461 2531 tertio.

1694 2572 1817 2621 Picis
1836 2571 2000 2620 nitidae
2018 2570 2290 2621 siccissimae
2308 2570 2453 2619 libras
2469 2568 2618 2631 duas;

1692 2663 1849 2710 Unam
1869 2659 2071 2721 pityinae
2097 2672 2250 2721 pone,
2282 2672 2430 2707 unam
2456 2659 2507 2707 et
2527 2670 2652 2707 cerae
2673 2657 2847 2718 bonan

1694 2746 1995 2797 Ammoniaci
2021 2760 2076 2795 ru
2083 2760 2187 2795 rsus
2205 2744 2374 2809 liquidi
2391 2747 2540 2809 atque
2557 2745 2784 2795 aluminis

1693 2839 1791 2885 Fac
1812 2835 2110 2897 singulorum
2131 2847 2278 2883 unam
2290 2870 2306 2896 ,
2325 2832 2448 2883 duos
2465 2833 2690 2883 acerrimi

1694 2925 1938 2976 sextarios
1954 2924 2093 2974 aceti.
2115 2927 2243 2972 Raro
2263 2922 2452 2985 galbani

1696 3013 1907 3072 Quidam
1937 3012 2103 3060 uncias
2129 3011 2250 3059 duas
2277 3011 2505 3071 miscent,
2534 3010 2746 3060 diutinas

1697 3101 1853 3150 eitius
1867 3099 2070 3149 durities
2090 3098 2308 3148 emollire
2327 3099 2411 3160 qui
2431 3099 2684 3160 expetunt.

1699 3187 1778 3236 Sic
1800 3189 2098 3249 proeparato;
2122 3187 2306 3247 partem
2325 3184 2448 3234 aceti
2467 3184 2664 3234 tertiam

1700 3276 2012 3325 Ammoniaco
2027 3277 2174 3338 atque
2192 3273 2392 3346 alumini
2415 3273 2726 3336 superaddito
2739 3309 2756 3335 ,

1700 3369 1769 3413 Ae
1788 3363 1928 3417 laevia
1955 3361 2160 3411 reddens
2177 3362 2228 3410 in
2246 3375 2421 3423 magno
2449 3361 2698 3425 mortario,

1700 3452 1853 3501 Mellis
1872 3451 2076 3500 recentis
2099 3447 2272 3511 liquidi
2289 3449 2652 3500 crassitudinem

1698 3540 1863 3590 Facito
1876 3575 1892 3598 ‚
1911 3539 2068 3601 picem
2093 3551 2208 3586 cum
2225 3538 2412 3588 caeteris
2429 3537 2480 3586 in
2501 3535 2636 3586 fictili

1698 3631 1835 3678 Novo
1850 3627 2059 3689 incoque
2075 3642 2091 3688 ;
2118 3626 2198 3675 ubi
2216 3628 2392 3676 cuncta
2409 3625 2662 3676 arefeceris
2686 3627 2783 3675 fere

1701 3715 1905 3766 infunde
1932 3716 2164 3777 laevigatis
2181 3715 2232 3764 in
2251 3715 2482 3764 mortario
2495 3751 2510 3775 ,

1700 3807 1763 3853 Et
1787 3817 1955 3852 rursus
1976 3803 2079 3866 ipsa
2097 3802 2274 3864 tunde,
2296 3803 2414 3851 dum
2433 3801 2701 3864 receperint

1700 3893 1904 3942 Flavum
1928 3893 2135 3940 colorem
2151 3927 2167 3951 ‚
2185 3902 2419 3953 perquam
2446 3889 2651 3938 similem
2672 3887 2866 3937 melino.

1702 3983 1763 4029 At
1783 3980 1823 4028 si
1845 3980 2018 4029 statuis
2035 3991 2229 4041 prorsus
2247 3977 2446 4026 miscere
2469 3975 2744 4038 galbanum,

1701 4071 1826 4118 cum
1848 4081 1958 4116 cera
1976 4067 2204 4116 immittes
2220 4069 2271 4115 et
2288 4064 2446 4115 resina
2464 4064 2673 4128 pityina3

1704 4158 1818 4206 Post
1840 4155 1986 4217 paulo
2007 4154 2070 4203 ab
2089 4155 2198 4216 igne
2215 4153 2476 4202 caccabum
2499 4151 2610 4201 dein
2629 4151 2836 4200 auferas.

1704 4243 1911 4302 Quidam
1930 4245 2098 4291 contra
2121 4240 2342 4302 injiciunt
2367 4253 2556 4289 mannae
2576 4252 2740 4302 parem
2763 4237 2964 4288 modum

1706 4332 1913 4382 Alumen
1926 4330 2197 4384 auferentes
2217 4341 2280 4376 ex
2297 4327 2610 4377 medicamine
2619 4343 2638 4386 ς

1708 4422 1923 4468 Utuntur
1939 4416 2002 4466 ad
2021 4417 2148 4466 idem
2166 4416 2275 4466 vitii
2303 4430 2453 4478 genus
2464 4451 2478 4476 ,
2505 4417 2556 4465 et
2571 4414 2812 4477 glutinant

1707 4507 1977 4557 Divisiones
1999 4505 2074 4554 his
2097 4506 2314 4554 recentes
2331 4503 2531 4552 viribus,

1706 4598 1783 4645 Tu
1803 4595 1895 4644 hoc
1925 4595 2076 4644 utitor
2101 4593 2228 4642 vela
2250 4593 2407 4654 primo
2426 4591 2588 4640 statim
2612 4590 2692 4639 die

1709 4683 1781 4733 Ad
1800 4684 2001 4732 affectus
2023 4681 2228 4741 relat08,
2261 4694 2410 4743 quum
2438 4677 2599 4742 plagas
2629 4681 2802 4726 timent

1709 4775 1769 4820 Et
1788 4783 2111 4834 quaecumque
2128 4769 2222 4817 alia
2244 4768 2404 4831 plagas
2425 4767 2612 4829 insequi
2634 4767 2818 4824 solent;

1710 4859 1804 4910 Sed
1820 4858 2002 4920 splenio
2020 4857 2294 4906 madentem
2309 4857 2446 4904 aceto
2461 4854 2712 4916 spongiam

1712 4951 1928 5008 Desuper
1947 4946 2148 5006 injicito,
2167 4947 2301 4994 arcte
2317 4944 2553 5006 stringens
2570 4941 2780 4993 vinculo.

1714 5036 1794 5086 Sic
1816 5039 1862 5085 et
1888 5035 2080 5084 lienosis
2102 5033 2151 5084 id
2176 5037 2303 5083 reete
2321 5028 2582 5094 imponitur

3108 335 3210 390 111
