3767 5825
445 303 559 420 η’
1198 416 1209 428 ,
1504 360 1916 422 οΠΠῐΑΝον
1941 343 2425 420 Ἀ’ΛιΕῑ-Τιιιαιν
2464 357 2531 418 Γ.

558 487 815 566 δεξιτερὴν
844 485 1045 567 ἔσκηψε
1074 485 1379 566 φερώνυμον
1404 487 1579 563 ἰχθύος
1610 487 1783 562 ἄλγος·

558 576 788 636 πολλάκι
800 575 845 634 δ’
856 578 918 634 ἐκ
927 573 1180 652 παλάμης
1190 573 1427 652 κάλαμος
1438 572 1596 655 φύγεν
1607 571 1745 632 ὅπλα
1759 597 1817 632 τε
1828 573 1990 654 θήρης
1999 620 2012 634 .

458 687 535 728 ist»
560 667 713 733 Τοῖος
736 665 838 746 γὰρ
860 665 1183 778 κρύσταλλος
1210 662 1428 731 ε’νίζεται
1452 662 1641 722 αὐτίκα
1664 662 1819 744 χειρί.

612 754 817 827 Σηπίαι
846 777 909 812 αυ
941 753 1112 833 τοίῃσι
1141 749 1551 832 δολοφροσύνῃσι
1576 750 1844 830 μέλονται.

560 843 721 904 Ἐστι
748 866 825 909 τις
854 845 907 900 ἐν
934 842 1147 919 μήκωσι
1175 840 1320 907 θολὸς
1348 838 1547 919 κείνῃσι
1576 838 1828 920 πεπηγὼς

561 931 797 1004 κυάνεος,
829 929 1021 1001 πίσσης
1048 927 1452 1010 δνοφερώτερος,
1489 927 1683 1008 ἀχλύος
1715 932 1875 1010 ὓγρῆς

562 1020 837 1102 φάρμακον
866 1017 1236 1098 ἀπροτίοπτον,
1264 1016 1297 1075 ὅ
1318 1040 1373 1076 τε
1409 1017 1581 1098 σφίσιν
1613 1018 1783 1099 ἄλκαρ
1810 1013 2020 1096 ὀλέθρου

463 1129 535 1170 teo
558 1107 871 1190 ἐντρέφεται·
902 1105 995 1172 τὰς
1022 1105 1066 1164 δ’
1096 1095 1201 1163 εἶτ’
1229 1103 1291 1163 ἂν
1320 1104 1414 1186 ἕλῃ
1436 1105 1617 1186 φόὸος,
1643 1104 1831 1165 αὐτίκα
1851 1102 2022 1163 κείνου

560 1196 807 1279 ὀρφναίας
834 1195 1161 1279 ῥαθάμιγγας
1184 1193 1471 1270 ἀνήμεσαν,
1499 1193 1635 1274 ἀμφὶ
1664 1191 1720 1253 δὲ
1745 1193 1936 1252 πόντου

565 1286 742 1346 πάντα
763 1283 913 1367 πέριξ
936 1285 1145 1364 ἐμίῃνε,
1171 1283 1264 1341 καὶ
1286 1283 1558 1361 ἠμάλδυνε
1584 1282 1805 1342 κέλευθα

565 1375 699 1458 ἰχὼρ
723 1373 989 1455 ἀχλυόεις,
1017 1369 1118 1432 ἀνὰ
1146 1371 1189 1430 δ’
1219 1369 1414 1452 ἔτραπε
1437 1380 1617 1430 πᾶσαν
1640 1369 1881 1443 ὀπωπήν·

558 1466 616 1523 αἱ
640 1463 695 1523 δὲ
720 1463 805 1523 διὰ
828 1463 1089 1528 θολόεντος
1117 1461 1259 1542 ἄφαρ
1286 1459 1529 1542 φεύγουσι
1552 1458 1733 1540 πόροιο

468 1575 543 1614 ιω
568 1551 779 1635 ῥηϊδίως
802 1551 896 1611 καὶ
918 1555 1068 1632 φῶτα
1096 1547 1189 1608 καὶ
1218 1548 1266 1608 εἴ
1291 1554 1415 1608 ποθι
1443 1548 1685 1630 φέρτερον
1720 1545 1888 1628 ἰχθύν.

646 1645 784 1709 Ταῖς
805 1643 852 1700 δ’
879 1639 971 1700 ἴσα
1002 1637 1308 1718 τεχνάζουσι
1331 1637 1423 1697 καὶ
1450 1636 1733 1719 ἠερόφοιτα
1761 1635 1979 1714 γένεθλα

568 1729 810 1798 τευθίδες·
833 1731 892 1788 οὗ
908 1729 956 1787 δ’
977 1726 1081 1810 ἄρα
1096 1731 1220 1812 τῇσι
1244 1725 1408 1804 μέλας
1431 1725 1577 1792 θολὸς
1598 1725 1715 1784 ἀλλ’
1740 1723 2024 1805 ὑπερευθὴς

572 1817 903 1902 ἐντρέφεται,
939 1821 1096 1897 μῆτιν
1122 1814 1178 1874 δὲ
1204 1814 1510 1874 πανείκελον
1534 1813 1847 1874 ἐντύνονται.

648 1906 824 1974 Τοίοις
847 1903 941 1984 μὲν
974 1903 1245 1986 φρονέουσι
1269 1902 1543 1982 νοήμασιν·
1576 1903 1711 1962 ἀλλὰ
1738 1903 1829 1962 καὶ
1856 1901 2028 1981 ἔμπης

474 2021 551 2061 170
571 1997 818 2057 ὄλλυνται
842 1999 1123 2075 πυκινῇσιν
1152 1991 1519 2075 ἐπιφροσύναις
1544 1990 1759 2063 ἇλιήων.

571 2085 712 2154 Τοὺς
740 2082 833 2163 μὶν
862 2082 927 2157 δὴ
954 2083 1271 2162 πελάγεσσιν
1296 2085 1350 2142 ἐν
1378 2080 1677 2154 ἠλιὸάτοισι
1704 2080 1914 2148 θέοντας

576 2175 784 2258 ῥηῖδίως
810 2171 1062 2256 ἐρύουσιν·
1092 2171 1206 2232 ἐπεὶ
1230 2171 1406 2252 σφίσιν
1434 2169 1545 2230 οὔτι
1571 2171 1747 2248 νόημα

574 2264 828 2322 ποικίλον·
851 2261 955 2333 ἤδη
978 2260 1081 2340 γάρ
1104 2283 1183 2327 τις
1206 2257 1475 2320 ἐπέσπασε
1504 2259 1595 2317 καὶ
1622 2259 1896 2340 κρομύοισι

576 2352 790 2431 γυμνοῖς
807 2350 853 2409 τ’
880 2349 1235 2463 ἀγκίστροισιν
1263 2345 1393 2406 ἑλὼν
1414 2347 1838 2428 πελαγοστρόφον
1860 2347 2027 2428 ἰχθύν.

480 2459 558 2502 175
574 2438 771 2500 Ὃσσοι
798 2437 842 2497 δ’
874 2461 939 2495 αυ
966 2435 1122 2515 γαίης
1145 2433 1409 2516 ἁλιερκέος
1432 2435 1558 2514 ἄγχι
1586 2433 1861 2513 νέμονται,

576 2533 711 2588 τοῖσι
740 2525 833 2606 μὲν
863 2525 1097 2607 ὀξύτερος
1124 2523 1343 2583 πέλεται
1363 2523 1501 2597 νόος,
1531 2522 1670 2583 ἀλλὰ
1693 2525 1782 2583 καὶ
1802 2527 1975 2584 αὐτῶν

580 2617 723 2698 βαιοὶ
747 2617 842 2695 μὲν
869 2618 1079 2696 καρῖσιν
1104 2611 1483 2694 ἀφαυροτέραις
1506 2612 1740 2693 ἐρύονται
1755 2660 1769 2684 ,

574 2703 917 2766 πουλυπόδων
944 2702 1183 2769 θυσάνοις
1208 2701 1243 2774 ἢ
1268 2701 1500 2783 καρκίνῳ
1527 2703 1940 2783 ἀμφιχανόντες,

576 2791 853 2877 καρκινάσι
878 2791 924 2850 τ’
949 2788 1185 2872 ὀλίγῃσι,
1211 2789 1302 2849 καὶ
1326 2793 1370 2848 εἷ
1392 2789 1546 2870 κρέας
1564 2791 1797 2871 ἁλμυρὸν
1826 2791 2032 2862 ἅπτοις,

480 2905 560 2947 leo
577 2882 848 2966 πετραίαις
870 2882 913 2941 θ’
939 2881 1115 2959 ἐλμῖσι
1137 2877 1227 2939 καὶ
1254 2878 1387 2951 &st-tt
1408 2903 1488 2939 τοι
1518 2879 1645 2959 ἄγχι
1671 2879 1863 2962 παρείη

580 2971 808 3054 ἰχθυόεν·
842 2969 1018 3051 βαιοὺς
1044 2967 1089 3027 δ’
1118 2968 1207 3027 ἐπὶ
1236 2968 1464 3047 μείζοσιν
1495 2969 1742 3039 δπλίζοιο·

582 3062 803 3128 δείπνοις
829 3058 933 3140 γὰρ
959 3056 1243 3137 γελόωντες
1271 3056 1669 3117 ἐπισπεύδουσιν
1699 3056 1926 3137 ὄλεθρον.

578 3142 655 3212 Ἶὶ
680 3149 781 3232 γὰρ
811 3148 893 3207 ἀεὶ
917 3150 1139 3205 πλωτῶν
1168 3146 1350 3228 σιφλὸν
1374 3146 1519 3224 γένος
1546 3144 1680 3227 ὑγρὰ
1709 3146 1955 3204 θεόντωνὶ

580 3238 759 3299 ’θύννον
789 3237 883 3313 μὲν
912 3239 1181 3315 κορακῖνος
1205 3234 1355 3312 ἄγει,
1380 3234 1626 3315 λάὸρακα
1658 3232 1711 3291 δὲ
1740 3234 1888 3313 καρὶς

484 3348 562 3389 185
582 3324 803 3397 πιαλέη,
832 3323 1020 3404 χάννος
1048 3320 1103 3379 δὲ
1130 3320 1279 3403 φίλον
1306 3320 1551 3402 φάγροισι
1578 3320 1832 3401 δέλετρον,

582 3413 675 3474 καὶ
706 3416 871 3493 βῶκες
899 3408 1161 3469 συνόδοντι
1184 3408 1275 3467 καὶ
1298 3408 1628 3489 ἱππούροισιν
1656 3408 1836 3467 ἴουλον

582 3502 767 3586 τρίγλη
791 3500 834 3559 δ’
860 3498 1015 3580 ὀρφὸν
1045 3496 1254 3575 ἔπεφνε,
1277 3496 1368 3554 καὶ
1392 3496 1591 3554 ἔσπασε
1614 3497 1819 3578 κιρῤίδα
1842 3500 2032 3581 πέρκη,

586 3588 783 3667 μαινίδι
808 3588 863 3647 δὲ
888 3586 1181 3668 χρύσοφρυς
1205 3582 1496 3643 ἀνέλκεται·
1528 3584 1695 3665 αὖτὰρ
1722 3588 1927 3667 ἀνιγραὶ

586 3678 835 3763 μύραιναι
864 3674 998 3755 μετὰ
1026 3672 1227 3754 σάρκας
1248 3671 1582 3751 ἐπειγόμεναι
1605 3674 1873 3754 φορέονται

488 3791 562 3833 too
578 3766 938 3829 πουλυπόδων·
968 3762 1113 3823 ὅσσοι
1148 3759 1203 3820 δὲ
1231 3758 1392 3839 δέμας
1412 3760 1722 3843 περίμετρον
1750 3762 1953 3842 έχουσι,

586 3858 752 3940 θύννῳ
774 3853 875 3936 μὲν
904 3852 1191 3932 κάλλιχθυς
1217 3848 1467 3922 ἰαίνεται,
1494 3849 1661 3931 αὐτὰρ
1686 3851 1907 3918 ὀνίσκοις

584 3948 825 4029 ὄρκυνος,
847 3942 1096 4023 λα’ὅρακα
1124 3940 1169 3997 δ’
1202 3940 1286 3996 ἐπ’
1316 3938 1467 4019 ἀνθίῃ
1496 3939 1743 4008 ὃπλίζοιο·

588 4036 843 4117 ἵππουρον
868 4030 1037 4113 ξιφίῃ,
1066 4028 1281 4110 γλαύκῳ
1306 4029 1349 4086 δ’
1374 4027 1462 4086 ἔπι
1489 4028 1710 4111 κεστρέα
1740 4028 1952 4110 πείροις·

590 4125 735 4206 ἄλλῳ
761 4124 802 4181 δ’
834 4118 1048 4191 ἀλλοίην
1079 4114 1259 4196 γενεὴν
1288 4116 1672 4195 ἐπιτεχνάζοιο,

491 4237 567 4278 ιω
586 4214 824 4294 κρέσσονι
847 4205 1166 4290 χειροτέρην·
1197 4203 1345 4277 ἐπειὴ
1380 4206 1526 4283 μάλα
1548 4205 1737 4273 πάντες
1759 4206 1905 4265 ἔασιν

586 4301 831 4372 ἀλλήλοις
854 4296 1022 4377 φορὸή
1051 4320 1109 4355 τε
1132 4295 1257 4376 φίλη
1282 4294 1373 4352 καὶ
1402 4292 1576 4371 λίχνος
1603 4292 1823 4375 ὄλεθρος.

586 4388 693 4455 *Ως
717 4384 862 4447 οὐδὲν
888 4385 1065 4463 λιμοῖο
1092 4380 1390 4464 κακώτερον
1414 4380 1531 4439 οὐδὲ
1563 4380 1773 4461 βαρείης

584 4476 857 4557 γαστέρος,
880 4473 917 4547 ἢ
946 4472 1153 4555 κρατέει
1183 4470 1277 4547 μὲν
1306 4474 1359 4529 ἐν
1390 4469 1737 4551 ἀνθρώποισιν
1764 4472 1993 4547 ἀπηνὴς,

578 4566 668 4629 καὶ
690 4561 902 4647 χαλεπὴ
937 4562 1181 4621 δέσποινα
1207 4558 1499 4631 συνέστιος,
1531 4557 1719 4619 οὔποτε
1750 4562 1966 4639 δασμῶν

486 4679 567 4718 ⁴200
581 4652 844 4733 ληθομένη
861 4698 877 4725 ,
902 4649 1127 4718 πολλοὺς
1156 4648 1210 4708 δὲ
1238 4648 1637 4729 παρασφήλασα
1663 4647 1800 4707 νόοιο

590 4747 657 4811 εἷς
685 4742 815 4815 ἄτην
844 4738 1023 4812 ἐνέηκε
1045 4740 1136 4799 καὶ
1164 4736 1401 4816 αἴσχεσιν
1426 4736 1759 4815 ἐγκατέδησε·

589 4831 790 4914 γαστὴρ
815 4832 920 4890 δ’ἔν
952 4828 1165 4910 θήρεσσι
1193 4827 1283 4885 καὶ
1310 4829 1661 4907 ἑρπυστῆρσιν
1686 4825 1904 4887 ἀνάσσει

594 4920 763 5001 ἠερίης
785 4920 830 4978 τ’
852 4918 1105 5000 ἀγέλῃσι,
1134 4915 1193 4975 τὸ
1218 4914 1272 4973 δὲ
1295 4914 1453 4975 πλέον
1482 4918 1535 4973 ἐν
1562 4916 1835 4975 νεπόδεσσι

592 5010 777 5089 κάρτος
804 5007 931 5086 ἔχει·
959 5006 1145 5074 κείνοις
1171 5003 1272 5085 γὰρ
1302 5004 1384 5063 ἀεὶ
1406 5005 1559 5086 μόρος
1584 5004 1770 5063 ἔπλετο
1792 5003 2017 5081 γαστήρ.

666 5094 901 5155 Ἀνθιέων
926 5093 981 5153 δὲ
1010 5097 1197 5173 πρῶτα
1224 5091 1511 5173 περίφρονα
1542 5089 1726 5149 πεύθεο
1754 5088 1938 5168 θήρην,

594 5186 699 5257 §Tm
732 5182 987 5265 ἡμετέρης
1010 5179 1265 5264 ἐρικυδέος
1288 5178 1580 5243 ,ἐντύνονται

489 5118 566 5159 205

2101 498 2318 543 dextram
2343 494 2495 556 intigit
2515 495 2851 556 cognominem
2873 493 2996 557 pisci
3013 491 3230 546 dolorem
3253 497 3574 563 (torporem),-

2101 596 2232 646 saepe
2248 585 2412 634 autem
2428 595 2488 633 ex
2503 595 2650 632 manu
2669 581 2852 632 arundo
2869 581 3126 634 elabuntur
3143 583 3552 650 instrumentaque
3571 589 3648 652 pin—

2100 669 2362 736 cationis31
2384 671 2482 722 tale
2502 671 2632 722 enim
2653 671 2803 734 frigus
2823 671 3001 722 insidet
3017 673 3182 724 statim
3203 675 3386 724 manni.

2165 761 2323 824 sepiae
2345 773 2490 824 porro
2509 759 2683 810 talibus
2705 759 2934 810 versutiis
2957 757 3308 824 dant-opetum.

2103 854 2193 900 Est
2213 849 2414 913 quidam
2435 851 2486 899 in
2508 848 2618 899 alvo
2641 861 2817 898 succus
2839 848 2938 898 illis
2961 848 3140 898 infixus

2103 937 2254 1000 niger,
2280 937 2385 1002 pice
2403 939 2691 1001 magis-ater,
2719 935 2934 1002 caliginis
2957 936 3171 988 humidae

2103 1026 2366 1076 remedium
2387 1027 2676 1088 obscumm,
2697 1026 2877 1089 quique
2897 1025 3017 1089 ipsis
3041 1025 3319 1089 praesidium
3343 1027 3564 1077 interitus

2105 1115 2393 1179 innutritnr3
2415 1129 2502 1167 eas
2523 1128 2641 1165 vero
2661 1115 2746 1164 ubi
2769 1118 2973 1178 occupat
2995 1117 3178 1175 menis,
3203 1115 3372 1164 statim
3397 1115 3518 1166 illius

2104 1207 2232 1254 atras
2253 1209 2413 1268 guttas
2432 1208 2691 1266 evomunt,
2713 1202 2896 1252 ciroem
2919 1216 3032 1253 vero
3057 1216 3292 1267 per-mare

2105 1294 2267 1343 omnia
2288 1294 2470 1356 passim
2493 1292 2693 1356 polluit,
2717 1294 2768 1342 et
2787 1292 3014 1342 obscurat
3037 1293 3143 1343 vias

2108 1383 2264 1445 liquor
2287 1381 2642 1443 tenebricosos,
2665 1385 2715 1432 et
2736 1381 2910 1431 evertit
2927 1394 3120 1443 omnem
3141 1385 3488 1446 conspectum3

2079 1507 2094 1519 .
2107 1472 2228 1534 ipsae
2250 1484 2365 1521 vero
2387 1484 2472 1536 per
2491 1483 2740 1520 succosam
2762 1470 2928 1520 statim
2952 1470 3143 1534 fugiunt
3164 1470 3298 1522 viam

2109 1559 2244 1610 facile
2266 1563 2317 1610 et
2337 1560 2498 1610 virum
2521 1564 2570 1609 et
2593 1559 2748 1609 sicubi
2767 1559 3086 1610 robustiorem
3109 1559 3310 1624 piscem.

2170 1648 2258 1698 His
2269 1653 2431 1698 autem
2445 1648 2574 1711 paria
2593 1653 2788 1698 struunt
2805 1649 2952 1698 etiam
2975 1647 3490 1712 in-obscumvagantia
3505 1665 3649 1712 genera

2107 1737 2366 1799 lolligines3
2387 1749 2544 1800 neque
2565 1750 2682 1786 sane
2704 1736 2781 1786 his
2797 1737 2902 1787 ater
2921 1737 3094 1800 liquor,
3118 1751 3292 1788 verum
3309 1739 3544 1790 subrubet

2109 1827 2390 1887 innutritur,
2413 1824 2630 1876 fraudem
2649 1838 2764 1876 vero
2782 1839 2980 1889 prorsus
3003 1826 3212 1878 similem
3231 1827 3497 1878 instruunt.

2169 1914 2364 1966 Talibus
2387 1915 2584 1979 quidem
2607 1915 2800 1978 sapiunt
2817 1914 3157 1979 vaframentis,
3183 1915 3268 1966 sed
3293 1921 3458 1968 tamen
3479 1919 3606 1968 etiam

2109 2003 2410 2066 perimuntur
2431 2003 2690 2054 solertibus
2709 2003 2901 2054 astutiis
2923 2005 3232 2067 piscatorum.

2111 2091 2228 2142 Illos
2251 2090 2475 2156 quidem,
2497 2091 2654 2155 qui-in
2677 2092 2796 2141 mari
2817 2091 2918 2142 alto
2938 2097 3165 2154 cut-nint,

2111 2181 2252 2230 facile
2273 2181 2561 2244 extrahunt,
2584 2179 2816 2244 quoniam
2836 2179 2954 2244 ipsis
2975 2180 3163 2232 nullum
3186 2185 3265 2232 esc
3287 2183 3526 2245 ingenium

2111 2273 2359 2320 versutum
2373 2287 2389 2332 ;
2405 2267 2506 2329 jam
2529 2270 2658 2319 enim
2677 2269 2854 2334 aliquis
2876 2270 3075 2320 attraxit
3096 2271 3244 2321 etiam
3265 2261 3403 2335 cepis

2110 2359 2350 2421 nudisque
2371 2358 2529 2408 hamis
2549 2363 2744 2420 captum
2765 2358 3066 2421 marivagum
3092 2359 3296 2423 piscem.

2113 2448 2396 2511 Quicunque
2431 2439 2542 2496 vero
2573 2451 2737 2496 contra
2775 2459 2924 2510 prope
2953 2448 3132 2498 terram
3156 2449 3546 2500 mari-coercitam
3573 2463 3651 2512 pas·
3700 2507 3701 2512 ἵ

2111 2535 2324 2599 cuntur,]
2351 2535 2426 2585 his
2448 2536 2632 2585 acutior
2653 2539 2728 2584 est
2749 2547 2916 2598 muts,
2941 2547 3113 2586 verum
3132 2541 3264 2586 etex
3285 2537 3384 2588 illis

2113 2620 2246 2683 parvi
2265 2621 2464 2685 quidem
2485 2624 2673 2686 squillis
2697 2625 2947 2676 vilioribus
2969 2625 3246 2688 trabuntur,

2113 2710 2396 2774 polyporum
2419 2712 2620 2762 fimbriis
2640 2718 2728 2764 aut
2749 2727 2921 2764 cancro
2941 2713 3318 2765 circumhiantes
3339 2730 3353 2764 :

2112 2799 2538 2864 carcinadibusque
2559 2803 2746 2864 parvis,
2769 2802 2812 2851 si
2833 2803 2980 2853 etiam
3002 2815 3194 2853 carnem
3217 2803 3410 2853 salitam
3433 2809 3652 2862 annectas,

2113 2893 2162 2938 et
2179 2871 2682 2953 ad-saxa-degentibus
2705 2888 2954 2941 lumbricis
2965 2928 2979 2952 ,
2991 2895 3042 2941 et
3054 2891 3286 2956 quicquid
3310 2905 3461 2957 prope
3475 2891 3652 2941 adsuerit

2113 2978 2462 3042 pisculentum3
2483 2992 2659 3042 parvos
2681 2994 2797 3030 vero
2817 2981 2870 3029 in
2891 2980 3097 3041 majores
3118 2980 3362 3043 instruas,

2111 3067 2262 3117 coenis
2283 3068 2410 3117 enim
2433 3068 2699 3117 arridentes
2723 3066 2951 3118 festinant
2969 3068 3030 3118 ad
3055 3068 3326 3119 interitum.

2113 3156 2253 3205 certe
2261 3156 2388 3205 enim
2408 3170 2596 3219 semper
2613 3156 2880 3206 natantium
2897 3169 3050 3219 genus
3075 3170 3226 3206 vorax
3242 3162 3341 3214 est,
3367 3156 3554 3207 humida
3569 3170 3653 3204 cur·

2113 3244 2322 3293 rentium
2336 3243 2372 3309 t]
2389 3246 2650 3294 Thurinum
2669 3243 2865 3307 quidem
2879 3246 3128 3295 coracinus
3139 3244 3295 3309 ducit,
3313 3246 3544 3296 labi-ecem
3563 3256 3654 3293 rem

2113 3332 2254 3397 caris]
2281 3334 2500 3397 pinguis,
2524 3334 2710 3383 hiatula
2728 3346 2843 3383 vero
2866 3332 3058 3397 pliagris
3075 3333 3228 3383 amica
3249 3334 3476 3385 illecebra
3497 3336 3589 3389 est,

2113 3426 2162 3470 et
2185 3421 2328 3471 boces
2352 3420 2607 3484 synodonti
2631 3427 2682 3473 et
2703 3421 2922 3485 hippuris
2943 3421 3060 3485 iuli;

2115 3508 2294 3557 mullus
2315 3522 2434 3558 vero
2453 3509 2661 3573 orphum
2683 3509 2883 3571 occidit,
2901 3514 2952 3560 et
2969 3509 3168 3561 attrahit
3182 3509 3426 3561 cir-rudem
3449 3523 3596 3574 μετα,

2113 3594 2366 3646 a-maenide
2383 3602 2544 3646 autem
2565 3598 2888 3661 chrysaphi-ys
2906 3597 3203 3661 extrahitur,
3235 3611 3408 3649 verum
3441 3598 3631 3649 moleste
3700 3602 3701 3615 ³

2115 3697 2343 3733 muroenae
2365 3684 2427 3733 ad
2449 3698 2616 3735 carnes
2638 3698 2854 3749 properae
2877 3686 3096 3736 seruntur
3700 3666 3701 3679 ί

2116 3772 2431 3835 polyporum3
2455 3774 2633 3836 quique
2655 3786 2832 3836 corpus
2853 3773 3031 3836 grande
3053 3774 3255 3835 habent,

2117 3860 2301 3909 thuano
2319 3859 2514 3922 quidem
2537 3860 2899 3924 piscis-pulcher
2921 3860 3205 3923 delectatur,
3229 3876 3404 3913 verum
3426 3862 3572 3913 asellis

2115 3962 2345 4011 orcynus,
2367 3948 2604 3998 labi-acem
2623 3949 2812 3999 veroin
2839 3950 3054 3999 arithiam
3077 3950 3320 4015 instruas;

2116 4036 2376 4099 hippurum
2395 4036 2574 4100 xiphiae
2587 4073 2602 4097 ‚
2624 4036 2675 4086 in
2693 4038 2916 4099 glaucum
2935 4052 3054 4089 vero
3075 4038 3305 4103 mugilem
3327 4041 3556 4103 contigan

2115 4123 2338 4173 in-alium
2361 4137 2476 4174 vero
2499 4124 2630 4175 aliud
2651 4138 2804 4188 genus
2828 4126 3063 4190 adornes,

2115 4211 2377 4263 robustiori
2399 4213 2694 4277 inferiorem,
2715 4215 2944 4279 quoniam
2965 4214 3230 4266 admodum
3251 4230 3429 4269 omnes
3453 4220 3558 4267 mut

2117 4300 2400 4351 sibi-mutuo
2421 4314 2626 4365 escaque
2649 4308 2782 4365 grata
2803 4306 2855 4355 et
2875 4317 3024 4355 vorax
3047 4304 3292 4355 interitus.

2117 4390 2198 4439 Sic
2217 4390 2336 4440 nihil
2358 4394 2435 4441 est
2455 4391 2580 4441 same
2602 4390 2815 4443 deterius
2836 4406 2996 4456 neque
3017 4394 3153 4456 gravi

2117 4480 2311 4539 ventre,
2334 4480 2421 4543 qui
2439 4480 2643 4542 imperat
2663 4492 2779 4530 sane
2799 4479 2927 4531 inter
2949 4480 3172 4533 homines
3194 4482 3433 4543 crudelis,

2115 4570 2167 4617 et
2188 4567 2422 4618 molestus
2443 4567 2668 4617 dominus
2689 4568 3004 4633 cohabitator,
3026 4584 3275 4635 nunquam
3295 4570 3654 4623 distributionum

2117 4656 2407 4707 obliviscens
2419 4693 2434 4720 ,
2459 4656 2638 4707 multos
2655 4670 2772 4707 vero
2791 4658 3076 4709 deturbatos
3097 4666 3261 4712 mente

2115 4747 2165 4796 in
2185 4759 2364 4795 noxam
2386 4744 2588 4807 conjecit
2607 4750 2656 4795 et
2678 4747 2867 4810 probris
2889 4736 3132 4812 implicuit
3144 4766 3160 4811 ;

2116 4838 2282 4885 venter
2305 4846 2421 4884 vero
2443 4834 2568 4885 iuter
2589 4833 2714 4884 feras
2737 4837 2788 4887 et
2809 4836 2997 4899 reptilia
3019 4842 3186 4901 regnat

2115 4926 2363 4985 aeriusque
2386 4936 2578 4996 greges,
2601 4924 2758 4986 majus
2781 4930 2943 4974 autem
2966 4925 3018 4975 in
3040 4926 3258 4989 piscibus

2116 5010 2262 5060 robur
2285 5012 2451 5071 habet,
2473 5011 2568 5061 illis
2591 5012 2719 5061 enim
2743 5026 2933 5075 semper
2955 5014 3153 5063 exitium
3178 5016 3255 5065 eet
3279 5020 3463 5066 venter.

2177 5098 2456 5149 Anthiarum
2477 5114 2594 5151 vero
2615 5101 2824 5163 primum
2845 5102 3068 5153 solertem
3086 5102 3201 5153 audi
3223 5110 3496 5169 captum,

2119 5187 2310 5250 qualem
2331 5192 2508 5237 nostrae
2529 5189 2748 5248 gloriosae
2769 5190 3029 5241 instituunt
