3767 5825
430 326 515 381 υ
1291 324 1487 386 omn
1531 297 1795 386 mxol
1836 325 2022 386 ΠΕΡι
2064 327 2276 388 ΖααΝ
2317 330 2753 393 ιΔιοΤιιΤοΣ.
3327 341 3582 422 [ωε-ως

434 472 539 517 m
555 451 721 537 τέχνῃ
748 457 971 540 φυσικῆς
988 457 1187 538 Ῑλλοχᾷ
1213 457 1550 540 πανουργίας.

550 543 895 604 Καλύπτεται
921 545 1025 628 γὰρ
1055 547 1129 612 εἰς
1152 545 1465 627 φρυγανώδη
1492 547 1710 622 σκέπην,

439 631 533 710 (ω)
555 629 648 690 καὶ
678 630 948 692 λανθάνων
972 630 1205 714 πρόεισι,
1230 632 1321 692 καὶ
1343 634 1643 708 διαὸλέπει,

544 715 795 779 καὶκατὰ
826 719 1010 801 μικρὸν
1034 725 1272 800 γειτνιῶν
1296 723 1680 800 συλλαμὸάνει.

547 807 882 889 Πειρῶμενος
910 808 956 868 δ’
986 798 1075 869 οὖν
1103 812 1132 867 ὃ
1161 809 1383 892 σπορεὺς
1408 815 1512 870 τῶν
1538 812 1804 893 φιλτάτων

428 913 536 956 1740
550 893 670 964 τοὺς
692 895 935 976 ἅρπαγας
957 893 1071 975 μὲν,
1092 895 1185 956 καὶ
1212 903 1418 976 θρασεῖς
1434 943 1449 972 ,
1474 899 1566 958 καὶ
1594 901 1927 981 δυσμάχους,

540 983 688 1051 εὐθὺς
714 982 807 1042 ἀπ’
836 986 1002 1066 ἀρχῆς
1032 986 1251 1065 εὐγενεῖς
1276 985 1444 1058 δήπου
1472 987 1663 1070 κρίνει·

427 1071 519 1154 (2⁸)
537 1070 655 1140 τοὺς
681 1070 738 1132 δὲ
758 1070 887 1154 πρὸς
916 1072 1081 1152 ὁρμὰς
1105 1073 1387 1153 δραστικὰς
1408 1077 1775 1158 νωθεστέρους,

536 1159 712 1317 ῗῗιὲἓῗ
736 1160 1735 1329 ἶῗτῗῖὺῗρῗεῖῗζτῖπόὲἶῗώῗῖρίῖῗζ.

923 1295 941 1324 2
1232 1294 1251 1324 2

430 1357 534 1400 17⁴5
550 1337 648 1411 τὴν
675 1335 770 1416 μὲν
797 1337 945 1397 κάτω
967 1337 1230 1416 πήγνυσι,
1257 1338 1353 1412 τὴν
1381 1339 1429 1397 δ’
1455 1340 1564 1400 ἅνω
1580 1279 1739 1420 ¹sse‘mm

543 1433 675 1487 κινεῖ
696 1425 921 1507 θαμινὰ,
943 1425 1039 1498 τὴν
1060 1426 1257 1509 τροφὴν
1284 1430 1421 1486 θλῶν
1439 1429 1554 1497 ταῖς
1583 1431 1790 1507 μύλαις.

1048 1574 1272 1596 aa*

591 1666 778 1728 ΠΕΡΙ
825 1667 1253 1728 ΚΟΣΣΥΦΩΝ
1294 1668 1765 1730 ΘΑΛΑΣΣῙΩΝ.

540 1806 677 1876 Τοὺς
698 1805 987 1890 κοσσύφους
1014 1805 1074 1866 δέ
1093 1830 1223 1889 φασι
1248 1805 1368 1876 τοὺς
1389 1807 1695 1877 θαλαττίους

540 1896 717 1956 ποθεῖν
741 1893 831 1953 τὸν
856 1893 1075 1975 αἰσχρὸν
1098 1893 1189 1953 καὶ
1215 1895 1490 1977 φιλήδονον
1520 1895 1653 1975 βίον,

418 2057 423 2061 Δ
547 1982 786 2064 καθάπερ
811 1981 1003 2059 &epate
1028 1981 1121 2041 καὶ
1145 1985 1471 2063 σφριγῶντας
1504 1984 1802 2064 βαρὸάρους
1818 2030 1833 2059 ,

426 2093 533 2134 1750
548 2071 637 2132 καὶ
660 2074 987 2146 ζηλοτυπεῖν,
1011 2069 1103 2130 καὶ
1125 2079 1340 2130 σκοπεῖν
1365 2070 1461 2140 τὰς
1488 2072 1791 2150 συννόμους,

432 2162 503 2241 (ε)
533 2159 657 2221 ὅταν
685 2158 900 2228 ἐπιστὰς
924 2163 955 2219 ὃ
974 2158 1159 2241 χρόνος
1177 2163 1279 2220 τῶν
1306 2160 1506 2220 ὠδίνων

544 2251 618 2317 εἰς
642 2251 753 2332 φῶς
776 2250 1046 2329 προελθεῖν
1076 2247 1299 2328 ἕκὸιάζῃ
1325 2248 1443 2317 τοὺς
1468 2249 1666 2318 τόκους.

538 2341 591 2398 Τ
593 2335 654 2406 ἃς
679 2333 783 2419 γὰρ
805 2337 921 2396 καθ’
949 2340 1117 2419 ὑγρῶν
1148 2337 1241 2396 οὐκ
1264 2339 1391 2396 ἐῶσι
1416 2338 1693 2407 παστάδας

544 2426 605 2494 ἃς
629 2417 763 2487 οἶδεν
790 2429 953 2497 ἀκτῆς
974 2425 1223 2503 ἐγκοπεὺς
1245 2425 1565 2508 διαγλύφειν,

425 2535 527 2582 1755
543 2523 649 2583 τοῖς
673 2515 1000 2594 ἕκτιναγμοῖς
1022 2514 1320 2586 ἰνδιδούσης
1342 2519 1437 2588 τῆς
1465 2515 1626 2577 λίθου.

430 2607 522 2684 (ιο)
549 2603 705 2677 Πλὴν
727 2603 819 2663 καὶ
849 2606 1225 2684 παραθηρῶσιν
1254 2606 1314 2663 ἐκ
1340 2606 1445 2662 τῶν
1476 2604 1701 2686 μετρίων

542 2692 737 2775 τροφὰς
766 2695 965 2758 νεαλεῖς
980 2693 1095 2758 ταῖς
1122 2693 1297 2772 λεχοῖς
1324 2695 1415 2774 ἀφ’
1443 2693 1651 2766 ἑστίας,

543 2781 619 2859 μή
648 2805 727 2849 τις
746 2779 983 2840 ὑπελθὼν
1011 2778 1107 2848 τὰς
1131 2779 1283 2847 κενὰς
1310 2779 1565 2849 διεξόδους

539 2869 575 2944 ἢ
598 2872 892 2950 συσκιασθῇ
917 2866 1010 2929 καὶ
1041 2867 1251 2949 πτοήσῃ
1280 2869 1349 2928 τὰ
1382 2869 1573 2953 βρέφη,

426 2956 582 3032 17εοῆ
609 2956 896 3042 παρασύρῃ
923 2956 1015 3017 καὶ
1040 2955 1109 3016 τὰ
1131 2956 1324 3039 λέκτρα
1350 2956 1569 3039 συγχέῃ.

703 3194 890 3255 ΠΕΡΙ
934 3193 1136 3253 ΒΟΟΣ
1176 3192 1652 3254 ΘΑΛΑΣΣΙΟΥ.

540 3322 700 3404 Ἔχει
723 3322 778 3381 δὲ
809 3321 900 3382 καὶ
928 3320 1170 3381 θάλασσα
1201 3324 1322 3401 βοῦν
1344 3320 1511 3392 δήπου
1544 3322 1727 3401 μέγαν,

542 3411 599 3479 ὃς
622 3410 853 3471 τίκτεται
882 3407 977 3488 μὲν
998 3410 1070 3476 εἷς
1098 3408 1210 3468 ἰλὺν
1235 3408 1589 3489 πεφυρμένην,

540 3503 689 3581 ἰχθῦς
712 3497 770 3559 δὲ
794 3503 958 3580 θηρᾷν
989 3502 1061 3564 εἰς
1086 3494 1280 3579 τροφὴν
1311 3500 1405 3556 οὐκ
1434 3500 1653 3577 ἰσχύων,

538 3589 628 3649 τὸν
655 3592 780 3666 γοῦν
808 3584 1059 3669 φονευτὴν
1084 3586 1281 3666 ἕλλοχᾷ
1302 3588 1405 3643 τῶν
1425 3584 1637 3663 ἰχθύων.

408 3695 515 3738 1706
540 3674 859 3736 Ἐνάλλεται
884 3674 986 3752 γὰρ
1014 3680 1128 3739 ταῖς
1152 3673 1294 3753 ῥοαῖς
1320 3669 1649 3751 ἀναὸράσας,

422 3764 494 3845 (ε)
540 3762 631 3824 καὶ
652 3761 749 3835 τὴν
774 3759 1151 3821 ἀδιάπνευστον
1176 3757 1392 3818 ἐκτείνει
1416 3758 1626 3837 στέγην,

536 3855 741 3934 κυρτῶν
760 3850 963 3923 ἑαυτὸν,
992 3849 1085 3908 καὶ
1111 3847 1403 3928 κατείργων
1427 3848 1514 3908 τὸν
1542 3847 1699 3918 ξένον·

520 3940 573 4008 ὃς
599 3940 825 4021 ἅγχεται
848 3937 943 4017 μὲν
971 3942 1066 4011 τῆς
1090 3941 1253 4009 πνοῆς
1274 3938 1671 4018 πεφραγμένης,

538 4032 601 4113 ἐς
628 4029 683 4089 δὲ
711 4030 905 4108 νεκρῶν
929 4029 1267 4110 ἐμφορεῖσθαι
1294 4024 1554 4106 λειψάνων

404 4138 509 4184 1770
532 4118 621 4179 τὸν
656 4122 780 4199 βοῦν
808 4116 897 4177 τὸν
924 4114 1129 4199 ἐχθρὸν,
1156 4114 1247 4173 τὸν
1275 4115 1630 4196 μελάγχρουν,
1652 4116 1741 4176 τὸν
1763 4118 1949 4200 φάγον.

915 4355 1103 4416 ΠΕΡΙ
1148 4355 1473 4416 ΣΑΡΓΟΥ.

530 4490 602 4552 Ὅ
620 4488 811 4571 σαργὸς
838 4488 985 4571 ἰχθύς
1011 4491 1151 4550 ἔστιν
1180 4492 1251 4558 εἷς
1279 4480 1483 4571 οἶστρον
1504 4488 1657 4558 ζέων·

533 4580 699 4660 διψῶν
719 4601 779 4637 τε
801 4577 967 4662 φωτὸς
986 4622 1005 4656 ,
1034 4577 1127 4638 καὶ
1149 4578 1449 4656 σιτούμενος
1470 4578 1632 4651 πόας,

533 4668 669 4728 οἰκεῖ
686 4666 815 4747 πρὸς
841 4664 1006 4735 ἀκτὰς
1032 4664 1298 4746 παγγενὴς
1314 4666 1677 4747 ἠθροισμένος,

532 4753 667 4815 ὅπου
692 4753 915 4836 διασφὰξ
934 4754 1307 4837 ὒγρολάξευτος
1334 4756 1479 4815 λίθου

402 4864 506 4908 1775
526 4847 631 4904 τῶν
651 4847 887 4917 ἡλιακῶν
909 4846 1214 4927 ἐμφορεῖται
1236 4844 1553 4922 λαμπάδων.

422 4935 488 5013 (ο)
534 4933 697 4993 Φιλεῖ
720 4931 777 4993 δὲ
802 4932 893 4993 καὶ
910 4930 1006 5001 τὰς
1030 4923 1183 5013 αἶγας
1205 4932 1420 5016 ἀρῤήτῳ
1444 4931 1642 5013 σχέσει·

542 5020 635 5082 καὶ
661 5018 765 5105 γὰρ
783 5022 1015 5104 παραθεῖ
1031 5024 1266 5102 γειτνιῶν
1295 5022 1408 5088 ταῖς
1436 5020 1690 5099 ἐκνόμοις.

2065 469 2264 520 artificio
2281 472 2512 522 naturalis
2541 473 2732 522 astutia}
2751 473 3018 525 insidiatur.

2063 557 2382 609 Absconditur
2403 561 2530 610 enim
2545 563 2636 610 sub
2659 561 2968 624 virgultorum
2989 564 3224 626 tegmine,

2062 651 2112 694 et
2133 645 2256 696 clam
2278 649 2492 711 procedit
2511 663 2570 698 ac
2587 648 2883 712 speculatur,

2062 737 2112 784 et
2132 735 2308 786 sensim
2325 738 2707 801 appropinquans
2723 739 2936 802 corripit.

2063 822 2194 872 Idem
2212 824 2407 887 quando
2433 826 2613 888 prolem
2637 827 2833 888 genuit,
2855 828 3185 890 experimento
3205 831 3362 881 noscit

2063 914 2305 974 raptores,
2328 917 2378 963 et
2397 913 2632 976 audaces,
2657 921 2706 964 et
2725 916 2933 978 feroces,

2063 1000 2321 1064 statimque
2341 1001 2404 1050 ab
2421 1003 2558 1053 initio
2575 1003 2663 1052 bos
2681 1017 2790 1054 esse
2807 1005 3011 1066 ingenuo
3028 1010 3144 1056 natu
3165 1007 3380 1072 judicat:

2063 1089 2212 1151 atqui
2230 1095 2344 1140 suut
2364 1090 2424 1139 ad
2443 1091 2676 1141 violentos
2689 1092 2898 1156 impetus
2915 1093 3182 1155 ignaviores
3197 1131 3213 1154 ,

2063 1190 2146 1226 eos
2163 1181 2219 1226 ut
2245 1191 2340 1227 non
2355 1191 2413 1228 ex
2433 1191 2486 1229 se
2505 1185 2644 1230 natos
2661 1216 2675 1240 ,
2695 1181 2780 1230 sed
2805 1185 3056 1244 suspectos
3077 1184 3274 1234 excidit.

2065 1267 2152 1314 Hic
2173 1266 2442 1327 enimvero,
2463 1269 2796 1318 potentissime
2809 1306 2824 1331 ‚
2845 1271 2978 1320 solus
3001 1285 3062 1321 ex
3079 1274 3408 1323 animantibus

2065 1355 2331 1406 inferiorem
2355 1356 2596 1406 maxillam
2619 1356 2766 1407 fixam
2791 1359 2962 1419 babet,
2987 1359 3071 1410 sed
3096 1363 3392 1424 superiorem

2065 1448 2227 1494 movet
2255 1446 2548 1508 frequenter,
2574 1459 2735 1496 escam
2753 1447 3052 1498 contundens
3070 1450 3347 1500 molaribus.

2247 1675 2321 1725 99
2366 1665 2511 1744 (⁸4).
2557 1667 2659 1726 m:
2703 1667 3051 1730 MERUus
3094 1668 3434 1730 mmsis.

2063 1816 2270 1866 Merulae
2287 1818 2446 1868 autem
2467 1819 2633 1868 dicunt
2655 1819 2864 1868 marinas

2063 1917 2224 1954 amare
2247 1909 2436 1969 turpem
2453 1910 2506 1956 et
2526 1907 2846 1970 voluptariam
2870 1909 3016 1958 vitam
3037 1945 3051 1968 ,

2064 1994 2195 2043 velut
2221 1993 2452 2044 delicatos
2473 1995 2524 2044 et
2544 1995 2820 2045 luxuriosos
2843 1995 3070 2046 barbaros
3085 2034 3103 2059 ‚

2063 2083 2112 2130 et
2135 2081 2378 2144 zelotypos
2401 2095 2530 2142 esse,
2558 2086 2608 2130 et
2631 2081 2894 2144 inspectare
2919 2083 3144 2142 feminas,

2063 2170 2257 2232 quando
2277 2169 2459 2219 instans
2481 2175 2666 2233 tempus
2689 2171 3015 2232 parturitionis

2065 2259 2114 2307 in
2133 2258 2290 2308 turem
2317 2258 2572 2321 procedere
2593 2257 2722 2319 cogit
2743 2259 2915 2320 pullos.

2065 2349 2184 2396 Nam
2205 2359 2300 2394 non
2325 2347 2601 2408 relinquunt
2627 2346 2674 2394 in
2695 2345 2837 2395 undis
2858 2349 3004 2396 strue
3015 2350 3086 2398 Ios
3111 2349 3264 2409 toros,

2064 2447 2185 2498 quas
2211 2434 2344 2484 novit
2361 2435 2535 2483 littoris
2552 2434 2726 2482 caelum
2755 2437 2854 2496 (vis
2859 2435 3148 2497 fluctuum)
3169 2439 3467 2500 exsculpere,

2065 2523 2455 2572 concussionibus
2479 2523 2677 2572 cedente
2696 2537 2832 2572 saxo.

2065 2611 2160 2662 Sed
2183 2610 2388 2660 subinde
2407 2611 2646 2660 venantur
2664 2611 2810 2660 etiam
2825 2611 3014 2660 modice

2065 2701 2197 2748 cibos
2217 2705 2428 2748 recentes
2449 2701 2695 2762 puerperis
2717 2701 2926 2760 lorwim
2945 2713 2974 2748 a
2997 2701 3101 2748 t'oco
3127 2701 3314 2760 (domo)
3327 2739 3343 2763 ,

2065 2788 2284 2852 modice,
2311 2801 2372 2836 ne
2390 2789 2498 2851 quis
2515 2787 2715 2836 subiens
2735 2800 2914 2837 vacuas
2935 2789 3202 2850 defensore
3217 2791 3339 2840 sores

2066 2879 2150 2923 aut
2175 2887 2258 2937 per
2279 2873 2500 2924 tenebras
2518 2874 2756 2925 exterreat
2774 2887 2940 2926 recens
2961 2881 3097 2925 natos

2067 2968 2152 3011 aut
2171 2963 2417 3012 abstrahat
2434 2967 2484 3012 et
2499 2946 2632 3011 toros
2653 2962 2932 3013 confundat.

2311 3215 2419 3265 100
2465 3207 2599 3284 (85).
2643 3208 2744 3267 DE
2789 3210 2999 3269 BOVE
3043 3210 3372 3269 MARINO.

2067 3344 2222 3395 Habet
2240 3345 2382 3393 etiam
2406 3356 2537 3393 mare
2556 3344 2728 3394 bovem
2749 3358 2864 3395 sane
2885 3358 3110 3407 magnum
3129 3381 3142 3403 ,

2067 3433 2150 3497 qui
2175 3432 2381 3495 gignitur
2398 3431 2594 3494 quidem
2613 3432 2662 3481 in
2688 3433 2801 3481 limo
2824 3432 3138 3494 conturbato,

2067 3520 2152 3571 sed
2181 3521 2334 3583 pisces
2350 3520 2398 3567 in
2421 3520 2584 3569 cibum
2608 3533 2758 3582 quum
2783 3533 2880 3569 nou
2901 3520 3056 3569 valeat
3077 3522 3261 3582 venari,

2066 3610 2160 3673 ipsi
2177 3608 2378 3659 occisori
2401 3608 2606 3671 piscium
2628 3607 2898 3659 insidiatur.

2068 3698 2222 3749 Insilit
2239 3698 2367 3748 enim
2389 3698 2619 3757 homini,
2649 3696 2734 3747 ubi
2755 3710 2842 3759 per
2863 3697 3038 3747 fluctus
3064 3700 3284 3759 emersit,

2071 3790 2119 3837 et
2140 3785 2500 3849 respirationem·
2517 3784 2842 3849 comprimens
2867 3789 3050 3835 tectum
3071 3790 3116 3835 ei
3141 3788 3344 3836 intendit

2069 3888 2122 3927 se
2145 3887 2401 3925 recurvans
2419 3876 2468 3925 et
2485 3886 2711 3923 coercens
2731 3874 2968 3937 hospitem
2996 3895 3008 3923 :

2070 3963 2152 4027 qui
2177 3963 2499 4025 strangulatur
2519 3962 2756 4025 praecluso
2781 3963 2952 4024 spiritu
2967 3998 2982 4023 ,

2070 4056 2118 4101 et
2135 4052 2247 4101 sinit
2269 4049 2470 4100 mortuis
2491 4050 2704 4113 reliquiis
2723 4050 2910 4113 impleri

2071 4140 2244 4189 bovem
2272 4139 2525 4201 infestum,
2545 4143 2704 4187 atrum
2728 4138 2909 4199 colore,
2931 4152 3163 4188 voracem.

2475 4372 2580 4422 101
2636 4364 2772 4441 (ss).
2819 4363 2922 4422 DE
2967 4362 3236 4423 SARGO.

2070 4502 2248 4561 sargus
2267 4498 2412 4560 piscis
2431 4502 2506 4547 est
2527 4498 2704 4547 amoris
2728 4498 2889 4547 furore
2911 4499 3085 4548 ardens
3107 4519 3119 4547 ι

2069 4590 2119 4637 et
2139 4586 2294 4636 lucem
2313 4586 2539 4635 solarem
2559 4586 2724 4635 sitiens
2738 4623 2752 4647 ,
2777 4589 2827 4636 et
2849 4588 3062 4649 gramina
3085 4586 3290 4647 esitans‚

2071 4674 2254 4725 habitat
2269 4674 2332 4724 ad
2352 4673 2510 4724 littora
2523 4711 2538 4736 ,
2562 4677 2662 4724 tota
2685 4674 2791 4737 ejus
2811 4675 2990 4725 familia
3013 4676 3076 4725 ibi
3101 4678 3407 4738 congregata,

2072 4763 2154 4813 ubi
2177 4776 2381 4813 caverna
2405 4763 2641 4813 fluctuum
2664 4764 2784 4813 caelo
2803 4764 2854 4814 in
2877 4778 2997 4827 rupe
3023 4764 3145 4814 sacta

2069 4851 2297 4913 impletur
2317 4850 2482 4901 faculis
2506 4851 2756 4901 solaribus

2068 4943 2213 4993 Amat
2229 4940 2374 4989 etiam
2391 4953 2562 5003 capras
2583 4940 2775 4990 infanda
2797 4941 3078 4991 assiduitate
3103 4954 3117 4989 ε

2067 5038 2178 5077 mm
2198 5040 2346 5091 prope
2363 5027 2426 5079 ad
2447 5028 2555 5079 illas
2571 5044 2600 5078 a
2622 5042 2710 5080 sua
2729 5034 2901 5080 natura
2921 5030 3102 5081 alienas
3119 5028 3344 5079 accurrit.
