3767 5825
941 400 1238 465 Maxim
1282 400 1484 469 PfflL.
1535 403 1889 469 Auspicia
1930 406 2486 472 AsTRoLOGch.

195 530 294 590 καί
322 555 382 590 τε
403 535 569 610 τομὴν
593 530 847 613 ἐπάγῃσιν
874 532 1006 613 ἀνὴρ
1034 538 1239 595 Παιῶνι
1267 539 1544 615 μεμηλώς,

205 618 367 698 δηρὸν
392 618 702 700 μοχθήσειε,
729 620 871 688 τέλος
894 618 940 680 δ’
963 622 1262 691 ἅναδέξεται
1288 626 1448 703 αἰνόν,

205 707 304 765 καί
324 730 382 766 τε
411 708 675 789 δυσαχθέα
698 712 880 768 νοῦσον
908 710 989 768 ἐπ’
1013 711 1154 792 ἀνέρι
1177 715 1300 794 τῷδ’
1324 713 1586 775 ὀπάσειεν.

287 798 334 853 εἰ
362 795 419 854 δέ
446 798 494 854 τ’
524 795 646 855 ἄνευ
669 795 928 875 καμάτοιο
956 798 1044 857 καὶ
1070 800 1372 873 αἰνοτλήτου
1404 801 1549 874 ἀνίης

91 898 178 940 nto
209 880 428 959 βούλεαι
458 882 765 943 ἐντύνασθαι
788 886 1091 967 ἀοσσητῆρα
1117 887 1347 969 σίδηρον,

201 969 402 1042 Μήνην
429 972 674 1049 αὖγάζοιο
700 970 794 1031 σὺν
823 974 1043 1055 αἰγιόχῳ
1074 979 1118 1035 Κ
1135 978 1388 1055 ρονίωνι

197 1057 266 1128 ἠὲ
296 1058 615 1139 Διωναίῃ,
643 1059 730 1119 καὶ
761 1062 808 1119 δ’
833 1064 878 1119 εί
906 1062 1040 1142 φάος
1059 1064 1318 1133 ἐλλιπὲς
1346 1065 1426 1137 εἴη

199 1148 366 1224 λῆγον
391 1147 496 1205 ἀπὸ
520 1148 804 1228 διχομήνου
829 1150 912 1208 ἐπ’
936 1152 1102 1209 εἰκάδι
1125 1154 1214 1211 καὶ
1240 1155 1287 1212 δ’
1310 1154 1386 1214 ἔτι
1411 1154 1622 1235 πρόσσω

199 1232 346 1306 πλὴν
373 1234 588 1295 συνόδου
604 1260 618 1273 ·
641 1236 796 1296 λώιον
817 1236 919 1319 γὰρ
946 1240 1251 1321 ἄκεστορίην
1275 1241 1519 1315 ἀνύσαιο,

87 1341 170 1380 ⁸15
197 1320 270 1393 ἢν
297 1322 428 1401 ἀλέῃ
453 1322 711 1384 συνόδοισι
734 1325 1006 1402 μεμυκότα
1031 1329 1165 1409 φάεα
1192 1329 1400 1401 Μήνης.

281 1410 354 1479 ὣς
379 1411 424 1470 δ’
447 1412 619 1481 αὔτως
641 1413 895 1483 συνιόντες
919 1418 1012 1473 ἀπ’
1037 1416 1309 1477 Ὠκεανοῖο
1335 1418 1501 1500 ῥοάων

197 1500 552 1581 Φωσφόρος
579 1499 614 1572 ἢ
635 1504 909 1562 Φαέθων
933 1504 1160 1563 τελέουσ’
1181 1506 1368 1587 εὐήρεα
1391 1511 1601 1583 τμῆσιν.

283 1586 454 1655 αὕτως
472 1588 537 1665 δ’,
557 1590 602 1647 εἰ
629 1588 797 1671 φλέὸα
818 1598 990 1669 κεῖραι
1015 1592 1102 1673 ὑφ’
1123 1591 1310 1669 αἵματι
1334 1596 1660 1665 πεπληθυῖαν

193 1674 440 1756 ἱμείρεις,
462 1676 712 1757 ταύτῃσιν
741 1679 1090 1761 ἰφημοσύναις
1111 1680 1366 1743 πεπίθοιο.

684 1828 800 1889 Περὶ
826 1828 1078 1893 mmm.

71 1930 168 1997 ’πο
281 1939 352 1999 El
373 1937 420 1998 δ’
441 1937 546 2016 ἄρα
574 1938 666 1997 καὶ
696 1938 918 2017 δμώων
939 1943 1168 2023 ὀλοφώια
1197 1942 1324 2022 ἔργα
1347 1944 1554 2016 πύθοιο,

202 2022 258 2083 οῖ
282 2027 350 2107 ῥά
377 2028 424 2085 θ’
453 2026 564 2095 ἑοὺς
585 2027 848 2097 λείποντες
871 2029 945 2089 ἐνὶ
970 2030 1272 2112 μεγάροισιν
1298 2030 1527 2099 ἄνακτας

197 2120 359 2191 γαῖαν
384 2115 436 2181 ῖς
462 2114 661 2187 ὀθνείην
685 2117 810 2175 ποσὶ
832 2117 1184 2198 καρπαλίμοις
1209 2118 1527 2192 ἅλάληνται,

201 2200 422 2280 δρησταὶ
449 2202 764 2283 ἀταρτηροί,
794 2203 970 2284 φιλίην
996 2204 1258 2271 λείποντες
1287 2206 1490 2278 ἐδητύν,

200 2286 322 2347 οὔτε
345 2289 604 2367 τραπέζης
636 2294 857 2366 μνῆστιν
885 2291 1150 2372 ἕφεστίου,
1178 2294 1236 2349 οὐ
1267 2292 1557 2370 Κρονίωνος
1585 2322 1596 2333 ·

81 2396 168 2436 825
199 2373 446 2455 Ἑρκείου
469 2375 632 2445 σέ6ας
657 2376 811 2457 ἁγνὸν
837 2378 915 2437 ἐνὶ
935 2378 1252 2459 πραπίδεσσι
1276 2379 1538 2454 σὲὅοντες,

195 2456 339 2521 ἀλλὰ
359 2460 424 2522 σὺ
448 2462 538 2523 καὶ
558 2464 712 2523 τοίων
737 2462 980 2545 μερόπων
1005 2466 1284 2546 ἐπιφράζεο
1308 2474 1514 2547 μοῖραν.

278 2546 345 2622 ἣν
369 2549 464 2627 μὲν
489 2549 548 2629 ἔῃ
572 2552 770 2611 πανδῖα
794 2554 908 2629 μετ’
931 2551 1154 2611 εὖπόκου
1179 2553 1349 2633 Ἀρνε
1365 2556 1509 2627 ιοῖο,

199 2628 317 2698 ώκά
344 2662 432 2716 μιν
460 2638 785 2719 εἰσανάγοιο·
813 2638 936 2720 τάχ’
963 2638 1025 2699 ἂν
1049 2640 1103 2699 δὲ
1131 2640 1221 2699 καὶ
1245 2642 1396 2709 αὐτὸς
1416 2641 1580 2702 ἵκοιτο

198 2726 512 2787 δεσπόσυνον
536 2728 657 2789 ποτὶ
682 2727 816 2806 δῶμ’
839 2728 1131 2797 ὖποδείελος
1147 2774 1162 2801 ,
1188 2726 1316 2801 ἠΰτε
1349 2755 1421 2798 τις
1443 2730 1582 2813 φώρ,

77 2833 171 2873 aso
198 2814 526 2892 παλλόμενος
545 2815 764 2896 κραδίην
787 2814 888 2874 ὑπὸ
910 2816 1144 2894 δείματι,
1168 2818 1258 2877 καὶ
1282 2817 1339 2876 δέ
1361 2842 1448 2877 κεν
1471 2809 1618 2886 ὦπας

197 2900 508 2984 ταρὸαλέοις
534 2903 803 2986 δακρύοισι
825 2904 1150 2986 πεφυρμένος
1173 2906 1481 2966 ἰνδάλλοιτο.

281 2989 346 3063 ἢν
371 2991 426 3052 δέ
448 3015 508 3070 γε
533 2995 788 3074 Ταῦρον
813 2992 968 3073 ἔχῃσι
995 2994 1346 3078 παλίμφοιτος
1372 2995 1657 3078 κερόεσσα,

196 3078 374 3162 ἀνέρος
396 3082 606 3162 ἀφνειοῦ
627 3081 700 3140 ἐνὶ
724 3080 960 3160 δώμασιν
985 3083 1302 3154 ἠλασκάζων

200 3165 344 3243 δμὼς
366 3169 510 3236 ὀλοὸς
529 3168 811 3250 κρύπτοιτο
826 3191 841 3206 ·
868 3170 1016 3247 μόλις
1040 3169 1096 3230 δὶ
1119 3172 1209 3230 καὶ
1232 3174 1303 3239 εἰς
1326 3173 1409 3231 ἑὸν
1437 3163 1576 3232 οἷκον

81 3276 168 3316 38⁶
198 3257 402 3337 σπουδῇ
426 3257 689 3338 ἀναγκαίῃ
716 3281 804 3336 μιν
830 3257 958 3327 ἅναξ
983 3257 1288 3329 ὑποδέξεται
1315 3253 1487 3335 αῧτις,

196 3344 425 3417 ὄτλήσας
445 3344 588 3423 μάλα
613 3345 788 3406 πολλὰ
814 3347 904 3406 καὶ
933 3349 988 3406 ἐν
1011 3348 1331 3428 πραπίδεσσι
1361 3349 1614 3426 μογήσας.

274 3431 340 3506 ἢν
363 3434 408 3492 δ’
432 3435 485 3493 ἐν
510 3433 902 3512 Ἀμυκλαίοισιν
925 3433 1041 3515 ἴδῃς
1063 3435 1313 3517 κεράωπα
1338 3437 1575 3509 Σελήνην

191 3523 227 3592 ἠ
245 3520 373 3580 ιθέο
388 3545 464 3600 ις,
492 3521 696 3602 ταχέως
725 3545 815 3610 μιν
836 3522 920 3581 ἱὸν
952 3523 1110 3599 δόμον
1132 3523 1426 3601 εἶσανάγοιο
1441 3547 1456 3561 ·

195 3607 265 3681 ἢν
291 3608 337 3669 δ’
363 3608 446 3690 ἄρ’
473 3608 727 3682 ἀλεόηται
751 3608 898 3670 πέντ’
917 3610 1103 3688 ἤματα
1125 3611 1418 3691 κρυπταδίῃ
1441 3635 1497 3670 τε

81 3717 170 3758 ato
193 3697 455 3778 λανθάνῃ,
479 3689 516 3771 ἦ
540 3700 586 3756 τ’
614 3697 677 3756 ἄν
704 3722 791 3776 μιν
819 3698 1058 3780 τρίτατον
1089 3698 1224 3775 μετὰ
1249 3704 1390 3776 μῆνα
1417 3699 1608 3780 δέχοιο.

276 3787 323 3845 εί
351 3785 408 3845 δέ
431 3808 493 3864 γε
519 3785 843 3864 Καρκίνον
865 3777 1005 3847 οἶκον
1029 3787 1112 3845 ἑὸν
1141 3787 1382 3868 βασίλεια
1407 3789 1612 3860 Σελήνη

191 3871 404 3954 ἶχνεῦῃ,
429 3873 638 3951 τέτμοις
659 3895 748 3933 κεν
770 3875 823 3932 έν
848 3876 974 3957 ἱερῷ
997 3873 1152 3934 ἄλσει·
1175 3877 1328 3952 δμῶα
1343 3921 1362 3952 ,

191 3961 255 4034 ἠὲ
281 3961 374 4021 καὶ
397 3963 450 4020 ἐν
473 3960 679 4040 τεμένει
703 3961 924 4043 κρυφίην
945 3962 1252 4041 ποιεόμενον
1279 3955 1452 4042 αὖλιν,

191 4049 404 4132 δευτέρῃ
429 4051 503 4108 εἰν
534 4048 652 4122 ἠοῖ·
675 4048 845 4109 θεόθεν
872 4051 918 4109 δ’
941 4050 1115 4122 ἱκέτην
1141 4050 1354 4130 ἅνάγοιο

81 4161 164 4198 :us
193 4140 409 4218 ὀρθῇσιν
433 4135 653 4218 χαίτῃσι
681 4136 971 4219 πεφρικότα
1004 4137 1389 4214 βαμὸαίνοντα.

275 4223 340 4298 ἢν
367 4225 422 4284 δὲ
449 4224 750 4303 Νεμειήταο
771 4224 907 4302 πέλῃ
931 4225 1070 4283 κατὰ
1095 4223 1260 4306 μέτρα
1283 4226 1572 4299 Λέοντος,

196 4315 241 4372 εἷ
272 4311 368 4390 μὲν
397 4311 486 4371 ἰπὶ
514 4311 698 4394 πρώτῃ
719 4317 810 4384 ἠοῖ
830 4312 1019 4394 δρόμον
1044 4312 1320 4385 ἐντύνειεν,

191 4399 445 4478 λήσεται,
467 4399 588 4460 οὐδέ
613 4423 702 4478 μιν
728 4392 872 4468 αὖτις
894 4403 974 4480 ἐφ’
997 4403 1144 4481 ἑστίῃ
1172 4391 1252 4460 οἷο
1276 4400 1496 4470 ἄνακτος

201 4487 453 4567 ἀθρήσαις
479 4488 770 4567 θεράποντα
799 4489 1115 4569 φυγόπτολιν
1133 4512 1148 4526 ·
1169 4491 1216 4547 εἰ
1245 4489 1303 4547 δέ
1329 4489 1378 4568 γ’
1409 4493 1460 4548 ἐν
1485 4494 1574 4561 ἠοῖ

82 4597 170 4636 uo
198 4573 444 4655 δευτατίῃ
470 4573 669 4657 αἴροιτο
695 4577 881 4656 φυγήν,
904 4577 964 4635 οὗ
993 4576 1167 4635 πάντα
1195 4575 1428 4636 τελέσσει

196 4662 586 4744 δρησμοσύνης·
616 4663 780 4744 εὕροις
808 4665 853 4723 δ’
876 4663 938 4723 ἂν
958 4665 1034 4723 ἐνὶ
1062 4664 1335 4744 μεγάροισί
1363 4688 1450 4744 μιν
1473 4669 1655 4746 ἀνδρὸς

199 4753 437 4832 ἀφνειοῦ,
463 4751 698 4830 γαίοντος
724 4752 1033 4833 ἅγηνορίῃσι
1053 4753 1215 4812 νόοιο·

196 4837 332 4910 δίζεο
360 4841 407 4898 δ’
435 4841 489 4899 ἐν
515 4839 666 4922 χώρῃ
695 4863 784 4918 μιν
807 4837 844 4913 ἢ
868 4843 942 4900 εἰν
972 4840 1201 4921 ἐριθηλέῖ
1224 4841 1398 4923 κήπῳ.

280 4929 326 4986 εἰ
349 4926 404 4986 δὲ
435 4928 728 5000 Σεληναίης
751 4927 840 4989 ἐνὶ,
858 4929 1166 5009 Παρθένῳ
1190 4926 1491 5008 ἰχνευούσης

81 5037 167 5077 ³⁸5
194 5015 366 5075 λείποι
390 5005 528 5074 οἶκον
558 5015 802 5085 ἄνακτος,
827 5014 963 5084 ἕλοις
986 5017 1046 5075 κέ
1068 5041 1155 5094 μιν
1179 5020 1232 5076 ἐν
1257 5019 1529 5077 πολεέσσιν

193 5104 369 5180 ἤμασι
385 5127 399 5140 ·
428 5101 632 5175 δηθύνει
653 5105 756 5185 γὰρ
779 5104 1102 5187 ἀπόκρυφος,
1129 5104 1177 5165 εἴ
1201 5108 1252 5164 κ’
1278 5106 1351 5165 ἐνὶ
1379 5109 1514 5188 τῷδε

200 5191 426 5274 δεικήλῳ
457 5191 642 5264 Μήνης
667 5193 938 5274 εὐφεγγέος
967 5195 1370 5278 αἰθροπολοῦσης

3202 418 3315 473 ¹⁰⁹

1757 549 1904 611 atque
1930 551 2189 599 sectionem
2218 550 2400 610 injiciat
2417 550 2493 598 vir
2516 550 2677 599 Paeoni
2698 552 2948 613 operatae,

1759 636 1840 683 diu
1859 637 2176 700 laboraverit,
2199 638 2344 687 finem
2364 639 2708 700 verosuscipiet
2734 639 2917 689 malum
2933 677 2947 701 ,

1755 726 1902 787 atque
1929 726 2269 789 male-gravem
2298 726 2523 777 morbum
2547 727 2651 776 viro
2674 727 2787 776 huic
2808 727 3067 778 induxerit.

1817 812 1900 863 Sin
1921 813 2024 863 sine
2042 814 2207 864 labore
2229 817 2278 865 et
2299 815 2431 877 gravi
2450 828 2657 865 moerore

1754 897 1827 951 vis
1849 900 2053 964 dirigere
2077 903 2313 966 sospitans
2329 904 2508 954 terrum
2521 941 2538 967 ‚

1757 992 1938 1040 Lunam
1957 990 2191 1054 adspicias
2206 1005 2321 1042 cum
2334 993 2759 1056 agidam-tenente
2774 996 2899 1044 Jove

1754 1081 1840 1128 aut
1867 1082 2071 1142 Venere,
2088 1082 2237 1143 atque
2258 1082 2404 1131 etiam
2422 1081 2462 1131 si
2484 1081 2649 1132 lumen
2673 1080 2907 1145 deficiens
2930 1082 3009 1143 sit,

1753 1178 1945 1217 cessans
1960 1180 1991 1217 a
2010 1169 2273 1232 plenilunio
2289 1169 2353 1219 ad
2374 1169 2653 1219 vicesimam
2679 1172 2728 1219 et
2750 1170 2951 1221 ulterius
2968 1171 3116 1220 etiam

1753 1256 1928 1317 proeter
1953 1268 2289 1319 congressuum
2318 1257 2490 1307 melius
2512 1258 2639 1307 enim
2662 1258 2914 1307 sanitatem
2940 1256 3225 1320 perfeceris,

1750 1340 1790 1390 si
1811 1342 2038 1393 vitaveris
2054 1344 2382 1407 congressibus
2396 1345 2709 1395 coalescentia
2731 1346 2912 1394 lumina
2932 1348 3097 1395 Lunoe.

1811 1433 1884 1481 Ita
1909 1430 2055 1481 etiam
2070 1433 2429 1495 congredientes
2444 1434 2506 1482 ab
2527 1434 2703 1483 Oceani
2726 1433 2949 1484 fluctibus
3052 1444 3075 1471 Φ

1762 1521 1926 1568 Venus
1948 1522 1998 1569 et
2017 1524 2229 1583 Jupiter
2257 1521 2473 1571 efficiunt
2485 1521 2743 1571 salutarem
2763 1522 3039 1571 sectionem.

1812 1602 1911 1659 lta,
1928 1599 1968 1649 si
1993 1612 2167 1649 venam
2189 1600 2399 1651 incidere
2410 1602 2640 1663 sanguine
2655 1601 2885 1664 repletam

1751 1687 1989 1738 desideras
2001 1725 2016 1749 ‚
2038 1688 2111 1738 tiis
2130 1689 2367 1739 mandatis
2389 1689 2673 1739 obediveriS.

2258 1845 2313 1887 v.
2342 1846 2408 1888 ne
2437 1840 2638 1900 ingluvia
2658 1845 2813 1889 ιωιι.

1811 1947 1860 1997 Si
1877 1961 1994 1997 vero
2010 1950 2157 1998 etiam
2174 1962 2441 2000 servorum
2458 1952 2603 2001 noxia
2618 1964 2764 2014 opera
2780 1952 3051 2015 sciscitetis,

1749 2027 1830 2089 qui
1849 2041 1963 2076 suos
1984 2028 2309 2091 relinquentes
2325 2032 2376 2078 in
2398 2030 2584 2080 aedibus
2600 2031 2822 2081 dominos

1747 2116 1927 2163 terram
1950 2117 1999 2164 in
2022 2119 2273 2166 externam
2301 2116 2503 2179 pedibus
2524 2117 2761 2169 celeribus
2785 2123 3037 2183 vagantur,

1747 2202 1915 2251 famuli
1938 2202 2100 2265 pravi,
2119 2204 2328 2253 amicum
2354 2204 2625 2269 linquentes
2650 2208 2851 2268 victum,

1747 2304 1907 2353 neque
1928 2304 2105 2341 mensae
2126 2293 2411 2342 memoriam
2430 2293 2731 2357 domesticae,
2757 2310 2913 2358 neque
2935 2298 3069 2346 Jovis

1750 2381 1919 2429 Hercei
1954 2381 2273 2430 reverentiam
2294 2384 2511 2431 sanctun
2536 2382 2583 2432 in
2606 2385 2885 2447 praecordiis
2900 2386 3134 2447 colentes,

1748 2467 1801 2515 at
1818 2467 1874 2515 tu
1893 2466 2043 2516 etiam
2063 2468 2237 2517 horum
2256 2470 2533 2519 mortalium
2549 2471 2877 2521 animadverte
2903 2476 3103 2523 sortem.

1811 2554 1860 2604 si
1889 2555 2083 2617 quidem
2106 2557 2169 2606 sit
2185 2556 2347 2607 divina
2366 2571 2479 2608 cum
2498 2559 3107 2623 gerente-pulcrum·venus
3124 2567 3311 2627 Ariete,

1745 2642 1844 2691 cito
1866 2656 1979 2693 eum
1998 2648 2283 2709 retraxeris;
2302 2648 2521 2698 celeriter
2538 2652 2701 2699 autem
2721 2652 2868 2701 etiam
2888 2652 2988 2713 ipse
3010 2654 3194 2704 venerit

1747 2730 1949 2781 herilem
1966 2732 2028 2781 ad
2046 2734 2245 2785 domum
2268 2736 2586 2799 subtimidus,
2606 2742 2663 2787 ut
2679 2739 2855 2801 aliquis
2883 2740 2973 2795 sur.

1747 2819 1983 2881 palpitans
2005 2836 2090 2871 cor
2110 2822 2201 2873 sub
2226 2826 2387 2885 metu,
2414 2828 2563 2889 atque
2584 2826 2731 2875 etiam
2752 2829 2922 2877 oculos

1747 2910 2042 2960 meticulosis
2060 2911 2272 2962 lacrimis
2294 2915 2514 2976 perfusus
2535 2917 2779 2978 appareat.

1809 2997 1893 3048 Sin
1914 3000 2078 3052 autem
2103 3002 2337 3053 Taurum
2352 3002 2527 3056 habeat
2538 3003 2691 3054 redux
2714 3007 2917 3057 cornuta
2933 3041 2951 3066 .

1747 3087 1836 3136 viri
1856 3086 2019 3137 divitis
2040 3089 2090 3137 in
2110 3089 2299 3141 :edibus
2318 3103 2485 3142 emm

1747 3187 1917 3224 servus
1940 3177 2114 3226 noxius
2134 3177 2310 3242 lateat;
2328 3191 2455 3242 oegre
2470 3181 2635 3230 autem
2652 3182 2797 3230 etiam
2816 3180 2865 3230 in
2882 3195 2993 3231 suas
3014 3182 3145 3232 oedea

1747 3261 1983 3312 industria
2006 3265 2272 3314 necessaria
2292 3279 2407 3316 eum
2432 3279 2519 3316 rex
2531 3267 2730 3330 recipiet
2752 3281 2915 3318 rursus
2928 3305 2943 3330 ,

1747 3361 1997 3412 perpessus
2016 3351 2279 3400 admodum
2298 3353 2451 3403 multa
2468 3355 2618 3416 atque
2633 3355 2999 3417 cogitationibus
3012 3355 3251 3407 laborans.

1810 3438 1894 3488 Sin
1912 3438 1962 3488 in
1989 3438 2245 3502 Amyclaeis
2264 3440 2426 3490 videas
2448 3445 2701 3492 cornutam
2722 3445 2909 3492 Lunam

1733 3525 2037 3587 juvenibus,
2063 3528 2281 3578 celeriter
2298 3541 2413 3578 enm
2432 3532 2571 3579 tuam
2592 3529 2793 3580 domum
2816 3533 3118 3594 introducam

1745 3613 1818 3664 sin
1837 3627 1955 3665 vero
1972 3615 2225 3666 evitaverit
2242 3617 2459 3680 quinque
2471 3617 2576 3667 dies
2596 3620 2647 3668 et
2662 3619 2853 3670 occulte

1747 3703 1910 3764 lateat,
1935 3703 2149 3767 proiecto
2173 3717 2285 3754 eum
2310 3704 2505 3754 tertium
2522 3707 2630 3768 post
2656 3719 2868 3757 mensem
2890 3708 3105 3772 recipias.

1807 3791 1890 3840 Sin
1918 3794 2177 3843 cancrum
2195 3792 2397 3842 domum
2415 3806 2555 3844 suam
2576 3795 2739 3857 regina
2760 3799 2894 3845 Luna

1745 3879 2091 3941 proficiscatur,
2110 3881 2325 3930 invenias
2337 3881 2389 3930 in
2404 3893 2545 3932 sacm
2564 3882 2677 3933 luco
2693 3896 2909 3945 servum,

1743 3968 1831 4017 aut
1851 3966 1997 4017 etiam
2015 3967 2064 4015 in
2086 3966 2291 4018 delubro
2311 3969 2555 4020 occultam
2574 3970 2830 4022 ludentem
2844 3985 3005 4023 casam
3018 4011 3035 4034 ,

1743 4054 1955 4104 secunda
1969 4054 2023 4104 in
2045 4055 2155 4104 luce
2170 4071 2185 4116 ς
2204 4055 2435 4106 divinitu
2450 4059 2617 4108 autem
2638 4060 2901 4122 supplicem
2924 4062 3129 4114 reducas

1745 4143 1889 4192 rectis
1904 4142 2119 4192 crinibus
2136 4144 2413 4194 horrentem
2430 4144 2769 4198 blaterantem.

1803 4233 1888 4282 Sin
1915 4231 2127 4282 Nemeoei
2142 4231 2208 4282 sit
2222 4231 2273 4282 in
2293 4231 2513 4296 partibus
2531 4237 2737 4298 Leonis,

1742 4319 1782 4370 si
1805 4319 1854 4369 in
1877 4319 2033 4382 prima
2058 4321 2167 4370 luce
2187 4333 2385 4370 cursum
2410 4321 2600 4386 dirigat,

1743 4409 1937 4470 latebit,
1959 4421 2117 4472 neque
2133 4422 2245 4460 eum
2263 4411 2441 4461 iterum
2457 4411 2521 4461 ad
2540 4411 2703 4461 focum
2725 4411 2906 4462 domini
2925 4415 3002 4463 sui

1741 4498 1977 4560 adspicias
1998 4499 2238 4550 tamaium
2262 4499 2685 4563 urbe-extorrem3
2708 4501 2782 4550 sin
2800 4515 2915 4551 vero
2932 4501 3015 4552 die

1741 4586 1955 4636 secunda
1971 4588 2151 4650 ceperit
2174 4588 2355 4652 fingam,
2370 4601 2471 4639 non
2486 4587 2649 4639 omnia
2670 4589 2881 4651 perficiet

1741 4675 1894 4738 lugan
1913 4679 2059 4739 atque
2082 4675 2295 4726 invenias
2312 4677 2361 4726 in
2379 4675 2565 4726 edibus
2588 4690 2701 4726 eum
2719 4677 2811 4727 viri

1741 4761 1919 4822 divitis,
1934 4765 2249 4825 superbientis
2260 4764 2505 4827 gestientis
2520 4764 2841 4814 virili-robore
2863 4765 3040 4825 animi;

1739 4863 1907 4914 quaere
1921 4853 2085 4900 autem
2103 4850 2154 4899 in
2176 4863 2291 4912 agro
2312 4863 2423 4900 eum
2443 4850 2597 4900 autin
2618 4847 2821 4899 florente
2842 4849 3003 4900 borto-

1803 4939 1887 4987 Sin
1911 4941 2045 4988 Luna
2068 4939 2119 4986 in
2150 4941 2359 4998 Vimine
2380 4937 2633 4987 incedente

1743 5026 1931 5089 linquat
1953 5026 2149 5075 domum
2170 5026 2271 5074 heri
2290 5063 2303 5087 ,
2325 5025 2525 5087 recipias
2544 5039 2657 5075 eum
2674 5027 2722 5075 in
2742 5026 2909 5076 multis

1739 5113 1943 5176 diebus3
1968 5117 2187 5162 moratur
2204 5115 2333 5164 enim
2354 5113 2593 5173 occultus,
2618 5115 2659 5162 si
2674 5115 2723 5164 in
2742 5115 2835 5164 hoc

1737 5202 1876 5265 signo
1894 5204 2030 5252 Luna
2050 5201 2438 5266 beno-splendida
2456 5203 3051 5266 permitterem-cursant·
