3767 5825
554 339 627 391 22
1423 340 1617 399 ΦῘΔΗ
1662 342 1928 404 ΣΤΙΧΟῙ
1971 348 2150 409 ΠΕΡΙ
2193 349 2400 411 ZOEN
2456 354 2889 421 ῙΔΙΟΤΗΤΟΣ.

2128 482 2146 561 1
2180 470 2274 523 cibi
2291 472 2548 538 aliquando
2563 472 2784 538 indigens
2795 473 3110 525 multivorans
3127 474 3229 525 baec

666 466 857 544 τροφῆς
883 485 1009 521 ποτε
1035 463 1303 544 χρήζουσα
1328 466 1363 535 ἡ
1389 461 1684 545 ἅδδηφάγος

667 548 886 629 κρύπτει
914 550 1102 623 ἑαυτὴν
1126 552 1179 609 ἐν
1196 549 1450 631 λόχμαισι
1478 550 1735 625 συσκίοις,

536 637 626 715 (ιο)
669 635 796 696 ὥστ’
824 640 1054 719 ἐντυχεῖν
1084 641 1301 721 ἐργῶδες
1324 642 1461 720 αὐτῇ
1489 640 1752 721 τυγχάνει·

664 726 821 785 κάκεῖ
838 726 1045 807 λιγυρὸν
1069 726 1358 787 ἕκπνέουσα
1380 734 1469 789 τοῦ
1490 728 1642 787 δόλου
1656 774 1672 802 ,

554 834 633 875 875
659 813 728 872 τὰ
748 815 979 895 δυστυχῆ
1007 814 1103 893 μὲν
1130 820 1265 891 ζῶα,
1290 808 1443 896 αἶγας
1466 816 1705 897 ἀγρίους,

660 900 898 984 νεὸροὺς,
928 902 1213 985 συάγρους,
1242 904 1335 963 καὶ
1359 904 1561 985 λαγὼς,
1588 904 1679 963 καὶ
1706 904 1985 987 δορκάδας,

662 990 754 1049 καὶ
780 991 950 1065 τᾶλλ’,
972 990 1071 1051 ὅσα
1097 996 1145 1051 οἱ
1163 990 1386 1074 παρέχει
1413 991 1661 1073 εὐωχίαν,

528 1078 620 1159 (15)
656 1078 795 1137 ἕλκει
824 1079 889 1137 δι’
919 1082 1077 1139 αὐτοῦ
1099 1080 1225 1163 πρός
1246 1080 1295 1160 γ’
1318 1079 1508 1153 ἑαυτὴν
1530 1080 1742 1162 ῥᾳδίως,

657 1166 895 1249 καθάπερ
915 1167 1071 1227 αὗταὶ
1094 1172 1149 1226 αἱ
1172 1166 1343 1247 ἰύγγες
1361 1171 1463 1226 τῶν
1488 1168 1671 1247 μάγων

550 1274 632 1314 aso
656 1252 772 1323 τοὺς
797 1254 1061 1333 τλήμονας
1088 1255 1329 1337 σύρουσιν
1348 1254 1511 1327 ἡδέως
1534 1256 1676 1323 νέους

657 1346 709 1411 ἐς
733 1348 839 1424 π’ῦρ
860 1342 921 1403 τὸ
946 1350 1035 1404 τοῦ
1067 1342 1252 1427 ἔρωτος
1278 1343 1629 1425 οὗλοόφρονος·

655 1431 910 1491 κάπειδὰν
940 1435 1075 1514 αὐτῇ
1102 1431 1611 1515 προσπελάσσουσιν,
1642 1432 1781 1515 ἄιραρ

526 1519 617 1601 (20)
657 1523 692 1592 ἡ
722 1519 819 1601 θὴρ
844 1518 1254 1601 ἀποθρώσκουσα
1287 1519 1616 1601 ἠγριωμένη,

654 1610 726 1675 ὣς
751 1608 1004 1689 πειρατ-ής
1026 1632 1128 1681 τις,
1152 1613 1220 1677 ὡς
1243 1607 1374 1689 ἀνὴρ
1394 1608 1741 1689 θηροσκόπος,

544 1716 625 1757 8⁸5
651 1694 859 1779 [ὥσπερ
886 1696 1172 1777 κυνηγέτης
1197 1721 1253 1756 τε
1283 1696 1439 1775 ἄκρος
1462 1696 1558 1769 τὴν
1579 1696 1821 1779 τέχνην]

659 1790 793 1869 θηρᾷ
818 1785 913 1865 μὲν
932 1786 1035 1860 ἤδη
1057 1786 1149 1845 καὶ
1172 1794 1343 1869 τρυφᾷ
1358 1785 1521 1868 χωρὶς
1536 1784 1742 1865 πόνου.]

870 2047 1055 2107 ΠΕΡΙ
1100 2048 1363 2109 ΚΥΝΟΣ
1404 2047 1744 2107 ῙΝΔΙΚΟΥ.

653 2176 859 2245 Παντὸς
874 2177 1023 2245 κυνὸς
1057 2177 1298 2258 μέγιστος
1322 2178 1483 2245 Ἰνδὸς
1503 2188 1607 2245 πᾶς
1627 2177 1788 2257 κύων,

653 2264 706 2333 ὃς
732 2264 850 2326 οὐδὲ
881 2268 970 2325 τὸν
997 2266 1181 2326 λέοντα
1204 2264 1437 2346 παρόντα
1465 2267 1674 2346 τρέμει,

656 2354 963 2413 ἀνθίσταται
982 2352 1064 2429 δὲ,
1090 2354 1181 2413 καὶ
1210 2364 1404 2437 σφριγᾷ
1425 2354 1551 2435 πρὸς
1576 2353 1672 2427 τὴν
1701 2354 1904 2435 μάχην,

545 2463 627 2502 800
657 2442 747 2501 καὶ
773 2451 880 2510 τοῖς
906 2448 1226 2524 βρυχηθμοῖς
1254 2444 1563 2501 ἀνθυλακτεῖ
1587 2442 1865 2516 συντόνως,

549 2530 618 2609 (Β)
659 2530 954 2611 ἐγκείμενον
983 2530 1039 2589 δὲ
1065 2531 1309 2613 καρτερεῖ
1332 2529 1422 2590 τὸν
1450 2531 1671 2605 αὐθάδη·

650 2618 739 2677 καὶ
767 2620 1011 2678 δάκνεται
1041 2616 1157 2697 μὲν,
1183 2617 1474 2678 ἀντιδάκνει
1502 2616 1558 2677 δὲ
1580 2617 1756 2679 πλέον.

650 2708 815 2775 Τέλος
837 2706 893 2768 δὲ
920 2715 1011 2768 τοῦ
1039 2706 1272 2774 τένοντος
1300 2707 1455 2767 αὐτὸν
1486 2706 1727 2787 ἁρπάσας
1743 2752 1759 2778 ,

649 2800 819 2875 ῥιπτεῖ
841 2795 977 2856 κατὰ
998 2799 1121 2873 γῆς,
1150 2794 1243 2855 καὶ
1266 2795 1583 2877 σπαράττει,
1612 2795 1701 2853 καὶ
1728 2793 1912 2854 θλίὸει.

538 2905 619 2944 895
654 2884 769 2944 Κάν
793 2907 873 2952 τις
895 2884 1125 2944 ἐπελθὼν
1147 2882 1389 2966 ἀποκόψῃ
1414 2883 1473 2943 τὸ
1494 2882 1673 2953 σκέλος

518 2977 606 3051 (w)
648 2977 723 3053 τῷ
749 2973 837 3032 τὸν
866 2972 1032 3052 μέγαν
1060 2973 1277 3053 ἄγχοντι
1303 2973 1395 3032 καὶ
1414 2973 1537 3053 πρὶν
1560 2971 1830 3048 γεννάδαν,

647 3061 793 3138 μόλις
814 3064 842 3118 ὃ
868 3061 1043 3142 νεκρὸς
1067 3060 1323 3133 ὓπανήσει
1344 3059 1403 3120 τὸ
1427 3059 1617 3139 στόμα.

912 3325 1101 3384 ΠΕΡΙ
1144 3324 1677 3385 ΜΑΝΤΙΧΩΡΟΥ.

648 3449 715 3510 Ὁ
749 3449 1084 3532 μαντιχώρας
1108 3451 1205 3531 θὴρ
1233 3453 1285 3509 ἐν
1312 3451 1495 3519 Ἰνδοῖς
1524 3450 1737 3532 εὑρέθη,

649 3536 834 3612 δασὺς,
864 3539 1100 3621 ἐρυθρὸς,
1125 3531 1259 3607 εἶδος
1282 3537 1554 3618 ἀνθρώπου
1584 3537 1772 3620 φέρων,

536 3647 615 3686 900
641 3625 861 3704 ὄμματα
888 3627 1104 3706 πυρσοῖς
1130 3627 1331 3708 ἐμφερῆ
1346 3625 1750 3706 γλαυκοχρόοις,

646 3717 673 3774 ὃ
718 3718 805 3795 ρῧς
831 3713 1015 3781 ἱκανὰς
1044 3713 1280 3796 ἐκφοὸεῗν
1310 3714 1400 3773 καὶ
1430 3713 1705 3794 μακρόθεν,

543 3801 610 3882 (a)
650 3799 767 3861 ωτα
787 3799 1038 3880 στεγανὰ,
1067 3801 1158 3860 καὶ
1184 3800 1434 3882 προμήκη
1464 3801 1716 3881 μετρίως,

643 3889 735 3948 καὶ
758 3891 1084 3970 σφαιροειδῆ,
1109 3889 1199 3949 καὶ
1219 3889 1349 3971 ψιλὰ
1375 3889 1505 3972 πρὸς
1529 3888 1623 3956 τὰς
1653 3889 1852 3970 βάσεις,

640 3977 851 4045 ὀδόντας
876 3977 1030 4050 ὀξεῖς,
1054 3979 1407 4059 δυσθεώρητον
1442 3977 1631 4056 στόμα·

532 4087 611 4127 ⁹05
638 4067 705 4124 τὰ
729 4068 775 4125 δ’
803 4065 939 4125 ἄλλα
975 4070 1151 4148 σαφῶς
1173 4067 1379 4138 ἐντελὴς
1405 4070 1433 4125 ὃ
1462 4066 1559 4147 θὴρ
1585 4065 1737 4126 λέων.

638 4153 820 4224 Μόνην
842 4177 901 4232 γε
930 4152 1034 4231 μὴν
1058 4152 1328 4237 ἔγκεντρον
1352 4153 1507 4234 οὐρὰν
1527 4153 1749 4235 ἐκφύων,

512 4244 601 4323 (10)
640 4241 887 4315 ἐκηὸόλος
916 4241 1009 4320 μέν
1033 4244 1145 4303 ἐστι
1168 4241 1377 4314 τοξότης
1401 4241 1582 4324 φύσει,

642 4330 787 4390 ποιεῖ
807 4328 862 4388 δὲ
888 4329 1095 4410 νεκροὺς
1120 4339 1235 4400 ταῖς
1265 4333 1443 4411 βολαῖς
1469 4331 1588 4398 τοὺς
1610 4331 1855 4408 ὁπλίτας,

640 4418 692 4478 οἳ
716 4424 895 4478 τοῦτον
920 4423 1105 4499 ὁρμαῖς
1134 4421 1418 4500 ἔλλοχῶσιν
1448 4419 1704 4501 ἀσχέτοις.

533 4529 615 4570 910
642 4507 759 4569 Κᾶν
786 4531 865 4575 τις
887 4510 1133 4566 ἀπαντῶν
1160 4511 1340 4590 εὑρεθῇ
1368 4507 1509 4568 κατὰ
1538 4507 1742 4587 στόμα,

638 4599 839 4678 γοργῶς
860 4597 1097 4655 ἀνακλῶν
1122 4599 1225 4654 τῶν
1258 4598 1421 4676 βελῶν
1448 4595 1545 4669 τὴν
1574 4595 1803 4680 ἐργάτιν,

511 4687 602 4766 (15)
640 4687 764 4744 ὠθεῖ
797 4685 913 4744 κατ’
945 4687 1101 4744 αὐτοῦ
1124 4685 1215 4744 καὶ
1242 4684 1513 4768 προὸαίνει
1540 4685 1811 4756 συντόνως.

643 4773 963 4852 Κινούμενον
993 4776 1038 4833 δ’
1071 4763 1178 4850 οῧν,
1208 4776 1499 4857 ὓπαναιρύει
1528 4775 1686 4835 πάλιν
1752 4781 1762 4792 ’

640 4860 846 4930 καινοὺς
869 4861 1070 4931 ὀϊστοὺς
1092 4862 1184 4922 καὶ
1205 4860 1397 4942 τομοὺς
1424 4862 1484 4922 τὸ
1512 4861 1707 4946 θηρίον,

534 4972 612 5011 915
636 4949 727 5010 καὶ
748 4955 852 5010 τῶν
876 4951 1107 5010 διωκτῶν
1132 4953 1185 5010 ἐν
1220 4953 1411 5033 βραχεῖ
1434 4952 1726 5032 κατισχύει.

638 5034 847 5102 Ὄντων
872 5038 928 5098 δὲ
951 5041 1157 5099 πολλῶν
1180 5045 1283 5100 τῶν
1304 5064 1414 5122 παρ
1442 5040 1623 5108 Ἰνδοῖς
1651 5046 1861 5121 θηρίων,

513 5127 601 5210 (20)
646 5125 737 5186 καὶ
764 5127 891 5208 πρὸς
913 5127 973 5188 τὸ
1000 5125 1185 5212 φαγεῖν
1213 5131 1472 5212 ἀκρατῶν,
1494 5127 1585 5189 καὶ
1606 5130 1910 5212 δυσμάχων,

2187 562 2394 613 occultat
2415 576 2522 615 sese
2541 563 2594 614 in
2609 562 2823 614 dumetis
2843 564 3081 615 umbrosis
3095 600 3110 625 ,

2179 649 2300 701 adeo
2325 655 2378 701 ut
2395 651 2602 702 incidere
2619 652 2812 702 difficile
2833 653 2898 702 sit
2920 653 2970 702 in
2993 666 3099 703 eam

2183 742 2244 789 Et
2265 739 2334 789 ibi
2355 752 2501 790 suave
2517 740 2637 790 illud
2663 741 2911 805 exspirans
2929 740 3056 803 doli,

2178 826 2383 879 infelicia
2409 828 2606 893 quidem
2627 830 2878 893 animalia,
2899 842 3068 893 capras
3090 829 3330 881 silvestres
3343 867 3356 893 ,

2180 915 2430 975 hinnulos,
2448 930 2590 981 apros
2603 952 2620 980 ,
2639 921 2689 968 et
2706 918 2890 982 lepores
2902 955 2919 980 ,
2943 922 2992 968 et
3013 932 3205 981 capreas
3217 956 3234 981 ,

2178 1008 2229 1053 et
2245 1004 2337 1055 alia
2349 1041 2366 1066 ,
2385 1010 2626 1069 quotquot
2643 1006 2688 1055 ei
2708 1006 2924 1070 praebent
2945 1006 3122 1057 victum
3137 1043 3151 1067 ,

2179 1094 2326 1144 trahit
2345 1092 2430 1145 illo
2451 1097 2602 1147 mavi
2621 1095 2759 1145 facile
2781 1094 2842 1145 ad
2865 1108 2945 1155 se,

2175 1182 2314 1233 sicuti
2337 1182 2459 1246 ipsae
2479 1183 2716 1234 illecebrae
2733 1197 2984 1247 magorum

2180 1270 2387 1321 miseros
2407 1272 2605 1321 trabunt
2623 1273 2835 1323 suaviter
2849 1274 3057 1337 iuvenes

2175 1357 2224 1407 in
2247 1358 2405 1421 ignem
2428 1360 2606 1410 amoris
2623 1360 2836 1411 animum
2853 1361 3204 1423 corrumpentis
3223 1376 3237 1410 :

2178 1450 2226 1497 et
2248 1452 2504 1511 postquam
2519 1447 2582 1499 ad
2599 1462 2706 1499 eam
2723 1448 3236 1513 appropinquaverint,
3259 1448 3407 1499 statim

2176 1534 2274 1585 iera
2300 1535 2525 1587 exsiliens
2541 1537 2765 1600 efferata,

2173 1626 2230 1673 ut
2245 1624 2419 1687 aliquis
2434 1625 2590 1688 pirata
2603 1662 2616 1687 ,
2640 1630 2692 1675 ut
2711 1626 2784 1674 vir
2801 1624 2914 1676 ieris
2937 1626 3172 1677 insidians
3185 1663 3200 1690 ,

2174 1708 2260 1791 [ut
2279 1715 2476 1763 venator
2493 1714 2769 1777 proeoellens
2790 1719 2892 1765 arte
2911 1728 2999 1765 sua
3009 1698 3055 1781 ,1

2171 1801 2300 1865 capit
2325 1814 2386 1853 ea
2409 1802 2626 1866 protinus
2649 1807 2699 1853 et
2721 1803 2931 1853 vescitur
2948 1804 3052 1853 sine
3069 1802 3268 1868 labore]

2459 2054 2532 2106 38
2579 2044 2713 2123 (37).
2755 2046 2860 2105 DE
2902 2044 3106 2106 CANE
3145 2044 3417 2105 INDICO.

2173 2183 2401 2234 Omnium
2423 2197 2596 2234 anum
2617 2185 2855 2235 maximus
2875 2188 2952 2235 est
2968 2184 3162 2236 Indicus
3183 2184 3381 2249 quisque
3401 2182 3522 2239 canis,

2169 2271 2253 2334 qui
2275 2284 2333 2321 ne
2355 2270 2539 2322 leonem
2559 2272 2752 2336 quidem
2775 2277 3058 2335 praesentem
3080 2272 3388 2335 pertimescit,

2168 2356 2253 2407 sed
2274 2358 2478 2420 resistit,
2498 2363 2548 2408 et
2566 2372 2772 2422 pugnam
2795 2359 2968 2422 cupide
2989 2359 3168 2423 appetit

2167 2450 2217 2495 et
2235 2446 2469 2508 rugitibus
2487 2460 2599 2497 cum
2623 2447 2931 2498 contentione
2956 2447 3190 2509 oblatrat,

2167 2536 2508 2598 urgentemque
2526 2536 2737 2586 sustinet
2755 2536 3016 2599 superbum
3026 2552 3042 2597 ;

2167 2628 2216 2672 et
2234 2623 2478 2673 mordetur
2495 2624 2690 2687 quidem
2703 2660 2718 2685 ,
2747 2624 2832 2674 sed
2851 2626 3008 2674 acrius
3029 2623 3216 2675 mordet
3229 2624 3342 2687 ipse.

2167 2711 2384 2775 Denique
2403 2725 2516 2761 vero
2533 2712 2732 2762 cervicis
2750 2712 2970 2763 musculo
2989 2718 3230 2776 arreptum
3251 2726 3356 2763 eum

2169 2798 2369 2847 humum
2391 2800 2678 2862 prosternit,
2700 2803 2750 2850 et
2771 2804 2930 2864 raptat
2945 2802 2994 2850 et
3015 2800 3204 2863 premit.

2166 2888 2250 2948 Et,
2269 2886 2310 2937 si
2329 2886 2439 2950 quis
2461 2886 2695 2938 accedens
2713 2902 2824 2940 crus
2847 2888 3112 2953 amputarit

2167 2975 2212 3024 ei
2235 2977 2318 3038 qui
2341 2976 2472 3039 angit
2489 2977 2730 3040 ingentem
2755 2981 2806 3028 et
2825 2980 2967 3028 antea
2989 2977 3245 3040 superbum

2165 3063 2250 3113 vix
2269 3070 2490 3115 mortuus
2509 3079 2566 3115 os
2587 3065 2833 3116 relaxabit.

2833 3214 3028 3230 Ἦ

2455 3323 2526 3374 39
2575 3313 2715 3392 (38).
2767 3315 2867 3374 DE
2909 3312 3459 3375 MANTICHORA..

2164 3454 2483 3505 Manticboras
2504 3454 2604 3505 fera
2626 3454 2754 3518 apud
2768 3454 2916 3506 ludos
2932 3454 3192 3514 invenitur,

2163 3532 2380 3594 hirsutus
2387 3579 2404 3605 ,
2425 3543 2585 3606 ruber,
2605 3543 2776 3593 faciem
2797 3542 3007 3593 hominis
3025 3556 3220 3605 gerens,

2162 3631 2327 3682 oculos
2351 3631 2532 3682 facibus
2549 3631 2732 3682 similes
2753 3630 2910 3682 caesiis
2921 3667 2937 3693 ,

2161 3719 2411 3785 supercilia
2431 3719 2605 3770 idonea
2621 3720 2682 3770 ad
2699 3718 2982 3770 terrendum
2999 3717 3143 3768 etiam
3163 3714 3340 3780 pmcul,

2159 3822 2302 3860 aures
2326 3810 2529 3873 pilosas,
2551 3813 2601 3860 et
2620 3808 2810 3859 modice
2836 3807 3180 3873 prominentes,

2158 3902 2207 3948 et
2225 3898 2452 3949 rotundas
2464 3935 2479 3960 ,
2503 3898 2554 3948 et
2575 3898 2735 3948 calvas
2751 3909 2922 3948 versus
2940 3897 3078 3947 bases
3089 3933 3104 3958 ,

2157 3987 2326 4038 dentes
2343 3989 2538 4046 acutos,
2560 4000 2616 4036 os
2639 3985 2899 4048 injucundo
2918 3989 3142 4048 aspectu3

2157 4079 2316 4127 cetera
2337 4077 2499 4126 autem
2519 4075 2625 4124 haec
2641 4073 2741 4124 fera
2755 4073 3005 4124 manifesto
3022 4073 3258 4136 perfectus
3271 4070 3340 4120 leo
3355 4071 3426 4118 est-

2159 4165 2319 4215 solam
2337 4163 2448 4214 licet
2463 4162 2664 4232 caudam
2683 4161 2946 4213 aculeatam
2967 4173 3244 4224 procreans,

2154 4253 2322 4316 procul
2345 4252 2518 4303 seriens
2539 4250 2818 4314 sagittarius
2839 4255 2915 4301 est
2931 4254 3129 4313 natura,

2154 4345 2204 4392 et
2225 4343 2444 4392 mortuos
2459 4339 2617 4391 reddit
2635 4339 2748 4390 telis
2765 4339 2868 4390 suis
2891 4338 3067 4389 milites
3079 4374 3094 4400 ,

2153 4432 2235 4496 qui
2254 4429 2544 4481 violantibus
2565 4429 2825 4493 impetibus
2844 4441 2956 4480 eum
2973 4425 3316 4490 aggrediuntur.

2154 4519 2340 4579 Quodsi
2362 4519 2474 4584 quis
2491 4531 2747 4570 occumns
2772 4531 2801 4568 a
2824 4517 2982 4568 fronte
3001 4518 3222 4566 inventus
3241 4513 3332 4572 est,

2153 4609 2326 4672 raptim
2348 4607 2596 4659 reflectens
2613 4607 2821 4658 telorum
2857 4603 3200 4657 fabricatricem
3217 4637 3233 4665 ,

2153 4699 2287 4760 urget
2303 4711 2414 4748 eum
2433 4700 2484 4748 et
2498 4696 2717 4747 alacriter
2729 4695 3046 4761 progreditur.

2150 4789 2258 4837 Jam
2280 4799 2480 4837 movens
2495 4799 2628 4849 sese,
2650 4783 2811 4836 denuo
2831 4786 3045 4848 procreat

2073 4870 2082 4880 ’
2153 4888 2302 4925 novas
2319 4880 2578 4938 acutasque
2596 4873 2793 4937 sagittas
2811 4873 2920 4923 baec
2940 4872 3040 4922 l'era
3054 4907 3071 4928 ,

2151 4968 2296 5029 atque
2317 4968 2572 5016 venatores
2591 4963 2730 5016 brevi
2749 4963 2946 5028 subigit.

2149 5054 2317 5104 Multis
2336 5057 2499 5105 aulem
2516 5053 2860 5106 exsistentibus
2874 5051 2990 5102 seris
3011 5048 3140 5114 apud
3157 5045 3295 5099 ludos

2151 5144 2202 5193 et
2218 5141 2416 5193 vorandi
2433 5141 2846 5194 incontinentibus
2856 5176 2875 5203 ,
2900 5153 2959 5191 ac
2975 5135 3248 5190 difficilibus
3265 5129 3442 5186 domitu,

3405 340 3488 415 (1⁴⁶
3497 346 3643 415 -1⁸²·)
