3767 5825
1532 484 1958 546 PRAEFATIO.
3279 494 3352 546 ⁷6

79 631 82 644 ·
156 613 376 673 debant.
414 617 490 674 At
516 617 839 674 carminum
871 618 1085 694 quaein
1106 616 1274 676 Libb.
1302 618 1592 676 Deantid.
1628 617 1704 676 le·
1795 616 2079 675 tribuunt..
2121 616 2256 695 Ipsa
2303 616 2422 694 jam
2477 619 2646 673 metri
2695 617 2844 674 ratio
2887 616 3130 674 serioris
3172 617 3356 675 aetatis

156 726 381 787 guntur,
426 727 541 772 tres
584 715 815 792 inspexi
857 715 1371 794 interpretationes
1386 759 1402 788 ‚
1447 716 1700 794 primam

154 807 348 866 Joach.
386 809 743 880 camerarii,
790 810 1027 868 alteram
1065 809 1373 870 Guintheri
1410 811 1707 870 Anderna-

154 905 331 963 censis
346 949 363 978 ,
420 905 645 963 tertiam
698 904 845 963 Julii
888 905 1157 965 Martiani
1215 905 1407 982 Rotae,
1458 899 1703 985 quarum

157 1000 310 1057 nulla
356 997 578 1078 ubique
614 1021 747 1059 cum
792 1001 1123 1062 satisfacere
1166 1002 1483 1074 videretur,
1527 1003 1704 1078 selegi

156 1098 355 1174 quovis
376 1098 511 1156 loco
534 1118 661 1176 quae
679 1099 901 1177 optime
923 1097 1105 1156 verba
1128 1098 1329 1157 Graeca
1357 1098 1563 1158 Latine
1583 1098 1707 1158 red·

153 1191 343 1264 debat,
377 1195 442 1251 in
466 1194 547 1253 iis
571 1214 717 1252 vero
745 1195 893 1254 locis
934 1193 1039 1254 ubi
1062 1214 1264 1254 omnes
1288 1194 1705 1274 displicebant,

153 1291 269 1365 ipse
296 1289 837 1368 interpretationem
865 1289 1132 1349 Latinam
1166 1291 1449 1349 resarcire
1470 1304 1707 1349 conatus

154 1401 295 1443 sum.

224 1477 348 1537 Non
372 1479 615 1556 indigna
638 1480 869 1539 tandem
898 1480 1161 1558 judicavi
1182 1501 1311 1558 quae
1331 1481 1425 1540 his
1446 1482 1709 1540 collecta·

151 1576 271 1633 neis
292 1577 693 1647 insererentur
725 1576 1023 1656 Praeeepta
1054 1579 1335 1650 salubria,
1359 1599 1609 1656 quorum
1636 1590 1708 1649 40

150 1689 345 1730 versus
373 1672 609 1750 priores
646 1673 903 1751 primum
946 1673 1011 1730 in
1051 1671 1475 1751 programmate
1509 1674 1708 1732 acade-

150 1764 489 1824 micoeCod.
502 1765 836 1844 Mosquensi
852 1767 1040 1827 edidit
1049 1769 1277 1828 Gruner
1292 1766 1443 1827 Ienae
1459 1791 1483 1826 1
1494 1771 1605 1842 782
1627 1779 1708 1842 4⁰3

150 1859 279 1918 dein
292 1860 447 1918 doct.
466 1861 683 1936 Berger
692 1862 756 1920 in
776 1867 971 1920 Areu‘n
982 1867 1268 1938 Beitroege
1288 1885 1387 1920 zur
1409 1866 1708 1921 Gesche‘ch·

152 1967 201 2010 te
220 1959 639 2013 emdLiter-atur
653 1955 727 2017 T.
753 1954 857 2028 lx,
881 1979 941 2036 p.
976 1978 1119 2016 1001
1147 1957 1413 2017 Monach.
1447 1959 1619 2032 1807,
1647 1961 1709 2016 8⁰

148 2049 329 2111 eCod.
354 2049 689 2111 monacensi
703 2052 887 2111 edidit
901 2053 975 2111 25
998 2054 1229 2132 priores
1249 2073 1452 2112 versus
1470 2077 1487 2126 ;
1514 2066 1712 2133 postea

150 2146 309 2207 Doct.
330 2145 623 2205 Schubart
640 2159 825 2206 totum
841 2167 1071 2207 carmen
1095 2149 1324 2207 edidite
1344 2149 1468 2208 Cod
1490 2149 1709 2210 Vindo-

148 2239 387 2301 bonensi
414 2243 481 2302 in
505 2243 709 2302 Diario
732 2243 826 2302 cui
846 2263 1059 2302 nomen
1086 2256 1175 2302 est
1200 2247 1285 2302 W
1282 2251 1437 2301 iener
1457 2247 1709 2304 Iahrbii-

147 2337 277 2393 cher·
294 2341 401 2394 der
418 2342 707 2396 Literatur
726 2340 931 2414 Jahrg.
969 2360 992 2396 1
1003 2339 1115 2408 831.
1146 2342 1715 2417 Anzeige-Blactsiir

152 2434 231 2488 W
228 2430 565 2510 issenschast
590 2436 709 2490 und
736 2437 924 2490 Kunst
946 2454 1003 2512 p.
1037 2435 1147 2509 933
1178 2434 1267 2492 his
1289 2433 1477 2494 tribus
1504 2437 1711 2496 editio-

149 2525 315 2585 nibus
353 2546 569 2584 novam
602 2529 990 2605 superstruxit
1026 2531 1116 2586 vir
1154 2527 1308 2587 doct.
1348 2529 1498 2590 nob.
1528 2530 1713 2590 Ritter

150 2640 261 2678 von
280 2621 441 2678 Welz
456 2665 473 2694 ,
494 2637 624 2699 quae
636 2622 861 2701 prodiit
880 2621 1265 2700 wirceburgi,
1293 2625 1433 2694 1841
1447 2669 1463 2697 ‚
1488 2627 1581 2700 8⁰3
1606 2647 1711 2686 no-

148 2715 233 2775 bis
264 2737 449 2794 porro
485 2729 616 2775 ante
650 2719 755 2778 hos
786 2738 891 2777 sex
916 2738 1099 2778 annos
1130 2719 1390 2779 Berolini
1422 2724 1712 2802 inspicere

149 2811 307 2869 licuit
349 2811 609 2870 schedas.
636 2813 754 2872 viri
782 2814 949 2874 Doct.
992 2814 1187 2888 Dietz,
1215 2831 1567 2894 praematuro
1594 2819 1711 2878 fato

146 2905 399 2987 abrepti,
423 2907 676 2986 indeque
687 2911 1085 2990 excerpsimus
1110 2911 1388 2973 lectiones
1407 2912 1532 2972 Cod
1544 2960 1557 2971 .
1579 2915 1705 2975 Vat.

146 3015 200 3059 et
225 3004 255 3059 3
278 3002 471 3062 Codd.
503 3003 783 3079 Floreat„
807 3006 960 3064 inter
984 3026 1133 3083 quos
1157 3006 1273 3066 duo
1301 3009 1503 3067 saltem
1522 3013 1711 3070 omni·

147 3093 251 3154 bus
270 3098 407 3156 aliis
433 3095 781 3176 praeierendi
800 3118 925 3157 esse
952 3100 1261 3173 videntur3
1290 3100 1739 3164 benevolentiae.

150 3194 373 3251 tandem
420 3196 537 3253 viri
578 3197 732 3255 doct.
784 3196 1145 3273 Daremberg
1189 3188 1469 3259 debemus
1516 3203 1713 3261 varias

148 3288 295 3347 lectt.
323 3290 471 3349 Cod.
496 3291 872 3350 ottoboniani
888 3336 905 3363 ,
924 3313 1174 3371 quarum
1202 3316 1313 3373 ope
1326 3297 1445 3374 jam
1468 3300 1711 3376 quinde-

148 3386 255 3441 cim
286 3386 601 3463 versibus(
628 3396 727 3459 4ο,
752 3389 823 3456 43
842 3400 898 3445 et
924 3396 1021 3467 44,
1048 3390 1253 3463 53-56,
1276 3394 1473 3467 68-71‚
1498 3393 1708 3476 91-94)

147 3484 409 3541 auctiora
426 3484 721 3561 prodeunt
740 3484 863 3543 haec
880 3500 1195 3565 praecepta3
1219 3491 1373 3547 inter
1391 3492 1497 3549 lios
1513 3512 1713 3553 versus

153 3590 339 3637 tamen
368 3572 489 3638 du'o
520 3580 635 3657 (54
664 3594 723 3639 et
757 3580 867 3660 55)
934 3582 1083 3641 soede
1127 3598 1262 3644 sunt
1301 3590 1583 3665 corrupti.
1628 3590 1713 3649 De

148 3688 383 3734 auctore
410 3676 619 3735 horum
658 3692 1085 3757 praeceptorum
1123 3682 1216 3739 vel
1263 3683 1335 3741 de
1386 3698 1549 3743 aetate
1598 3707 1712 3764 qua

149 3772 483 3849 conscripta
499 3773 619 3830 sint
634 3792 917 3851 perquam
938 3775 1181 3834 difficile
1199 3790 1286 3836 est
1312 3781 1537 3858 aliquid
1570 3786 1710 3843 certi

148 3880 430 3939 statuere3
462 3869 624 3927 nulla
652 3870 807 3927 enim
839 3870 983 3929 fides
1009 3884 1095 3930 est
1118 3872 1382 3932 habenda
1410 3876 1580 3937 codd.
1608 3882 1711 3956 qui

147 3980 351 4021 versus
400 3963 511 4021 hos
566 3964 740 4023 modo
797 3966 1272 4045 Asclepiadibus,
1328 3972 1505 4030 modo
1564 3994 1710 4033 vero

150 4060 482 4138 Asclepiadi
506 4074 563 4119 et
586 4062 951 4133 Dioscoridi,
978 4065 1153 4123 modo
1182 4067 1409 4125 tandem
1439 4069 1711 4130 Oribasio

396 4434 617 4514 Scripsi
646 4434 925 4508 Parisiis,
946 4438 1139 4514 pridie
1172 4440 1365 4501 Nonas
1393 4443 1573 4521 Majas
1605 4447 1774 4506 1850.

1792 713 2200 772 documentum
2227 731 2352 770 esse
2370 711 2636 786 videtur3
2667 713 2880 790 scripta
2901 712 3056 770 enim
3078 725 3210 770 sunt
3235 711 3357 770 haec

1792 823 2080 888 praecepta
2119 808 2330 868 iambis
2376 811 2452 867 ita
2505 808 2675 868 dictis
2717 810 3052 886 Byzantinis
3103 831 3354 886 quorum

1794 925 1966 963 omne
1986 905 2296 964 artificium
2331 915 2399 962 e'o
2441 918 2662 962 constat
2694 905 2851 981 quod
2889 906 3101 980 singuli
3150 925 3356 964 versus

1795 999 2104 1060 duodecim
2120 999 2362 1078 syllabis
2377 999 2790 1070 absolvuntur3
2818 1000 3147 1077 excipiendi
3166 1014 3352 1059 tamen

1795 1097 2060 1156 suntduo
2077 1099 2304 1176 priores
2317 1117 2520 1156 versus
2539 1096 2884 1175 pentastichi
2914 1097 3072 1174 quod
3104 1098 3257 1156 tituli
3280 1099 3374 1158 lo·.

1797 1215 1926 1252 cum
1943 1207 2098 1252 tenet
2115 1215 2131 1266 ;
2151 1213 2284 1252 nam
2308 1193 2372 1251 hi
2405 1205 2680 1270 quattuor
2700 1193 3007 1270 anapaestis
3029 1213 3157 1250 cum
3180 1193 3360 1252 dime-

1796 1302 1887 1348 tro
1916 1289 2169 1349 iambico
2186 1290 2741 1370 brachycatalectico
2772 1307 3034 1351 constare
3061 1293 3357 1366 videntur,

1798 1398 1858 1444 at
1898 1387 2279 1446 inveniuntur
2322 1388 2688 1446 solummodo
2723 1389 2785 1446 in
2805 1387 2950 1445 cod.
2981 1387 3180 1460 Vind.;
3214 1388 3356 1446 Cod.

1796 1480 1994 1540 Ottob.
2009 1483 2226 1540 omittit
2239 1503 2328 1540 vs.
2353 1505 2374 1540 ι
2389 1526 2406 1555 ,
2419 1483 2851 1561 secundumque
2859 1503 3088 1542 versum
3104 1478 3362 1562 incipit'a

1796 1598 1939 1637 voce
1951 1577 2322 1655 μεταδίδοσθαι
2335 1593 2392 1638 et
2408 1581 2470 1638 in
2486 1580 2600 1638 fine
2611 1580 2970 1656 versuslegit
2985 1579 3266 1658 ἐξορκίσας·
3283 1602 3365 1640 re-

1796 1674 1948 1752 liqui
1959 1673 2145 1736 Codd.
2161 1689 2279 1734 toto
2293 1676 2657 1755 pentasticho
2670 1688 2883 1734 carent.
2897 1676 3164 1735 Ceterum
3181 1690 3362 1735 totum

1798 1791 2028 1830 carmen
2053 1773 2301 1832 vocibus
2338 1775 2510 1852 plane
2548 1772 2818 1832 barbaris
2853 1787 3038 1846 caret,
3076 1775 3192 1832 nisi
3220 1775 3366 1833 sorte

1798 1869 2056 1949 excipias
2074 1889 2162 1932 vs.
2195 1873 2253 1943 3,
2275 1869 2376 1928 ubi
2395 1890 2598 1930 omnes
2618 1869 2798 1929 Codd.
2816 1883 3030 1949 praeter
3053 1869 3362 1948 Mosquen-

1798 1983 1919 2022 sem
1949 1985 2059 2043 pro
2101 1963 2421 2042 πολῦμικτον
2457 1967 2659 2042 legunt
2693 1963 3044 2042 πολύμινσον·
3090 1981 3368 2045 praeterea

1798 2080 1970 2120 voces
1999 2060 2229 2141 κώναρος
2255 2065 2372 2140 (vs.
2396 2064 2532 2138 89),
2564 2062 2866 2143 κολλούριον
2887 2063 2906 2138 (
2925 2082 3018 2120 vs.
3045 2063 3120 2138 89
3149 2075 3206 2121 et
3231 2062 3364 2142 98),

1799 2157 1883 2215 uti
1901 2169 1958 2214 et
1979 2158 2225 2232 genitivi
2242 2181 2334 2216 σου
2354 2158 2440 2215 τὸν
2459 2156 2614 2234 δόμον
2635 2159 2739 2234 (vs.
2765 2159 2860 2236 47)
2887 2171 2944 2216 et
2955 2180 3044 2216 σου
3063 2157 3156 2228 τὴν
3179 2157 3366 2236 στέγην

1810 2253 1936 2328 (vs.
1969 2252 2084 2329 50)
2133 2273 2248 2328 pro
2287 2254 2532 2310 serioris
2569 2252 2753 2311 aetatis
2790 2265 3130 2329 argumento
3165 2253 3366 2313 haberi

1801 2362 2072 2425 possunt;
2113 2349 2294 2408 verba
2331 2371 2511 2428 porro
2540 2349 2674 2426 μετὰ
2707 2354 2823 2409 Θεοῦ
2870 2351 2994 2426 (νε.
3029 2349 3136 2428 27)
3169 2353 3272 2408 vix
3295 2351 3368 2409 ab

1800 2443 1919 2501 alio
1947 2464 2116 2522 quam
2144 2465 2177 2503 a
2215 2445 2550 2504 Christiano
2578 2459 2816 2504 auctore
2840 2445 3099 2524 prosecta
3121 2464 3246 2503 esse
3279 2447 3366 2504 vi·

1799 2538 2034 2616 dentur,
2107 2540 2599 2618 quemadmodum
2665 2539 2788 2618 jam
2881 2540 3369 2600 animadverterat

1800 2635 1970 2692 Doct.
2003 2635 2310 2708 Schubart,
2351 2649 2408 2694 et
2458 2648 2645 2694 totum
2675 2654 2907 2696 carmen
2954 2636 3152 2712 aliquo
3192 2638 3368 2695 modo

1800 2731 2172 2818 disciplinam
2210 2723 2586 2792 monasticam
2636 2733 2904 2791 redolere
2955 2732 3208 2791 videtur.
3238 2734 3369 2792 Non

1800 2829 2122 2904 negandum
2137 2843 2344 2904 tamen,
2356 2843 2648 2894 auctorem
2659 2830 2868 2888 horum
2887 2850 3158 2888 versuum
3172 2831 3370 2909 aliquo

1800 2926 1976 2983 modo
1996 2928 2058 2984 in
2081 2927 2331 2985 lectione
2350 2926 2638 2986 librorum
2670 2929 3047 3005 antiquorum
3073 2941 3368 2985 versatum

1802 3020 2012 3093 fuisse,
2049 3021 2132 3079 uti
2161 3022 2424 3080 indicant
2449 3042 2625 3081 voces
2647 3021 2837 3102 λύθρου
2861 3021 3039 3099 βλύσις
3073 3022 3194 3102 (vs.
3221 3024 3294 3080 32
3318 3024 3364 3101 ),

1801 3114 1967 3173 αἴσιον
1999 3116 2125 3193 (vs.
2158 3116 2296 3195 59),
2330 3116 2578 3183 κτιννύεις
2608 3119 2626 3194 (
2651 3137 2738 3177 VS.
2772 3138 2848 3193 90
2886 3130 2943 3174 et
2978 3138 3047 3193 91
3080 3117 3122 3194 ).
3162 3116 3371 3195 Hujusss

1802 3211 1959 3269 modi
2010 3213 2363 3287 argumentis
2408 3212 2604 3270 forsan
2652 3211 2930 3269 solvenda
2957 3214 3070 3269 erit
3088 3215 3366 3290 quaesti0,

1802 3326 1939 3363 num
1975 3307 2087 3365 hoc
2111 3327 2344 3365 carmen
2385 3328 2564 3365 unum
2601 3320 2892 3366 auctorem
2918 3306 3212 3379 habuerit,
3240 3328 3312 3367 an
3338 3328 3372 3367 a

1802 3403 2070 3482 pluribus
2087 3406 2234 3463 viris
2255 3418 2418 3463 aetate
2441 3404 2830 3483 inaequalibus
2845 3406 2921 3463 sit
2939 3407 3330 3484 conscriptum
3349 3429 3365 3477 3

1801 3498 1957 3560 doct.
1989 3520 2108 3557 von
2154 3500 2312 3559 Welz
2358 3500 2420 3560 id
2462 3513 2735 3579 quattuor
2783 3502 3046 3579 partibus
3096 3496 3366 3560 constare

1801 3596 2070 3669 affirmat,
2093 3618 2340 3675 quarum
2368 3599 2619 3657 secunda
2642 3598 2850 3676 incipit
2866 3618 2898 3655 a
2919 3618 3008 3657 νε.
3029 3599 3128 3669 28,
3149 3600 3316 3657 tertia
3337 3620 3369 3657 a

1801 3713 1892 3752 vs.
1926 3695 1999 3764 45
2030 3707 2087 3752 et
2113 3710 2320 3772 quarta
2347 3716 2383 3754 a
2407 3716 2493 3753 VS.
2525 3697 2623 3767 80,
2649 3708 2821 3772 atque
2850 3695 2994 3753 duas
3017 3696 3371 3773 posteriores

1801 3790 2104 3868 prioribus
2127 3791 2484 3873 receptiores
2523 3810 2646 3849 esse
2667 3790 2983 3848 contendit.
3007 3790 3161 3849 Huic
3180 3802 3367 3848 autem

1801 3887 2072 3964 opinioni
2122 3888 2322 3965 aliquo
2365 3887 2542 3946 modo
2586 3887 2780 3945 favere
2817 3887 3069 3961 videtur,
3109 3886 3268 3963 quod
3307 3887 3369 3945 in

1799 3979 1984 4040 Codd.
2013 3982 2263 4043 Vindob.
2299 3997 2357 4041 et
2385 3981 2640 4042 Florent.
2669 3982 2919 4056 margini
2942 4001 3030 4041 vs.
3059 3981 3135 4038 28
3161 3979 3373 4039 adscri-

1798 4088 1962 4153 ptum
1986 4091 2073 4136 est
2097 4098 2310 4137 nomen
2331 4077 2710 4137 Dioscoridis.

2284 4306 2356 4364 U.
2389 4306 2584 4365 CATS
2610 4304 3123 4365 BUSSEMAKER.
