3767 5825
1389 416 1816 479 PRAEFATIO.

131 564 176 608 tn
199 556 402 607 ticinekii
423 554 636 605 editione
664 570 679 602 ε
1073 558 1126 601 tn
1147 554 1238 601 nse
1258 550 1502 600 editione:

83 652 132 705 V.
183 648 259 703 18.
295 643 460 701 ταῦτά
489 646 543 719 γ’
577 642 686 720 ἔχει
702 680 1196 699 .............
1209 646 1376 715 ταυτᾷ
1400 636 1508 715 ἔχει

176 743 258 802 24.
299 735 500 809 κοσμῆν
516 771 1247 791 ...................
1260 733 1477 803 κοσμεῖν

177 824 256 877 25.
297 811 444 885 εἶπας
455 859 1263 878 .....................
1271 805 1410 883 εἶπες

171 910 258 967 28.
297 910 536 967 καθεῦδεν
549 950 1210 967 .................
1222 902 1489 963 καθεύδειν

171 1002 256 1057 32.
295 1004 510 1056 παῦσαι.
537 1000 696 1057 ὁποῖα
713 1010 772 1056 et
791 1019 926 1057 τοι-.
954 1002 1130 1055 .πα’ὗε.
1153 997 1302 1053 ὁκοῖα
1325 1004 1384 1049 et
1405 997 1572 1071 ταυτᾷ

712 1092 846 1146 αῧτα
1470 1101 1530 1158 γε

173 1176 257 1233 38.
291 1174 376 1233 ναὶ
406 1174 570 1234 καλὸν
600 1164 750 1242 εἶπας
762 1217 938 1234 .....
949 1180 1100 1233 τοῦτο
1122 1171 1241 1232 κάλ’
1269 1160 1420 1237 εἶπας
1449 1167 1530 1247 (2)

173 1275 255 1332 41.
294 1262 400 1323 ὄπ’
432 1263 630 1331 ἐθέλεις
643 1303 1177 1323 ..............
1189 1258 1324 1319 ὅσσα
1351 1258 1514 1326 θέλεις

171 1362 254 1421 44.
292 1352 380 1410 καὶ
403 1353 550 1411 πύκα
561 1392 1218 1412 .................
1233 1348 1326 1407 καί
1351 1368 1492 1403 ποκα

173 1442 254 1497 51.
293 1440 645 1519 πολεμισταί
657 1483 1149 1501 .............
1163 1434 1482 1517 πολεμισταί

173 1530 252 1586 58.
291 1524 593 1607 ταμάλισὲτα
605 1570 1182 1589 ...............
1196 1523 1261 1584 τὰ
1290 1524 1520 1601 μάλιστα

172 1620 253 1695 59.
292 1619 406 1686 ὅσος
432 1620 480 1677 δ’
505 1618 665 1699 ὄχλος
675 1657 1052 1679 ..........
1083 1672 1088 1677 ,
1115 1662 1131 1676 .
1155 1614 1342 1695 ‚dxxc-0,
1369 1610 1532 1676 πολὺς

171 1712 252 1765 60.
291 1708 420 1785 ἐγών
437 1754 456 1781 ,
479 1698 528 1767 ὦ
551 1706 716 1767 τέκνα
728 1748 984 1767 .......
995 1702 1120 1784 ἐγώ,
1142 1703 1320 1762 τέκνα.
1355 1693 1470 1759 εἶτα
1487 1700 1570 1778 (3)

73 1876 252 1940 posuisse
283 1878 624 1943 ἑιαστοτὲρω,
665 1886 720 1927 ιιι
759 1875 1056 1925 mulierculas
1095 1873 1292 1936 fingeret
1326 1869 1567 1919 affectasse

73 1954 366 2001 tautummodo
387 1952 640 2002 unitiatem
657 1967 944 2001 sennonem.
971 1954 1202 1999 Praeterea
1225 1943 1480 1994 verisimile
1500 1950 1572 1992 est

73 2025 340 2077 Theocritum
365 2028 626 2093 sumpsisse
645 2020 772 2075 banc
795 2025 996 2075 formam
1018 2039 1078 2073 ex
1099 2020 1370 2089 Sophrone,
1393 2016 1478 2083 qui
1495 2018 1574 2079 (ut

75 2102 206 2165 tit-tm.
229 2106 300 2154 Μ.
333 2118 388 2169 p.
427 2111 547 2165 774.
575 2102 642 2161 43
681 2100 828 2159 dicit,
860 2099 926 2151 ef.
965 2097 1202 2147 Valcken.
1239 2094 1288 2145 iu
1330 2091 1568 2143 Adonin.

73 2191 112 2237 p.
138 2192 222 2223 200
241 2192 320 2224 seu
347 2194 404 2238 17
429 2194 508 2243 sq.
533 2176 616 2228 ed.
641 2176 842 2241 Heind.)
865 2174 1028 2227 ἑκοντὶ
1047 2175 1266 2237 ἥμαρτε,
1297 2170 1356 2219 τὸ
1378 2168 1568 2219 ἄκακον

73 2252 142 2307 τῆς
159 2254 420 2313 γυναικείας
439 2252 706 2319 ἑρμηνείας
728 2252 1084 2316 μιμησάμενος.
1114 2246 1330 2295 Verbum
1353 2243 1572 2299 ἀποικεῖς

72 2334 202 2373 autem
220 2326 376 2376 addito
395 2327 670 2377 accusativo
693 2326 896 2393 positum
915 2326 1104 2375 videtur
1121 2328 1432 2390 praegnanter,
1451 2317 1504 2370 b.
1521 2334 1566 2369 e.

71 2415 127 2445 me
145 2398 356 2467 reliquisti
389 2412 440 2449 et
460 2402 686 2450 remotius
713 2400 920 2452 habitas.
943 2400 1020 2451 Cf.
1045 2398 1198 2465 Sopb.
1217 2401 1282 2448 0.
1301 2400 1364 2447 R.
1383 2410 1480 2459 997
1503 2396 1567 2453 ζὴ

73 2474 276 2537 Κόρινθος
289 2476 337 2531 ἐξ
355 2476 478 2540 ἐμοῦ
497 2476 650 2525 πάλαι
663 2476 857 2541 μακρὰν
873 2474 1139 2538 &amasi-to.
1155 2470 1248 2521 Sed
1265 2470 1304 2519 si
1326 2468 1442 2535 quid
1463 2483 1568 2517 mu·

71 2550 236 2597 tendum
248 2586 260 2607 ,
278 2550 394 2599 mihi
410 2551 614 2617 quidem
629 2552 840 2616 phceret
857 2550 990 2617 qnod
1007 2548 1204 2616 protulit
1214 2542 1566 2596 Wurdsworth.

72 2624 139 2685 ἅμ’
158 2625 374 2687 damasit,
395 2624 613 2691 insuper.
629 2652 694 2661 —-
709 2627 774 2675 V.
807 2628 864 2673 18
889 2629 1046 2673 ταῦτα
1063 2621 1107 2687 γ’
1125 2620 1268 2671 etism
1300 2636 1358 2668 10
1376 2619 1476 2669 sive
1492 2622 1565 2669 M.

69 2700 188 2761 Quod
216 2716 298 2765 ego
333 2701 498 2767 recepi
527 2699 778 2767 proposuit
813 2698 1033 2750 Reiskius
1069 2696 1304 2765 probante
1330 2695 1565 2747 Abrente.

71 2774 223 2822 Pariter
251 2776 414 2841 scripsi
437 2792 489 2827 ν.
527 2778 596 2826 32
623 2775 843 2825 codicum
871 2774 1066 2839 vestigia
1093 2784 1296 2823 secutus.
1331 2770 1489 2837 ταύτᾳ
1510 2786 1568 2833 γε

63 2848 142 2910 jam
174 2850 314 2901 voluit
349 2848 566 2900 xoehler.
608 2852 728 2902 Not.
766 2858 814 2899 et
848 2848 1053 2900 Emend.
1095 2865 1146 2917 p.
1190 2849 1271 2899 58.
1292 2874 1357 2885 -
1385 2850 1452 2898 V.
1482 2847 1564 2897 30.

68 2925 194 2974 πουλῦ
209 2963 224 2985 ,
260 2925 496 2986 ἄπληστε.
539 2925 712 2976 Hiatus
750 2924 1048 2975 excusandus
1089 2923 1278 2974 videtur
1312 2923 1567 2988 interpun-

71 3000 218 3060 ctione,
241 3002 498 3066 prasertim
523 3016 676 3067 quum
701 3009 928 3066 sequatur
947 2999 1208 3058 vocativus,
1232 2998 1317 3064 qui
1339 2998 1398 3047 sd
1418 2998 1568 3064 ipsam

69 3075 292 3124 orationem
317 3093 416 3126 non
433 3077 669 3144 pertinet.
683 3081 824 3126 —V.
849 3078 934 3128 25.
952 3075 1324 3140 Diligentissime
1345 3074 1570 3124 refutavit

69 3149 236 3197 aliern.
261 3151 522 3201 sententias
540 3155 594 3200 J.
625 3153 688 3201 G.
707 3150 959 3208 zancha,
987 3147 1248 3218 disputatio
1272 3147 1333 3198 de
1362 3148 1564 3200 Theocr-

69 3221 180 3290 idyll.
197 3228 304 3276 XV.
327 3236 390 3284 ²4
412 3243 522 3296 sqq.
543 3224 826 3294 Membra-gi
855 3229 980 3284 1843
993 3260 1008 3287 ,
1027 3225 1114 3276 sed
1129 3241 1274 3291 quam
1295 3223 1568 3276 Zetzschius

71 3301 284 3364 proposuit
317 3301 586 3362 rationem,
627 3317 730 3350 eam
766 3301 972 3370 probare
996 3317 1086 3367 ego
1110 3300 1305 3367 quidem
1331 3317 1428 3350 non
1456 3317 1567 3368 pos-

69 3391 150 3422 sum
173 3381 238 3440 (ut
261 3378 352 3426 alio
373 3378 487 3430 loeo
509 3380 798 3443 exponam),
823 3393 912 3428 nec
943 3379 1045 3445 ipse
1075 3377 1272 3428 fortasse
1291 3377 1537 3443 probasset
1552 3412 1566 3436 ‚

69 3451 98 3496 si
115 3449 284 3514 cognite
303 3450 556 3502 habuisset
577 3468 684 3518 qun
705 3451 766 3502 de
788 3453 1010 3504 hocloco
1029 3452 1091 3502 nb
1109 3457 1386 3502 Hermanno
1399 3490 1414 3514 ‚
1438 3468 1468 3502 a
1487 3466 1567 3501 me

69 3523 304 3590 Fuhrioquc
338 3526 585 3594 disputata
619 3535 730 3576 sunt
772 3527 860 3591 (in
885 3527 1162 3579 Zimmerm.
1190 3526 1395 3594 prem.
1436 3525 1564 3578 stud.

69 3598 192 3666 antiq.
225 3615 269 3650 a.
307 3603 458 3660 1841.
483 3619 539 3668 p.
571 3604 664 3664 757
701 3601 850 3667 sqq.).
879 3605 1112 3652 Protei-ea
1136 3600 1300 3667 quiin
1333 3601 1567 3667 particula

69 3675 134 3722 ui
155 3677 400 3742 postposita
431 3675 724 3738 offendunt,
753 3676 819 3726 iis
842 3677 972 3728 baud
998 3677 1146 3728 dubie
1172 3676 1378 3744 placebit
1402 3676 1566 3743 conje-

69 3755 174 3796 ctura
197 3751 569 3802 wordsworthii
595 3753 870 3804 κατιδοῖσα.

121 3827 178 3886 (s)
207 3826 258 3874 ld
288 3843 346 3876 ex
377 3827 632 3878 codicibus
663 3829 1012 3878 restituendum
1041 3845 1140 3878 esse
1171 3826 1387 3894 pluribus
1411 3837 1567 3877 osten-

71 3897 166 3948 disse
185 3899 296 3950 mibi
321 3902 573 3952 rismum
598 3902 652 3951 in
673 3903 946 3954 Zimmenn.
967 3903 1171 3969 Ephem.
1196 3901 1324 3953 stud.
1341 3902 1496 3968 antiq.
1517 3917 1566 3954 a.

77 3975 186 4032 ¹841.
211 3993 258 4042 p.
282 3981 380 4036 245
405 3993 486 4044 sq.
517 3979 664 4028 Nune
685 3977 814 4028 idem
841 3980 1023 4045 recepit
1049 3978 1248 4044 Ziegler.
1275 3988 1324 4028 et
1351 3995 1408 4028 ex
1433 3987 1568 4044 parte

73 4049 380 4104 Wurdsvorth.
409 4079 478 4089 —
504 4055 575 4105 V.
618 4062 682 4111 44
714 4054 798 4103 καί
843 4071 979 4105 ποκα
1005 4069 1112 4102 cum
1148 4051 1535 4104 Wordsworthio
1552 4089 1565 4112 ,

73 4136 180 4184 quun
203 4126 302 4174 vide
323 4127 377 4177 in
405 4127 464 4179 h.
495 4127 536 4178 l.
565 4155 630 4164 —
651 4131 721 4179 V.
750 4130 814 4178 53
849 4130 1036 4196 πὺρῤος
1061 4129 1296 4181 Valcken.
1321 4129 1565 4180 Gaissord.

71 4197 248 4252 ueinek.
269 4201 474 4269 ziegter.
497 4203 867 4263 Wordsworth„
887 4220 1176 4271 quamquam
1198 4205 1321 4255 infra
1332 4221 1381 4256 ν.
1409 4209 1503 4254 ι3ο
1519 4214 1569 4254 et

69 4272 138 4320 v1.
162 4275 188 4321 3
209 4284 456 4326 sencinum
493 4293 595 4326 non
623 4287 882 4330 mutarunt.

117 4349 180 4412 (3)
197 4349 250 4398 ld
268 4367 328 4400 ex
349 4352 580 4418 pluribus
601 4355 796 4419 optima
814 4365 939 4406 notae
959 4355 1202 4408 codicibus
1220 4358 1568 4408 admittendum

69 4425 200 4486 pann·
233 4443 340 4476 mm
361 4427 583 4478 Brunck.
621 4431 676 4482 J.
703 4433 784 4482 Η..
804 4434 948 4482 Voss.
985 4433 1244 4499 Kiessling.
1282 4434 1408 4484 Gsil.
1437 4438 1567 4483 Her-

69 4511 202 4550 mann.
217 4501 500 4555 Bniuonnd.
519 4505 647 4553 Nam
665 4521 768 4554 eam
789 4506 1070 4572 scripturam
1089 4525 1190 4559 esse
1209 4525 1238 4558 a
1253 4510 1569 4574 grammaticis

67 4570 364 4641 interpolatam
399 4594 576 4646 parum
613 4579 842 4630 credibile
877 4591 965 4634 est.
1007 4583 1168 4636 schol.
1206 4601 1219 4634 :
1263 4609 1287 4626 -
1326 4579 1395 4651 ἆρ
1411 4603 1474 4646 α,
1523 4581 1566 4636 ὦ

71 4650 224 4716 μῆτερ,
247 4651 378 4704 ἔστιν
419 4653 546 4719 ἡμῖν
585 4653 801 4713 εὐκόλως
838 4658 1054 4714 amat-ne
1089 4661 1142 4710 lv
1169 4659 1232 4733 τῇ
1267 4661 1415 4734 αὐλῇς
1443 4660 1569 4711 Illud

71 4721 170 4784 174,
192 4729 332 4780 τέκνα
357 4738 460 4780 tres
487 4731 662 4794 codd„
689 4732 745 4782 in
769 4733 924 4798 iisque
955 4750 1016 4784 10
1051 4735 1150 4786 sive
1175 4739 1248 4787 M.
1281 4765 1348 4774 —
1379 4741 1444 4788 V.
1481 4739 1566 4787 66.

70 4801 204 4860 Quum
229 4803 396 4870 trigon
433 4806 621 4869 oratio,
647 4807 688 4856 si
716 4809 972 4866 θεσπέσιος
997 4818 1050 4859 ιιι
1074 4811 1215 4874 vulgo
1252 4810 1306 4860 tit
1341 4812 1570 4861 tribuitur

71 4875 304 4938 aninoe,
329 4897 420 4948 ego
451 4881 582 4931 hanc
603 4898 766 4932 vocem
783 4921 799 4946 ‚
837 4893 890 4934 ιιι
922 4884 1054 4935 loeus
1076 4885 1280 4934 vividior
1301 4895 1348 4936 et
1369 4886 1570 4937 alacrior

73 4949 158 5008 fist,
183 4955 326 5004 rasni
357 4957 652 5023 precedenti
685 4960 896 5023 adjunxi.
931 4964 1006 5009 De
1043 4960 1198 5010 verbis
1225 4963 1376 5018 ὅσσος
1403 4963 1572 5026 ὅμιλος

73 5025 290 5085 θεσπέσιος
307 5032 582 5097 conjunctis
601 5033 711 5082 vide
729 5039 992 5086 Hermann.
1014 5035 1062 5084 in
1080 5035 1230 5102 Soph.
1252 5039 1314 5088 Ο.
1337 5040 1393 5088 C.
1421 5047 1565 5095 1400.

73 5103 258 5182 —Porrp
273 5122 320 5156 v.
347 5125 410 5169 72
424 5109 572 5157 verba
589 5109 735 5176 ὄχλος
751 5109 910 5176 ἄθρως
923 5137 988 5148 -
1002 5113 1134 5176 εἰμές
1154 5115 1403 5190 conjuncta
1424 5117 1570 5182 magis

73 5181 292 5220 tontcmre
315 5173 544 5224 videntur
569 5175 748 5242 hospiti
761 5192 780 5240 3
805 5193 918 5226 nam
951 5178 1134 5244 aliquid
1167 5178 1349 5230 faciunt
1373 5181 1433 5231 ad
1457 5199 1567 5234 eum

73 5245 376 5300 mandunt.

3107 435 3189 477 XV

1718 557 1772 599 ln
1791 546 2016 597 Neineltii
2036 546 2249 595 editione
2274 560 2287 593 ε
2694 552 2749 595 tn
2768 547 2860 595 linc
2880 546 3120 597 editione:

1656 646 1722 700 V.
1775 640 1870 710 67.
1915 637 2184 713 πλανηθῇς
2196 675 2571 695 ..........
2582 635 2851 712 πλαναθῇς
2866 641 3182 697 Hermann.

1780 744 1871 799 7ο.
1918 722 2027 781 utin
2040 762 2973 785 ........................
2986 723 3036 784 εἴ
3057 750 3110 784 τι

1779 833 1872 887 22·
1916 811 2229 891 φυλάξομαι.
2252 810 2433 889 ἀθρόος
2452 810 2528 872 ὄ·.
2553 854 2569 870 .
2583 812 2926 893 φυλαξοῦμαι.
2951 814 3107 895 ὄχλος
3130 815 3191 875 ἄ-

2291 901 2417 978 κλος
2904 907 3037 983 θρωε
3066 905 3144 983 (lo)

1778 993 1874 1050 83.
1916 1015 1971 1051 τι
1984 1033 2906 1053 ........................
2910 1016 2992 1052 τοι
3025 994 3107 1074 (5)

1780 1072 1876 1148 84.
1916 1080 2153 1161 ἄργυρέω
2167 1122 2818 1141 .................
2830 1071 3085 1164 ἀργυρέας
3107 1084 3191 1162 (6)

1778 1190 1874 1245 9¹·
1917 1171 1986 1235 ὡς
2014 1169 2061 1227 δ’
2090 1170 2229 1248 εἰδῇς
2240 1210 2771 1229 ..............
2784 1172 2855 1237 ὥς
2887 1170 3025 1249 εἰδῇς
3062 1174 3148 1251 (7)

1779 1258 1872 1333 95.
1916 1256 2056 1314 πλὰν
2080 1256 2219 1322 ἑνός·
2245 1258 2339 1317 οὐκ
2353 1300 2683 1317 .........
2697 1257 2832 1316 πλὰν
2859 1257 2967 1323 ἑνὸς
2988 1261 3083 1317 οὐκ
3110 1262 3189 1338 (8)

1779 1356 1873 1421 96.
1920 1346 2042 1421 σίγα
2074 1358 2132 1403 et
2155 1346 2321 1403 ἀεῖδεν
2336 1388 2749 1406 ...........
2763 1346 2885 1423 σίγη
2918 1360 2976 1403 et
3002 1346 3189 1405 ἀείδειν

1747 1452 1812 1489 10
1824 1455 1844 1490 ι
1857 1480 1870 1491 .
1914 1428 2119 1513 Ἔρυκα
2134 1446 2193 1492 et
2202 1432 2463 1492 παίσδοιο·’
2479 1480 2492 1492 .
2515 1478 2530 1493 .
2547 1432 2774 1515 Ἐρῦκαν
2792 1433 2875 1513 (9)
2893 1447 2952 1492 et
2964 1434 3191 1503 παίζοισ’

1747 1540 1871 1578 10⁰2.
1917 1519 2085 1578 ἀενάω
2097 1564 2834 1583 ...................
2848 1521 3033 1583 ἀενάου

1747 1630 1872 1680 107.
1916 1609 2215 1690 ὥνθρώπων
2229 1652 2757 1672 ..............
2765 1609 3053 1693 ἀνθρώπων
3072 1612 3190 1690 (ιο)

1750 1718 1773 1753 1
1790 1719 1811 1754 1
1825 1719 1878 1755 α.
1924 1699 1973 1755 οἱ
1987 1740 2881 1761 ......................
2895 1701 2941 1759 Θ’
2968 1700 2993 1781 (
3001 1723 3025 1759 1
3041 1700 3093 1781 1)

1725 1866 1796 1930 (4)
1829 1871 1901 1915 Ex
1922 1866 2167 1916 codicibus
2188 1868 2349 1935 recepi
2371 1885 2482 1919 cum
2509 1869 2802 1920 Boissonado
2818 1878 2869 1919 et
2890 1870 3191 1921 Abi-ente.—

1660 1944 1726 1991 V.
1759 1958 1840 2005 79.
1867 1945 1927 1990 In
1964 1942 2277 2007 conjecturis,
2308 1960 2415 2009 quae
2453 1946 2647 2012 prolata
2677 1954 2727 1996 et
2762 1946 2825 1997 ab
2850 1944 2957 1995 aliis
2983 1944 3193 2011 probata:

1659 2026 1801 2078 suut,
1828 2034 1927 2067 non
1959 2017 2174 2083 intelligo
2200 2019 2319 2085 quid
2351 2021 2463 2071 velit
2492 2022 2726 2088 particula
2750 2038 2864 2089 περ.
2893 2024 3019 2071 Nam
3055 2036 3194 2086 posse

1659 2089 1784 2140 bane
1806 2093 2024 2141 voculam
2047 2092 2185 2143 reddi
2209 2110 2296 2161 pet·
2318 2105 2442 2143 certe
2465 2095 2565 2145 sive
2584 2096 2789 2165 ipsoram
2812 2096 2977 2146 vellem
3000 2094 3195 2162 probu-

1659 2178 1782 2220 seul.

1725 2244 1797 2309 (5)
1829 2260 1936 2303 τοι,
1979 2244 2110 2309 quod
2148 2262 2176 2295 a
2204 2245 2455 2296 Meinekio
2493 2247 2543 2297 in
2584 2246 2827 2299 Addendis
2853 2248 3109 2315 probatum
3132 2248 3195 2299 de

1658 2320 1930 2385 conjecturs
1948 2319 2199 2386 proposuit
2212 2320 2453 2374 Ges-hard.
2476 2325 2630 2374 Lectt.
2652 2324 2819 2389 Apoll.
2841 2341 2891 2390 p.
2916 2326 3025 2382 151,
3046 2324 3195 2373 habet

1659 2409 1782 2443 unns
1802 2394 1913 2445 eod.
1936 2394 2065 2460 apud
2087 2395 2297 2445 Gailium
2314 2405 2363 2446 et
2386 2394 2547 2449 schol.
2572 2397 2627 2447 in
2643 2398 2795 2465 Sopb.
2815 2398 2984 2464 Antig.
3010 2401 3124 2463 349.

1724 2469 1796 2534 (6)
1831 2470 1880 2520 si
1904 2470 2021 2535 quid
2043 2472 2171 2521 valet
2198 2470 2492 2537 optimorum
2516 2473 2747 2523 librorum
2771 2473 3051 2533 auctoritas,
3076 2475 3193 2523 scri-

1659 2543 1752 2609 psit
1773 2553 1917 2609 poeta
1934 2544 2201 2611 ἀργυρέας,
2225 2555 2279 2595 ιιι
2298 2545 2637 2611 significantius
2658 2547 2892 2598 indicaret
2914 2549 3193 2612 genitivum,

1657 2627 1893 2669 structura
1929 2619 2222 2670 conformata
2261 2620 2323 2671 ad
2355 2637 2547 2673 sensum
2588 2622 2807 2673 vocabuli
2845 2625 3037 2689 κλισμῶ
3077 2622 3115 2674 i.
3146 2640 3192 2674 e.

1657 2692 1961 2760 (quodjnfra
1987 2712 2033 2745 v.
2062 2712 2156 2757 1²7
2188 2696 2365 2762 posuit)
2392 2696 2573 2753 κλίνας.
2594 2726 2657 2735 -
2679 2701 2746 2747 V.
2774 2700 2852 2761 89.
2880 2702 3023 2747 Hunc
3046 2707 3095 2747 et
3120 2714 3194 2747 se-

1657 2778 1856 2834 quentes
1875 2786 2035 2819 versus
2059 2786 2208 2836 usque
2240 2771 2302 2821 ad
2323 2787 2371 2823 v.
2398 2774 2460 2834 75
2492 2772 2739 2823 Praxinooe
2762 2771 2933 2821 tribuit
2959 2772 3099 2822 etiam
3134 2790 3193 2821 10

1655 2844 1755 2893 sire
1772 2848 1849 2896 M.
1869 2850 1942 2895 Ex
1965 2845 2123 2895 tribus
2139 2844 2286 2910 igitur
2304 2846 2439 2897 libris
2458 2846 2511 2897 id
2532 2846 2882 2897 admittendum
2904 2850 3065 2915 putavi
3084 2865 3191 2897 cum

1655 2922 1926 2984 Brunckio‚
1958 2922 2269 2988 probantibus
2291 2923 2478 2989 Spohn.
2518 2923 2751 2990 (specim.
2784 2927 2849 2972 11.
2892 2941 2943 2990 p.
2976 2925 3026 2990 3)
3051 2933 3193 2988 atque

1655 2997 1830 3060 Bergk·
1845 2999 1917 3062 (iu
1932 2997 2207 3052 Zimmerm.
2226 2997 2433 3063 Ephem.
2447 2997 2576 3051 stud.
2593 2999 2745 3062 antiq.
2766 3014 2812 3049 a.
2836 2999 2980 3060 1837.
2992 3015 3042 3064 p.
3056 2999 3192 3061 445).

1655 3071 1811 3120 Etiem
1838 3071 1890 3120 in
1914 3073 2006 3122 alio
2034 3071 2141 3121 eod.
2169 3071 2320 3122 Paris.
2340 3081 2452 3124 ante
2475 3089 2523 3126 v.
2550 3082 2617 3138 94
2638 3073 2867 3122 omissum
2891 3089 2993 3122 esse
3014 3089 3193 3122 nomen

1657 3163 1868 3213 personne
1892 3147 2021 3196 testis
2044 3156 2113 3196 est
2136 3147 2338 3198 Gailius.

1724 3223 1796 3288 (7)
1831 3221 1961 3272 Illud
1982 3223 2061 3284 δὲ,
2086 3222 2221 3288 quod
2244 3239 2383 3272 suasu
2408 3222 2713 3274 Valckenarii
2734 3239 2793 3273 ex
2817 3238 2915 3272 uno
2936 3223 3101 3272 codice
3124 3223 3193 3273 in-

1636 3295 1805 3348 ’seruit
1827 3298 2071 3349 Gnissord.
2087 3334 2101 3357 ,
2118 3307 2248 3348 recte
2270 3299 2509 3364 ejecerunt
2542 3300 2725 3364 Briggs.
2746 3302 2812 3350 A.
2840 3299 3035 3348 Jacobs.
3060 3298 3190 3350 Gail.

1653 3376 1994 3424 Wiistemann.
2014 3374 2231 3424 Boisson.
2252 3376 2375 3424 Nam
2394 3373 2564 3423 omissa
2587 3374 2819 3440 particula
2838 3383 2992 3424 oratio
3029 3373 3193 3425 Praxi·

1657 3463 1763 3497 noae
1785 3449 1840 3498 fit
1865 3450 2015 3498 multo
2042 3449 2327 3499 concitatior
2349 3457 2397 3498 et
2419 3447 2742 3515 imperiosior.

1722 3525 1794 3588 (8)
1828 3529 1897 3574 Ex
1920 3525 2157 3574 sententia
2178 3523 2421 3590 Scaligeri,
2438 3523 2681 3580 Palmerii,
2699 3523 3051 3582 Sanctamndi‚
3068 3529 3193 3574 Tou·

1656 3599 1756 3666 pii,
1779 3599 1978 3664 Briggsii
2002 3599 2146 3649 verba
2168 3599 2293 3649 πλὰν
2318 3599 2425 3654 ἐνὸς
2453 3599 2548 3648 οὐκ
2566 3599 2726 3670 ἀλέγω
2747 3614 2776 3648 ιι
2794 3598 3039 3665 prioribus
3056 3615 3189 3666 sepn-

1655 3674 1758 3725 ravi
1793 3683 1844 3724 et
1866 3684 1997 3724 arcte
2030 3673 2287 3741 conjunxi,
2321 3672 2450 3739 quod
2478 3683 2527 3722 et
2551 3673 2709 3739 ipsum
2730 3673 2813 3722 sed
2840 3674 3015 3722 rectius
3039 3674 3189 3738 expli-

1656 3758 1812 3798 catum
1841 3749 2077 3812 (similiter
2110 3765 2165 3798 se
2196 3749 2424 3812 Palmer.)
2458 3748 2711 3814 proposuit
2736 3746 2942 3797 Abi-ens.
2972 3751 3083 3796 Post
3113 3747 3189 3806 εἴη

1658 3835 1886 3891 punctum
1929 3826 1977 3875 in
2020 3825 2260 3874 nonnullis
2302 3829 2434 3874 Vatt.
2476 3824 2681 3890 positum
2718 3839 2817 3872 esse
2853 3833 3193 3873 commemorat

1656 3900 1784 3950 Gail.
1807 3903 1862 3950 In
1882 3901 1961 3950 ed.
1979 3902 2106 3949 Cret.
2121 3908 2226 3966 post
2246 3897 2321 3958 εἴη
2339 3907 2571 3949 commate
2588 3898 2907 3964 distinguitur,
2933 3901 3015 3948 sed
3056 3917 3101 3951 v.
3128 3902 3193 3964 95

1656 3975 1810 4023 omnis
1853 3973 2173 4040 interpunctio
2216 3975 2361 4024 deest.
2396 4002 2461 4011 —
2487 3977 2555 4025 V.
2597 3981 2711 4028 104.
2754 3972 2885 4038 Quid
2924 3973 3193 4039 significent

1665 4041 1816 4116 Ὧραι
1834 4050 2089 4115 βάρδισται
2108 4049 2365 4114 μακάρων,
2382 4048 2631 4113 diligenter
2647 4047 2869 4113 exposuit
2886 4052 2970 4098 Fr.
2988 4047 3190 4101 Lia'bker.

1657 4125 1708 4176 in
1731 4125 1899 4176 Fuhrii
1922 4135 1971 4175 et
1992 4125 2167 4176 Zitnm.
2194 4124 2371 4174 Diariis
2390 4125 2548 4190 antiq.
2571 4140 2617 4175 a.
2648 4126 2793 4181 1842.
2825 4140 2876 4190 p.
2909 4128 3024 4175 305.

1723 4203 1796 4264 (9)
1831 4206 1903 4251 Ex
1926 4200 2110 4267 optimo
2135 4200 2245 4252 eod.
2270 4203 2339 4253 K.
2354 4235 2369 4258 ‚
2389 4201 2470 4250 eui
2494 4199 2616 4250 alius
2644 4199 2887 4250 interioris
2906 4210 3033 4249 noue
3054 4201 3194 4250 adsti-

1659 4279 1860 4346 pulatur,
1890 4294 1999 4328 cum
2025 4277 2264 4329 Abi-ente.

1723 4355 1829 4418 (to)
1851 4353 1927 4406 Cf.
1952 4353 2095 4404 Pind.
2119 4354 2199 4403 01.
2222 4357 2265 4402 1.
2298 4355 2360 4401 28
2378 4354 2485 4416 (43)
2510 4369 2525 4402 :
2547 4353 2632 4403 καὶ
2652 4353 2843 4418 βροτῶν
2866 4345 3067 4416 φ’άτιν...
3090 4353 3193 4408 ἐξα·

1655 4429 1874 4480 πατῶντι
1906 4427 2066 4494 μῦθοι.
2098 4427 2247 4495 Soph.
2280 4432 2395 4479 Ant.
2423 4430 2554 4492 829:
2584 4431 2652 4484 ὡς
2676 4429 2819 4492 φάτις
2840 4429 3051 4494 ἀνδρῶν.
3072 4431 3190 4480 Eur.

1658 4505 1769 4571 Iph.
1796 4506 1913 4556 Aul.
1944 4522 2004 4566 72
2033 4523 2045 4554 :
2080 4508 2146 4561 ὡς
2176 4507 2203 4553 ὁ
2230 4502 2381 4568 μῦθος
2403 4503 2671 4570 ἀνθρώπων
2705 4502 2825 4568 ἔχει.
2854 4503 3077 4555 Batracb.
3112 4507 3141 4552 8
3174 4505 3193 4554 ἑ

1659 4585 1726 4638 ὡς
1747 4581 1891 4644 λόγος
1918 4582 1967 4630 ἐν
1992 4581 2234 4639 θνητοῖσιν
2262 4579 2367 4639 ἔην.
2393 4584 2489 4628 Ast
2510 4579 2561 4628 in
2580 4581 2699 4631 Ptat.
2723 4583 2836 4644 Leg.
2856 4584 2994 4630 vlu.
3022 4599 3071 4643 7.
3095 4581 3188 4631 Sed

1657 4660 1847 4706 Graecos
1871 4657 2017 4706 etiam
2051 4656 2225 4705 dixisse
2242 4659 2279 4708 ,ὁ
2303 4656 2573 4720 ἀνθρώπων
2604 4657 2671 4712 ὡς
2700 4653 2881 4720 μῦθος,
2907 4655 3077 4721 ignoro
3104 4658 3189 4722 qui

1659 4729 1842 4780 idoneis
1863 4730 2093 4796 exemplis
2114 4731 2441 4782 illustraverit.

1726 4807 1833 4872 (11)
1866 4805 2157 4856 Dubitanter
2175 4806 2335 4870 recepi
2356 4803 2485 4871 quod
2508 4804 2815 4854 scribendum
2832 4807 3095 4872 suspicatus
3121 4815 3192 4856 est

1659 4887 1863 4952 Sauppe,
1886 4887 1975 4949 Ep.
1996 4884 2105 4934 crit.
2134 4901 2183 4948 p.
2215 4899 2333 4946 109,
2354 4892 2410 4931 ut
2432 4881 2647 4948 dactylus
2673 4891 2829 4942 certe,
2847 4883 2933 4948 qui
2950 4883 3063 4933 ferri
3090 4901 3187 4934 non

1659 4968 1845 5025 potest,
1883 4967 2202 5010 removeatur.
2226 4959 2401 5008 Eadem
2430 4956 2563 5006 litera
2589 4959 2615 5006 θ
2650 4967 2761 5008 ante
2788 4958 2859 5008 tot
2886 4957 2939 5006 in
2965 4959 3191 5009 omnibus

1661 5033 1793 5082 libris
1814 5045 1991 5084 temere
2008 5033 2191 5082 intrusa
2208 5040 2358 5082 exstat
2378 5036 2543 5082 xvu.
2567 5035 2646 5082 25.
2664 5033 2810 5100 δρυὸς
2824 5032 2953 5100 ἄκρα
2968 5035 3165 5086 Eustath
3177 5076 3187 5087 .

1659 5111 1709 5160 in
1732 5111 1872 5161 Iliad.
1898 5111 1951 5166 ζ’,
1980 5127 2029 5174 p.
2060 5111 2175 5166 481.
2206 5127 2253 5170 7.
2270 5135 2334 5146 —
2354 5112 2417 5158 V.
2451 5113 2542 5158 118
2566 5111 2691 5162 τεῑδε
2710 5111 2953 5177 πάρεστιν
2985 5113 3141 5178 (litera
3162 5131 3189 5161 ν

1657 5185 1856 5251 adjecta)
1891 5202 1951 5233 xo
1976 5183 2075 5234 sive
2112 5187 2187 5234 Μ.
2217 5183 2441 5235 Eamdem
2482 5185 2669 5236 literam
2698 5186 3023 5253 paragogicam
3052 5189 3103 5237 in
3132 5189 3192 5238 iis

1657 5278 1848 5328 quoque
1868 5261 2007 5324 loeis,
2031 5259 2116 5311 ubi
2132 5277 2160 5310 a
2181 5260 2473 5326 Kiesslingio
2496 5274 2547 5314 et
2568 5263 2820 5314 Meinekio
2841 5281 2902 5314 ex
2920 5265 3191 5332 conjecturs
