3767 5825
931 325 1267 387 saiwan
1308 326 1805 389 DAMocRATis
1847 327 2031 403 QUAE
2073 326 2539 389 SUPERSUNT.

542 513 645 573 ΕΚ
686 512 841 572 ΤΟΥ
888 512 1281 573 ΚΔῙΝΙΚΟΥ.

467 680 651 744 (ΠΕΡΙ
696 682 984 730 ῙΒΗΡῙΔΟΣ
1017 680 1355 743 Bonum).
1412 680 1419 685 ’

249 836 457 897 <Mum
479 834 533 895 δὲ
562 832 733 905 πολλὴ
762 839 1034 915 πανταχοῦ
1054 878 1072 912 ,
1105 834 1335 912 μάλιστα
1355 833 1411 894 δὲ

246 923 409 1005 Παρὰ
429 932 536 991 τοῖς
559 924 801 989 παλαιοῖς
824 922 1093 999 μνήμασιν
1118 922 1343 1002 τοίχοισῖ
1371 946 1452 994 τε,

240 1014 315 1073 Ἢ
344 1012 459 1077 ταῖς
476 1012 639 1069 ὁδοῖσι
667 1010 780 1077 ταῖς
807 1010 974 1069 πάλαι
1000 1010 1399 1091 τετριμμέναις,

240 1099 381 1178 Παρ’
411 1088 493 1165 αἶς
518 1095 741 1177 γεωργὸς
763 1094 831 1154 τὰ
855 1094 987 1168 λήῖα
1006 1094 1196 1156 οὔποτ’
1224 1096 1412 1178 ἥροσεν
1432 1121 1443 1135 ·

178 1207 203 1242 s
244 1186 349 1245 Ἀεὶ
378 1183 433 1245 δὲ
450 1185 629 1245 θάλλει
646 1230 665 1263 ,
685 1183 835 1265 φύλλ’
858 1181 1051 1264 ἔχουσα
1078 1184 1372 1266 καρδάμου,

234 1268 435 1354 Ἔαρος
470 1272 567 1350 μὲν
590 1273 783 1345 εὗθαλῆ
825 1296 882 1331 τε
909 1272 1000 1331 καὶ
1028 1272 1189 1350 μείζω
1212 1273 1373 1333 πολύ·

242 1361 447 1441 Καύλῳ
472 1360 527 1419 δὲ
550 1362 709 1432 αὐτῆς
730 1358 839 1419 ὄντι
868 1363 1033 1437 μῆκος
1055 1360 1267 1441 πήχεως
1284 1407 1303 1439 ,

237 1452 436 1529 Μικριῖ)
462 1448 519 1521 τ’,
534 1448 748 1508 ἔλαττον
776 1449 868 1507 καὶ
884 1448 1045 1507 πάλιν
1076 1453 1247 1531 μικρῷ
1272 1450 1450 1524 πλέον,

237 1535 445 1617 Θέρους
466 1534 758 1617 περίκειται
778 1536 947 1595 λεπτὰ
975 1536 1147 1618 φύλλα
1165 1582 1182 1615 ,
1214 1538 1383 1621 μέχρι.
1400 1562 1500 1621 περ
1526 1538 1609 1609 ἂν,

164 1646 215 1685 ιο
245 1628 292 1685 Κ
332 1624 451 1691 ύους
468 1624 772 1703 γενομένου,
802 1623 1111 1705 φρυγανώδη
1135 1624 1302 1683 τᾶλλα
1334 1624 1427 1702 μὲν

234 1708 285 1764 Τ
350 1703 521 1785 φύλλα
550 1702 845 1762 ᾶποὸάλλει
867 1726 925 1762 τε
952 1703 1047 1763 καὶ
1066 1703 1404 1785 μαραίνεται,

236 1792 385 1871 Πρὸς
412 1796 478 1871 τῇ
498 1789 552 1851 δὲ
580 1792 697 1871 ῥίζῃ
720 1790 1152 1872 προσπεφύκασίν
1176 1814 1313 1849 τινα.

238 1878 411 1959 Φέρει
440 1878 483 1937 δ’
512 1881 541 1937 ὃ
564 1878 757 1945 καυλὸς
780 1880 831 1937 ἐν
856 1878 992 1960 θέρει
1020 1878 1213 1938 λεπτὸν
1232 1879 1369 1939 πάνυ

232 1966 545 2047 Πολύχροσν
576 1964 753 2039 ἄνθος,
773 1971 839 2047 τῇ
866 1966 1003 2048 χρόα
1038 1965 1368 2044 γαλάκτινον,

154 2076 203 2114 ιιι
232 2045 355 2115 Εἶτ’
373 2055 715 2114 ἐπακολουθεῖ
732 2054 998 2120 παντελῶς
1011 2054 1179 2135 τούτῳ
1210 2054 1382 2137 βραχὺ

234 2142 470 2219 Σπέρμα
496 2164 579 2215 τι,
607 2138 837 2222 ἀκριὸῶς
862 2138 999 2224 [ὣς]
1024 2141 1151 2201 αὐτὸ
1175 2145 1299 2219 μηδ’
1329 2146 1457 2224 ὁρᾷν
1473 2168 1605 2203 τινα.

228 2228 297 2290 Ἣ
322 2226 441 2309 ῥίζα
460 2225 525 2299 δὴ
543 2227 635 2286 καὶ
656 2225 825 2304 ὀσμὴν
850 2228 1171 2307 δριμυτάτην
1195 2228 1325 2307 ἔχει,

226 2316 485 2377 Μάλιστα
512 2314 723 2374 πάντων
737 2314 996 2396 καρδάμῳ
1020 2320 1385 2397 προσεμφερῆ.

233 2403 459 2475 Ταύτην
490 2402 674 2483 ὀρύξας
692 2402 785 2461 καὶ
812 2403 989 2462 λαὸὼν
1016 2406 1213 2476 πλῆθος
1240 2403 1393 2463 πολύ·

155 2512 209 2553 2⁰
236 2491 449 2574 Θέρους
472 2491 705 2568 μάλιστα
741 2492 788 2550 δ’
816 2492 927 2550 ἐστὶ
950 2492 1361 2574 πρακτικωτάτη

232 2580 352 2641 Καὶ
368 2578 683 2659 πρόσφατος·
715 2575 848 2658 ξηρὰ
869 2579 974 2661 γὰρ
999 2580 1225 2659 ἀδρανὴς
1246 2579 1498 2660 τυγχάνει
1513 2603 1526 2617 ·

228 2667 420 2749 Κόψας
447 2668 711 2744 ἐπιμελῶς
725 2690 739 2704 ·
766 2664 879 2725 ἔστι
906 2666 1007 2747 γὰρ
1024 2668 1116 2727 καὶ
1139 2666 1395 2737 δύσκοπος
1413 2687 1426 2700 ·

218 2754 507 2837 ’Aion-(71⁸9
524 2756 743 2815 λίπανον
765 2754 928 2837 ὀλίγῳ
948 2758 1215 2823 παντελῶς
1229 2800 1248 2833 ,

220 2836 367 2907 Εἶτα
391 2842 581 2911 ἐπιθεὶς
590 2842 790 2923 κοτύλῄ
818 2865 875 2901 τε
903 2842 995 2902 καὶ
1018 2843 1177 2901 παντὶ
1202 2842 1377 2903 σκέλει
1391 2886 1407 2916 ,

140 2953 193 2993 ss
224 2933 413 3006 Δήσας
431 2933 479 2992 τ’
504 2931 633 3014 ἄφες
646 2930 789 3013 ὥρας
820 2930 895 3008 μὴ
921 2929 1095 3008 μένειν
1119 2931 1427 3009 ἐλάττονας,

220 3020 443 3090 Γοναιξὶ
466 3020 561 3098 μὲν
590 3018 693 3092 δύ’,
725 3019 972 3099 ἀνδράσιν
998 3020 1053 3078 δὲ
1068 3020 1355 3101 τεττάρων·

218 3100 349 3172 Εἶτ’
375 3113 447 3176 εἰς
473 3110 747 3189 βαλανεῖον
767 3105 972 3186 ἕσάγων
999 3105 1214 3182 αὖτοὺς,
1246 3108 1429 3185 μηθενὶ

218 3198 383 3270 Μήτι
402 3195 759 3278 προαλείψας,
792 3193 927 3272 μήτε
956 3195 1143 3276 χρίσας
1163 3195 1466 3273 σμήγματι,
1505 3218 1521 3236 ⁸

212 3289 465 3364 Σμικρᾶς
489 3282 544 3343 δὲ
566 3284 763 3352 νοτίδος
777 3285 1056 3362 γενομένης
1076 3329 1092 3357 ,
1119 3287 1191 3352 εἰς
1213 3285 1309 3356 τὴν
1336 3285 1547 3365 μακρὰν

143 3393 199 3433 so
224 3372 431 3440 Καθεὶς
450 3370 709 3451 κρότησον
728 3395 742 3410 ·
769 3372 1004 3453 ἐπιφέρει
1025 3371 1127 3454 γὰρ
1154 3373 1407 3441 πολλάκις

226 3461 458 3540 Δηγμὸν
481 3459 687 3541 φέροντ’
710 3457 951 3532 αἴσθησιν
970 3459 1213 3539 ἔνθερμόν
1232 3483 1347 3520 τινα
1366 3481 1379 3496 ·

216 3548 433 3630 Μικρὸν
461 3547 504 3606 δ’
528 3546 816 3629 ἀποδρέξας
836 3545 1021 3614 αὐτοὺς
1044 3546 1145 3616 ἔξω
1172 3547 1339 3626 ἔξαγε·

214 3636 342 3699 Κᾶν
370 3625 471 3695 ὦσι
492 3636 699 3694 πολλῶν
725 3633 909 3715 χερσὶν
935 3635 1417 3714 εἷο-κεκομισμένοι,

221 3723 405 3789 Ἰδίοις
428 3724 645 3788 ἕκαστος
673 3721 995 3790 ἐξελεύσεται
1011 3723 1184 3782 ποσίν.

136 3832 189 3872 as
216 3809 399 3880 Μίξας
424 3809 471 3869 δ’
494 3809 655 3889 ἐλαίῳ
676 3811 887 3892 δαψιλεῖ
916 3809 1117 3891 βραχὺν
1138 3809 1277 3870 πάνυ

213 3890 385 3959 Οἶνον
405 3897 669 3956 ἀνάκοπτε
692 3897 783 3956 καὶ
804 3898 1071 3978 συνάλειφ’
1092 3896 1279 3966 αὐτοὺς
1304 3897 1451 3965 ὅλους
1465 3941 1483 3970 ,

215 3977 391 4066 ’Ἆράς
418 3983 466 4041 τ’
484 3984 694 4051 ὀθονίοις
710 3982 883 4061 ἰκμάδ’
914 3981 1131 4042 ἅπασαν
1156 3985 1248 4044 καὶ
1265 3985 1413 4052 λίπος
1426 4029 1445 4062 ,

216 4070 511 4133 Σκέπασον
538 4071 600 4128 τὸ
617 4071 787 4130 κῶλον
808 4070 1143 4151 κουφοτάτοις
1165 4072 1396 4152 ἐριδίοις,

213 4161 419 4222 Tm«
446 4181 503 4217 τε
526 4157 706 4218 κέλευε
732 4158 905 4218 πάντα
925 4160 1173 4240 πράττειν
1200 4159 1299 4218 ὅσα
1333 4161 1467 4220 θέλει

131 4269 187 4308 ιο
214 4247 319 4308 Ἐν
350 4247 459 4313 τοῖς
484 4245 754 4318 συνήθεσιν
776 4245 904 4306 ὄντα
932 4247 1023 4306 καὶ
1050 4255 1154 4314 τοῖς
1176 4245 1383 4320 ἡδέσιν·

209 4335 299 4395 Τὸ
328 4333 435 4414 γὰρ
466 4331 693 4412 βοήθημ’
710 4332 979 4399 αὗτοτελὲς
1004 4333 1063 4392 δν
1085 4335 1364 4414 τυγχάνει,

216 4424 307 4484 Οὔ
335 4419 533 4502 χρῄζον
554 4419 717 4479 ἄλλου
736 4420 1091 4498 συμὸάλλεσθ’
1120 4425 1263 4503 αὐτῷ
1284 4445 1440 4490 τινος.

214 4508 348 4570 Κᾶν
371 4506 468 4584 μὲν
492 4505 617 4587 δίχα
638 4507 797 4567 πόνου
826 4507 1159 4586 διαμένωσιν,
1182 4508 1212 4567 δ
1239 4508 1435 4586 γίνεται

206 4597 305 4659 Τὰ
332 4593 532 4667 πολλὰ,
551 4593 751 4677 χαίρων
780 4593 1057 4677 προσ-κύνει
1082 4595 1141 4654 τὸ
1168 4595 1343 4677 ῥιζίον.

126 4705 181 4745 ⁴5
206 4683 311 4745 Ἂν
340 4683 397 4743 δὲ
425 4685 746 4766 καταλειφθῇ
774 4689 865 4744 τοῦ
894 4683 1089 4752 πάθους
1114 4682 1253 4763 ἴχνος
1285 4683 1377 4763 [γ’
1397 4685 1420 4764 ]
1444 4684 1547 4757 ἔτι,

204 4769 393 4834 ‘isam
414 4769 709 4852 ἕπαλείψεις
726 4771 853 4830 αὐτὸ
875 4771 1048 4853 χρίσει
1075 4770 1290 4852 δευτέρα
1305 4815 1321 4844 ,

211 4861 413 4926 Μέσας
441 4859 695 4918 διαλιπὼν
715 4859 919 4939 ἡμέρας
942 4862 1013 4928 ὥς
1035 4857 1247 4920 εἴκοσιν.

102 4967 249 5030 (cai.
272 4977 382 5016 nec.
404 4963 497 5014 ιω.
515 4965 580 5027 x,
598 4967 655 5016 Ρ.
675 4967 739 5027 ιι,
757 4977 808 5028 p.
828 4965 972 5028 ³10.)

2361 521 2411 580 E
2445 519 2765 581 CLlNICO.

2189 685 2308 750 (nn
2344 696 2591 741 run-m
2625 698 2894 741 munins.
2917 688 2938 752 )

1784 841 1944 892 Herba
1967 842 2072 893 haec
2091 842 2272 906 ubique
2288 844 2539 906 multaque
2560 842 2784 906 frequens
2807 843 3020 894 nascitur

1783 933 2093 981 monumenta
2110 932 2255 994 juxta
2272 932 2500 995 antiqua,
2521 944 2779 995 murosque
2801 933 3009 992 veteres,

1780 1018 2030 1080 Tritasque
2046 1018 2292 1082 quondam
2313 1018 2505 1083 publice
2535 1019 2737 1083 pedibus
2751 1020 2852 1070 vias
2863 1056 2879 1082 ,

1782 1111 1911 1166 Quas
1920 1108 2062 1169 juxta
2077 1110 2292 1157 aratrum
2305 1108 2448 1159 duxit
2464 1108 2596 1157 baud
2620 1110 2730 1171 quis
2747 1109 2974 1171 agricola.

1783 1196 1982 1257 Semper
2000 1195 2240 1245 virescens
2256 1195 2506 1245 frondibus
2525 1196 2748 1246 nasturtii

1780 1283 2084 1334 Florentibus
2094 1319 2110 1345 ,
2127 1296 2244 1334 vere
2258 1286 2474 1334 attamen
2489 1283 2753 1345 maioribus
2766 1320 2779 1344 ,

1782 1372 1984 1423 caulem
2003 1370 2225 1423 cubitalis
2241 1371 2551 1435 longitudinis
2568 1371 2722 1435 gerit,

1783 1460 1932 1509 Paulo
1965 1460 2198 1510 minorem
2214 1461 2301 1510 aut
2318 1472 2485 1509 rursus
2507 1459 2819 1521 ampliorem:
2845 1458 2904 1509 ad
2932 1460 3063 1509 hunc

1781 1549 1962 1599 AEstate
1982 1547 2192 1611 pendent
2207 1547 2324 1598 folia
2336 1584 2352 1611 ,
2368 1547 2522 1598 donec
2542 1547 2697 1599 multa
2719 1549 2889 1610 hyems

1780 1636 2136 1687 Sarmentitiam
2155 1635 2365 1687 deducat
2393 1636 2500 1687 baec
2518 1636 2582 1685 ad
2598 1637 2855 1701 imaginem
2873 1638 2922 1687 et

1780 1724 1980 1786 Dejecta
1997 1728 2046 1773 et
2061 1722 2303 1774 exsiccata
2325 1723 2584 1787 depereant
2599 1725 2708 1787 gelu
2724 1760 2740 1785 ‚

1782 1813 1968 1863 Adnata
1995 1811 2146 1862 radici
2161 1824 2329 1863 cernes
2342 1815 2504 1863 tamen
2528 1812 2711 1875 aliqua.

1779 1903 1962 1953 AEstate
1978 1902 2142 1950 florem
2156 1901 2247 1951 fert
2268 1900 2428 1951 colore
2450 1901 2602 1951 lacteo

1780 1991 1994 2041 Multum
2015 1994 2210 2040 tenuem
2234 1990 2518 2051 variumque
2546 1988 2686 2039 valde
2704 1989 2967 2055 camisias,

1779 2078 1851 2130 Ad
1869 2091 2016 2142 quem
2033 2079 2251 2141 sequitur
2267 2091 2431 2129 semen
2455 2077 2643 2140 penitus
2655 2078 2726 2128 sic
2739 2078 2968 2140 exiguum
2983 2114 2996 2139 ,

1777 2167 1947 2217 Visum
1969 2167 2068 2216 iere
2083 2166 2140 2215 ut
2157 2166 2324 2216 fallens
2341 2167 2506 2217 oculos
2518 2180 2712 2229 quoque
2733 2166 2948 2229 effugiat.

1778 2254 1988 2303 Odorem
2009 2253 2154 2303 babet
2167 2252 2307 2303 radix
2326 2253 2504 2303 atinde
2521 2254 2829 2314 acerrimum,

1777 2348 1909 2394 Vero
1929 2342 2134 2393 similem
2148 2355 2296 2405 quam
2315 2343 2527 2393 maxime
2541 2344 2793 2393 nasturtio.

1778 2436 1914 2482 lianc
1935 2432 2126 2481 erutam
2139 2431 2270 2493 larga
2285 2431 2400 2481 satis
2416 2444 2535 2495 cape
2552 2430 2691 2494 copia

1778 2520 1984 2581 AEstate,
1999 2531 2111 2569 nam
2130 2522 2251 2569 tnnc
2266 2521 2451 2582 optima
2473 2523 2523 2570 et
2541 2519 2806 2569 fortissima
2827 2520 2902 2569 est

1776 2607 1949 2659 Adbuc
1962 2619 2128 2657 recens
2139 2643 2154 2668 ,
2174 2607 2352 2655 siccata
2369 2619 2482 2655 nam
2497 2606 2552 2656 iit
2575 2605 2800 2665 debilior3

1776 2694 1954 2743 'rusam
1979 2694 2096 2743 hinc
2115 2694 2291 2757 probe,
2311 2707 2425 2743 nam
2446 2693 2706 2742 difficulter
2725 2692 2965 2751 tunditur,

1777 2784 1939 2831 Pauca
1959 2782 2304 2843 subactamque
2321 2780 2529 2844 excipies
2547 2779 2759 2841 axungia
2770 2816 2784 2841 ,

1778 2867 2020 2930 Crurique
2035 2868 2122 2918 toti
2149 2870 2202 2919 et
2217 2869 2428 2918 maxime
2446 2866 2697 2918 coxendici

1774 2955 2040 3008 Adhibebis
2057 2957 2108 3006 et
2127 2956 2294 3019 ligabis
2311 2957 2362 3006 et
2377 2956 2505 3006 sines
2517 2956 2638 3005 duas

1774 3047 1930 3095 Horas
1947 3043 2225 3094 mulieribus
2239 3080 2255 3107 ,
2279 3043 2398 3093 viris
2418 3043 2502 3093 sed
2521 3045 2782 3106 quattuor;

1776 3131 1900 3182 Hinc
1925 3131 2100 3182 balneo
2112 3130 2336 3180 inductos
2351 3165 2368 3192 ,
2389 3144 2480 3180 nec
2503 3131 2602 3180 ulio
2624 3145 2687 3181 ex
2709 3111 2921 3193 unguine

1776 3223 1875 3271 Nec
1907 3222 2171 3284 smegmate
2189 3220 2290 3270 ulio
2306 3219 2554 3283 pinguiore
2575 3219 2772 3268 collines
2784 3255 2799 3280 ,

1776 3309 1963 3360 Sudore
1979 3307 2064 3358 sed
2080 3307 2270 3358 modico
2291 3307 2535 3369 exiliente,
2555 3308 2606 3356 in
2626 3307 2802 3357 solium

1774 3401 1960 3458 Merges
1969 3413 1987 3459 ;
2005 3409 2202 3446 manere
2218 3409 2334 3459 coge
2345 3433 2361 3459 ,
2385 3396 2612 3459 quoniam
2627 3396 2802 3458 saepius

1775 3489 1990 3536 morsum
2007 3485 2182 3534 caloris
2201 3485 2478 3550 quempiam
2497 3497 2556 3535 ae
2577 3497 2770 3534 sensum
2793 3483 2993 3546 afferat3

1777 3577 1963 3624 Verum
1985 3572 2103 3623 bine
2127 3573 2306 3637 ligatos
2323 3573 2494 3623 leniter
2515 3571 2800 3636 producit03

1775 3661 1899 3713 illati
1917 3661 2048 3712 enim
2069 3661 2300 3724 quamvis
2320 3661 2542 3710 manibus
2555 3660 2665 3718 sint
2681 3659 2891 3723 plurium
2905 3696 2920 3720 ,

1774 3749 1940 3800 Exibit
1960 3751 2178 3800 attamen
2197 3749 2300 3799 snis
2316 3748 2518 3812 pedibus
2533 3748 2713 3798 valens.

1774 3837 1995 3887 miscebis
2013 3836 2128 3886 binc
2149 3835 2318 3886 vinnm
2345 3835 2590 3886 modicum
2613 3835 2822 3885 multum
2845 3834 2907 3883 sd
2925 3835 3118 3896 oleum,

1774 3928 1836 3976 st
1852 3925 2099 3976 eoncuties
2121 3926 2172 3975 et
2187 3923 2344 3974 illines
2360 3925 2489 3974 totos
2511 3937 2598 3986 eo;

1772 4015 1845 4060 Ac
1868 4023 1988 4060 mox
2009 4009 2208 4060 madore
2227 4011 2358 4059 terso
2379 4011 2428 4059 et
2445 4009 2780 4073 pinguitudine
2796 4045 2812 4071 ,

1770 4100 1950 4150 Totum
1975 4099 2110 4160 teges
2135 4099 2192 4146 tu
2211 4109 2324 4146 crus
2337 4096 2458 4146 lanis
2481 4098 2748 4158 levissimis,

1771 4185 1958 4237 lubens
1978 4185 2314 4235 obireassueta
2337 4185 2452 4234 vitae
2473 4185 2640 4234 munia

1772 4280 2090 4336 Quaecunque
2100 4273 2211 4322 vnit
2226 4276 2278 4322 et
2311 4285 2408 4322 non
2427 4273 2662 4336 gravatim
2682 4274 2901 4338 suscipit.

1774 4364 1877 4412 Hoc
1899 4359 2134 4410 auxilium
2161 4361 2350 4410 eertum
2366 4361 2518 4423 atque
2539 4363 2768 4412 constans
2787 4362 2967 4424 integre
2985 4362 3058 4412 est

1774 4450 1835 4500 Et
1846 4449 1982 4498 nulio
2000 4447 2094 4498 alio
2115 4447 2385 4511 adiiciendo
2401 4448 2444 4498 ei
2467 4448 2612 4498 simul
2633 4447 2868 4512 indigum.

1772 4541 1957 4600 Expers
1973 4535 2156 4587 doloris
2169 4521 2220 4588 et
2238 4537 2320 4586 nbi
2343 4536 2620 4598 manserint,
2645 4538 2745 4587 fere

1772 4624 1914 4684 Quod
1934 4623 2135 4685 accidit,
2166 4623 2430 4676 radiculam
2457 4626 2598 4674 iaetus
2614 4625 2735 4674 cole.

1773 4711 1960 4772 Quodsi
1977 4713 2144 4762 umen
2169 4711 2282 4762 inde
2299 4711 2568 4762 affectionis
2598 4713 2852 4776 vestigium

1772 4803 2025 4864 Quoddam
2043 4803 2276 4866 supersit,
2309 4803 2485 4869 iterum
2499 4805 2659 4854 totum
2689 4803 2782 4852 boc
2799 4803 2977 4863 illines,

1770 4890 1952 4942 Diebus
1975 4893 2029 4942 ut
2047 4893 2257 4942 muitum
2273 4891 2527 4954 praeteritis
2545 4892 2618 4942 bis
2635 4891 2821 4943 decem.

3225 338 3330 390 ioi
