3767 5825
643 422 745 478 xvj

710 536 765 581 ln
790 530 1009 579 Meinekii
1028 530 1239 579 editione
1259 544 1271 578 ε
1682 534 1735 578 111
1755 529 1847 578 lm'c
1866 530 2076 579 editione
2097 545 2110 577 ε

650 618 710 675 V.
734 638 755 674 1
776 620 861 676 18.
904 619 1030 698 τᾷδε
1045 658 1852 678 .....................
1866 620 2000 675 τείδε

735 727 757 761 1
776 727 864 780 19.
890 706 1167 787 ’βρίθοισαι
1180 746 1791 765 ................
1809 707 2066 785 βρίθοντες
2089 708 2173 781 (ι)

732 802 859 861 124.
904 789 1384 873 αἰετῶ-φέροντος
1396 834 1570 852 .....
1583 794 2064 873 αἰετοὶ-φέρονςες
2090 794 2174 874 (2)

729 881 859 939 131.
904 880 998 958 μὲν
1013 921 1858 941 ......................
1870 881 1975 955 μὰν

728 969 860 1026 132.
903 966 1014 1044 ἅμα
1027 1009 1867 1028 ......................
1881 968 1998 1044 ἁμᾶ

727 1060 857 1130 137.
901 1055 1133 1133 ἆμιθέων
1146 1099 1795 1118 .................
1808 1056 2042 1134 ἡμιθέων

728 1149 858 1223 139.
901 1144 1203 1229 γεραίτατος
1222 1145 1392 1205 εἴκατι
1404 1188 1577 1207 .....
1590 1144 1886 1228 γεραίτερος
1912 1143 2071 1204 εἴκοτι
2090 1147 2170 1224 (3)

724 1245 853 1304 141.
894 1234 1137 1315 πρότεροι
1150 1275 1807 1297 .................
1817 1233 2071 1313 πρότερον

744 1323 873 1390 145.
916 1321 1227 1403 σοφώτερον.
1249 1321 1283 1379 ἁ
1299 1320 1509 1393 θήλεια.
1522 1316 2080 1403 σοφώτερονὰθήλεια.
2085 1318 2168 1397 (4)

722 1418 862 1482 147.·
892 1412 989 1481 κής
1001 1450 1890 1471 ......................
1906 1411 2012 1474 κείς

722 1498 874 1566 148.
876 1496 1032 1574 μηδὲ
1055 1496 1307 1577 ποτένθῃς
1318 1538 1612 1558 ........
1628 1493 1887 1577 μηδέποτ’
1913 1495 2059 1577 ἔνθῃς
2085 1497 2169 1579 (5)

721 1592 850 1659 149.
894 1586 1110 1665 ἀφικνεῧ
1121 1626 1818 1645 ..................
1830 1583 2016 1666 ἀφίκευ
2047 1584 2128 1661 (6)

1324 1686 1487 1742 XVI.

799 1763 851 1821 3.
895 1763 1090 1820 Μῶσαι
1102 1802 1867 1822 ....................
1874 1760 2089 1819 Μοῦσαι

798 1860 852 1919 4.
894 1848 1115 1908 ἀείδοντι
1127 1890 1781 1910 .................
1794 1848 2048 1924 ἄείδωμες
2087 1846 2166 1928 (1)

798 1957 849 2011 7.
893 1940 1198 2019 ἀποπεμψεῖ
1210 1979 1783 1999 ...............
1796 1934 2100 2015 ἀποπέμψει

637 2105 817 2172 adjecta
841 2114 911 2155 est
947 2107 1085 2171 [qnos
1121 2108 1246 2155 locos
1270 2106 1397 2172 apud
1423 2105 1735 2157 Theocritum
1760 2103 2013 2171 diligenter
2038 2102 2164 2152 indi-

637 2180 763 2230 cavit
789 2181 1048 2247 Zieglerus]
1078 2180 1257 2246 ubique
1284 2197 1342 2230 ex
1372 2196 1469 2233 uno
1501 2182 1710 2231 alterove
1733 2178 2017 2246 antigrapho
2045 2178 2165 2229 mihi

638 2263 879 2304 enotatum
901 2254 1074 2305 afferre
1100 2255 1378 2321 potuissem.

701 2330 771 2394 (1)
805 2328 861 2378 Id
888 2346 947 2378 ex
979 2329 1199 2396 plurimis
1220 2337 1267 2379 et
1303 2329 1497 2397 optimis
1517 2328 1660 2381 codd.
1689 2327 2035 2379 restituendum
2065 2342 2164 2377 esse

633 2406 731 2469 jaun
766 2404 955 2455 monuit
980 2404 1173 2455 Abrens
1207 2405 1317 2455 coll.
1356 2404 1577 2455 Matthia
1612 2407 1701 2455 Gr.
1744 2404 1774 2469 S
1802 2406 1918 2501 436.
1947 2420 1996 2454 ιι.
2027 2402 2164 2453 Adde

636 2481 901 2531 Hermann.
928 2480 982 2530 in
1001 2481 1114 2547 vig.
1144 2497 1194 2546 p.
1222 2480 1317 2542 715
1354 2479 1435 2532 ed.
1464 2484 1553 2532 IV.

656 2554 775 2620 (ιι)
809 2557 920 2605 Non
944 2555 1084 2606 video
1102 2554 1323 2605 idoneam
1350 2570 1589 2615 numm,
1614 2572 1701 2605 cur
1730 2554 2022 2621 despiciatur
2043 2552 2162 2619 opti·

635 2604 821 2678 morum
860 2629 1091 2680 librorum
1134 2632 1368 2696 scriptura
1412 2629 1977 2700 αἰετοὶ....φέροντες,
2019 2644 2157 2692 <1¹¹⁸OE

635 2703 929 2755 concinnitas
944 2720 1136 2776 quoque
1160 2706 1399 2775 eleganter
1415 2704 1630 2758 instituta
1654 2724 1763 2758 cum
1788 2701 2161 2773 praecedentibus

634 2783 675 2835 ὦ
704 2786 871 2843 ἕὸενος
896 2784 937 2837 ὣ
972 2785 1201 2853 χρυσός
1228 2786 1470 2853 postulare
1506 2784 1709 2844 videtur,
1742 2785 1828 2834 etsi
1864 2800 1959 2831 non
1993 2783 2160 2847 ignoro

632 2859 749 2928 quid
775 2860 953 2910 dixerit
976 2860 1186 2911 Lobeck.
1212 2860 1263 2910 in
1284 2860 1430 2928 Soph-
1452 2860 1535 2927 Aj.
1563 2876 1615 2927 p.
1643 2861 1759 2918 418.
1782 2863 1940 2924 Atque
1967 2859 2157 2924 triplex,

630 2935 723 2986 nisi
744 2936 897 2997 fallor,
919 2936 994 2986 via
1013 2935 1211 3002 pluralis
1232 2936 1499 3004 explicandi
1529 2945 1694 3003 aperta
1720 2943 1820 2995 est,
1852 2935 1924 2983 vel
1954 2945 2002 2983 ιιι
2025 2935 2156 2998 cogi-

634 3019 784 3060 temus
808 3011 881 3061 illi
902 3010 1101 3075 aquito,
1123 3026 1231 3077 qnoe
1252 3011 1575 3086 Ganymedem
1604 3009 1888 3078 portaverit,
1907 3009 2022 3060 alias
2044 3008 2159 3058 duas

630 3094 871 3151 tamquam
906 3085 1103 3136 comites
1128 3086 1314 3137 additas
1339 3103 1441 3136 esse
1476 3095 1671 3136 ornatus
1708 3101 1870 3135 mussa
1899 3084 2012 3149 (tale
2041 3085 2156 3150 quid

628 3160 823 3210 fortasse
848 3161 1067 3226 cogitavit
1096 3160 1429 3227 Scholiasta),
1460 3162 1536 3210 vel
1565 3170 1616 3210 ut
1638 3161 1908 3228 judicemus
1934 3159 2160 3209 Theocri-

628 3244 730 3285 tum
765 3242 979 3284 secutum
1020 3252 1121 3285 esse
1157 3237 1296 3286 aliam
1328 3236 1647 3286 narrationem
1677 3238 1805 3301 (nam
1834 3236 1948 3286 talin
1974 3245 2158 3307 mutare

626 3311 781 3360 solent
806 3309 1021 3377 poete),
1059 3312 1131 3360 vel
1168 3321 1219 3360 ιιι
1254 3319 1442 3376 poetam
1477 3314 1793 3362 communiter
1820 3313 2028 3361 locutum
2058 3326 2158 3359 esse
2177 3347 2192 3361 .

624 3393 903 3436 statuamus.
920 3383 1123 3450 Aliquid
1138 3383 1233 3434 huc
1251 3384 1367 3435 facit
1388 3389 1537 3450 Long.
1557 3390 1682 3436 Psst.
1705 3390 1791 3435 IV.
1818 3403 1873 3448 17
1892 3395 2015 3436 extr.
2031 3401 2043 3434 :
2059 3382 2157 3435 ἀλλ’

626 3461 668 3510 εἰ
695 3459 779 3510 καὶ
814 3457 889 3509 ἔτι
917 3461 1075 3524 μένειν
1108 3459 1186 3510 ἐπὶ
1212 3461 1304 3525 γῆς
1338 3459 1651 3526 ἐπιτρέπουσι
1682 3460 1908 3512 τοιοῦτον
1948 3462 2124 3516 κάλλος
2142 3494 2157 3520 ,

624 3535 765 3603 χάριν
784 3535 975 3602 ἔχωμεν
996 3535 1127 3592 τοῖς
1152 3537 1292 3592 Διὸς
1318 3535 1540 3592 ἀετοῖς.
1563 3536 1661 3586 Ubi
1686 3536 1917 3586 videndus
1940 3545 2011 3586 est
2031 3535 2156 3586 Bois-

622 3609 827 3660 sonadus
868 3627 920 3678 p.
958 3613 1056 3658 320
1092 3611 1170 3662 ed.
1213 3611 1385 3662 Seiler.
1424 3609 1567 3661 Adde
1593 3610 1773 3678 Spolm.
1810 3611 2020 3677 Specim.
2061 3617 2152 3661 111.

626 3703 674 3754 p.
706 3703 785 3751 19.
806 3713 870 3722 —
887 3690 952 3737 V.
992 3704 1080 3747 ¹²7
1110 3686 1245 3744 ἄλλα,
1270 3683 1331 3734 ab
1348 3683 1447 3734 alia
1459 3697 1621 3753 parte.
1650 3691 1725 3737 De
1748 3686 1837 3736 bac
1858 3686 2056 3736 notione
2079 3703 2158 3736 vo-

623 3759 780 3810 cabuli
812 3759 954 3818 ἄλλος
984 3761 1048 3812 cf.
1094 3759 1365 3812 Mehllaeom.
1408 3775 1427 3808 .·
1464 3765 1539 3811 De
1568 3761 1790 3827 adjectiv.
1836 3778 1925 3828 pro
1955 3762 2150 3814 adverb.

623 3835 766 3902 posit.
796 3835 941 3900 Glog.
976 3838 1120 3885 1828.
1148 3853 1198 3902 Ρ.
1232 3853 1290 3884 10
1312 3852 1387 3901 sq.

686 3910 760 3974 (3)
794 3911 1079 3977 γεραίτερος
1110 3910 1253 3960 etiam
1288 3927 1347 3959 10
1370 3911 1469 3961 sive
1495 3915 1570 3963 M.
1590 3939 1654 3948 —
1678 3914 1736 3962 V.
1774 3921 1860 3968 141
1893 3911 2151 3978 πρότερον,

620 3985 752 4049 quod
778 3984 856 4034 vix
892 4003 921 4034 a
947 3983 1157 4035 librariis
1186 3985 1456 4052 profectum
1484 3995 1579 4049 est,
1614 3985 1743 4035 edidi
1771 4003 1830 4036 ex
1866 3996 1977 4036 octo
2007 3987 2148 4038 codd.

614 4078 735 4111 ἐιιιιι
756 4062 1065 4114 Boissonad0.

686 4138 757 4204 (4)
790 4141 934 4187 Hunc
952 4153 1133 4187 versum
1152 4137 1347 4188 distinxi
1370 4153 1429 4187 ex
1446 4137 1681 4189 sententia
1698 4137 1883 4188 Heinsii
1901 4141 2030 4190 Leet.
2051 4140 2146 4190 Th.

620 4228 729 4277 cap.
781 4216 907 4262 ΧΠ
950 4229 1055 4262 cum
1096 4212 1323 4273 Reiskio,
1362 4214 1549 4280 Toupio
1573 4217 1647 4280 (Ρ.
1687 4217 1785 4272 466
1820 4215 1898 4265 ed.
1945 4217 2146 4282 Berol.),

619 4291 991 4347 Wiistemsnno,
1025 4287 1230 4340 Weisio.
1256 4288 1517 4339 verissime
1540 4289 1666 4339 enim
1690 4291 1875 4356 Briggs.
1899 4307 1912 4340 ε
1951 4315 1974 4332 κ
2001 4294 2144 4341 Dixe-

618 4373 691 4413 rat
730 4379 873 4431 supra
910 4363 1146 4412 Praxinoa
1179 4363 1333 4428 σοφόν
1364 4381 1442 4414 τοι
1465 4363 1614 4430 χρῆμ’
1642 4365 1932 4431 ὥνθρωπος,
1961 4368 2149 4436 sapiens

619 4456 694 4486 res
710 4449 781 4486 ese
800 4437 955 4489 1101110.
980 4441 1090 4488 Jam
1116 4438 1281 4488 audito
1304 4439 1497 4504 poetriae
1522 4439 1733 4488 carmine
1755 4439 1868 4490 dicit
1891 4443 2070 4506 Gorgo,
2088 4444 2145 4493 τὸ

618 4517 788 4581 χρῆμα
821 4516 1107 4583 σοφώτερον
1136 4517 1171 4564 ἁ.
1197 4516 1390 4575 θήλεια,
1429 4515 1477 4564 id
1518 4524 1590 4564 est
1617 4519 1650 4574 ἡ
1693 4518 1859 4575 θήλεια
1895 4516 2148 4585 ἅνθρωπός

620 4591 726 4640 ἐστι
752 4591 922 4658 χρῆμα
948 4592 1233 4657 σοφώτερον
1260 4589 1351 4642 τοῦ
1376 4590 1596 4658 ἄρρενος.
1618 4614 1643 4634 ι·
1674 4592 1857 4642 Pariter
1872 4593 2146 4659 judicarunt

619 4665 789 4716 Adert.
823 4663 1087 4724 Tloe'ocrite,
1112 4666 1321 4733 append.
1356 4683 1408 4733 p.
1439 4683 1520 4726 21,
1548 4667 1760 4731 Ziegler„
1789 4669 2142 4721 Wordsworth.

685 4743 755 4805 (5)
791 4745 885 4790 Pro
912 4740 1178 4791 cmuboni
1219 4740 1490 4807 conjectura
1526 4741 1647 4808 μηδὲ
1687 4743 1956 4806 ποτένθῃς,
2002 4761 2142 4810 quiam

620 4814 840 4865 Reiskius
855 4851 869 4876 ‚
899 4815 1238 4866 Valckenarius
1262 4816 1439 4884 aliique
1466 4828 1749 4883 receperunt
1769 4854 1782 4878 ,
1804 4820 1990 4869 servavi
2017 4820 2145 4886 quod

622 4889 672 4938 iu
699 4890 830 4939 libris
854 4889 957 4940 fere
976 4888 1203 4940 omnibus
1223 4899 1273 4939 et
1301 4900 1417 4942 vett.
1446 4891 1557 4943 edd.
1578 4902 1730 4942 exstat
1753 4894 1984 4957 μηδέποτ’
2006 4895 2148 4961 ἔνθῃς

620 4981 727 5014 eum
748 4967 971 5015 Warton.
992 4965 1187 5030 Pilenej.
1211 4966 1421 5016 Brunck.
1447 4965 1629 5032 Spohn.
1655 4975 1718 5018 Α.
1743 4969 1932 5019 Jacobs.

682 5041 754 5104 (6)
788 5041 882 5089 Hic
922 5056 1106 5098 venus,
1146 5051 1197 5090 ιιι
1221 5043 1360 5108 vulgo
1396 5043 1581 5108 legitur,
1621 5053 1671 5092 et
1702 5058 1763 5094 εο
1797 5061 1965 5106 sensu,
2001 5062 2142 5111 quem

620 5115 770 5165 inesse
788 5116 1037 5166 voluerunt
1055 5117 1351 5183 interpretes,
1368 5132 1464 5167 non
1483 5122 1704 5167 convenit
1728 5120 2018 5170 mulierculis
2035 5121 2144 5182 illis,

621 5206 727 5256 qne
756 5199 941 5242 tautum
976 5191 1221 5260 spectandi
1256 5207 1417 5243 caussa
1442 5193 1504 5244 nd
1530 5195 1801 5244 sollemnem
1836 5198 2012 5263 prioris
2043 5198 2140 5249 diei

1995 402 2042 462 P
2052 406 2091 461 R
2105 400 2170 461 ΑΞ
2181 400 2371 461 mn(
2384 409 2423 461 ).

2331 539 2378 579 Ιιι
2403 532 2544 582 Mein«
2561 533 2624 581 lxii
2644 533 2853 581 editione
2875 554 2886 581 ε
3295 542 3344 583 ln
3371 536 3456 581 Ιιιιιτ
3485 538 3572 583 vai!
3597 560 3604 574 ι
3629 576 3636 581 .

2263 626 2332 678 V.
2425 644 2474 697 9.
2523 622 3074 678 romacianae-izz—
3094 668 3105 678 .
3134 664 3145 676 .
3205 625 3509 691 τιιιθοίζοισαι
3533 628 3723 704 ’(1)-α).

2897 708 3008 765 θίαν
3629 715 3720 783 θίην

2389 816 2473 858 ιο.
2513 799 2667 875 χηλῶ
2680 840 2894 855 ......
2925 840 2934 853 -.
2959 838 3450 858 .............
3464 802 3625 877 χηλοῦ

2389 904 2475 941 12.
2519 882 2664 965 ἕδρα,
2693 886 2822 942 ἐπὰν
2839 927 3128 943 ........
3141 876 3144 881 ’
3157 929 3367 943 ......
3385 886 3540 964 ἕδρη,
3575 888 3692 959 ἐπὴν

2387 975 2474 1029 13.
2517 974 2722 1052 φιλασεῖ
2736 1014 2990 1029 .......
3018 1021 3026 1028 .
3057 1016 3430 1032 ..........
3445 975 3642 1053 φιλήσει

2387 1080 2474 1131 17.
2518 1058 2734 1139 ἄργυρος
2745 1101 3476 1120 ...................
3493 1062 3694 1144 ἄργυρον

2380 1166 2474 1207 21.
2519 1149 2643 1222 ἐμεῦ
2657 1189 3491 1209 ......................
3505 1152 3628 1225 ἐμοῦ

2381 1245 2474 1303 114.
2519 1234 2704 1292 ἀοιδῶν
2719 1278 3491 1298 ....................
3507 1238 3661 1305 ἀόζων
3724 1252 3725 1255 ’

2380 1324 2471 1379 28.
2517 1322 2648 1380 ἐπὰν
2673 1321 2884 1402 ἐθέλῃσι
2896 1365 3273 1384 ..........
3287 1324 3419 1397 ἐπὴν
3443 1326 3673 1384 ἑθέλωντι
3691 1328 3726 1403 {3

2380 1409 2471 1468 36.
2515 1408 2702 1481 σηκούς
2715 1452 3411 1473 ..................
3425 1415 3692 1492 σακούς(4)

2380 1507 2472 1565 43.
2513 1501 2647 1567 τῆνα
2658 1541 3473 1561 .....................
3485 1511 3627 1560 κεῖνα

2379 1594 2473 1653 44.
2514 1584 2674 1651 δεινὸς
2687 1629 3422 1649 ...................
3435 1598 3597 1655 κεῖνος
3619 1595 3689 1669 (5·

2377 1673 2472 1733 56.
2515 1673 2755 1754 Λαέρτας
2767 1717 3381 1737 ................
3395 1677 3627 1757 Λαέρτης

2378 1762 2473 1818 63.
2517 1761 3725 1845 φιλοκερδείῃ-παριλ-..φιλοκερδείᾳ-παρει

2970 1855 3076 1911 θεῖν
3631 1858 3714 1909 θεῖν

2378 1937 2474 1994 68.
2518 1934 2574 1993 δὲ
2606 1936 2710 1995 τίνι
2721 1980 3096 1998 ..........
3101 2014 3107 2020 ·
3123 1982 3455 1999 .........
3469 1938 3600 1999 ὅτινι
3627 1944 3693 2017 (ὀὶ

2257 2118 2478 2169 pompam
2507 2115 2826 2166 secesserant3
2866 2106 3024 2173 potius
3061 2107 3336 2158 conveniret
3375 2109 3448 2157 vel
3487 2107 3671 2174 poetriae
3698 2124 3728 2157 v<

2255 2179 2481 2229 matronis
2496 2217 2509 2240 ‚
2535 2197 2640 2246 qnae
2661 2192 2892 2246 sequente
2916 2182 3108 2232 demum
3126 2182 3205 2232 die
3223 2183 3531 2233 simulacrum
3554 2180 3728 2233 Adonidi

2253 2252 2314 2303 nd
2341 2268 2471 2304 mare
2498 2255 2815 2321 deportatum
2840 2267 2966 2307 sunt.
2995 2262 3164 2325 Itaque
3199 2274 3305 2307 cum
3339 2260 3556 2325 Zieglero
3593 2260 3727 2323 recepi

2253 2328 2382 2391 quod
2407 2330 2504 2396 jam
2533 2331 2594 2380 ab
2619 2330 2838 2381 Abrente
2859 2349 2918 2381 ex
2948 2334 3224 2399 conjecture
3253 2334 3635 2384 commendatum
3667 2348 3728 2397 sup

2254 2401 2469 2466 peditent
2493 2414 2602 2507 (iem
2625 2406 2812 2456 codices
2833 2408 3028 2475 optima
3053 2416 3181 2457 notae
3197 2408 3270 2471 (in
3293 2406 3472 2474 quibus
3502 2425 3563 2456 10
3585 2408 3674 2457 sive
3695 2410 3728 2457 M

2249 2510 2320 2559 sic
2344 2528 2359 2561 :
2383 2515 2608 2578 ἀφίιιευ);
2635 2516 2850 2583 quinque
2887 2516 2968 2566 alii
2999 2517 3112 2567 libri
3137 2518 3317 2569 habeut
3343 2517 3544 2581 ἀφικεῖι.
3570 2518 3728 2566 Verbui

2247 2587 2388 2653 χαῖρε
2420 2590 2600 2639 dictum
2624 2602 2692 2641 est
2723 2602 2776 2641 ιιι
2811 2597 2997 2644 xvln.
3031 2599 3093 2644 ⁵8
3117 2596 3334 2661 χαρείης.
3369 2598 3567 2645 xxm.
3592 2598 3648 2642 62
3668 2594 3728 2659 χαί

2251 2677 2377 2730 ρετε.
2402 2691 2465 2701 -
2483 2664 2666 2717 Ibidem
2700 2667 2867 2736 scripsi
2907 2668 3080 2733 Ἄδων,
3118 2679 3165 2719 ιιι
3190 2670 3288 2735 jam
3318 2670 3522 2719 Graefius
3547 2673 3648 2736 (Ep.
3667 2669 3728 2717 cri!

2251 2757 2299 2804 p.
2336 2742 2415 2805 7ο)
2439 2750 2487 2790 ει
2511 2743 2784 2793 Meinekius
2807 2746 3075 2795 voluerunt.
3104 2745 3235 2794 Idem
3266 2744 3376 2794 fecit
3402 2745 3605 2811 Ziegler.

2316 2816 2384 2881 (1)
2412 2818 2676 2881 ἀείδωμες,
2719 2820 2846 2884 quod
2887 2820 3072 2887 primus
3113 2838 3172 2870 ex
3218 2822 3492 2884 conjectura
3538 2822 3728 2888 proposui

2247 2890 2468 2957 Scaliger.
2488 2929 2500 2951 ,
2529 2893 2610 2943 dat
2634 2894 2843 2961 optimus
2861 2896 2970 2947 cod.
2995 2900 3059 2947 K.
3075 2934 3087 2957 ‚
3115 2912 3320 2961 quocum
3337 2897 3418 2947 alii
3437 2897 3646 2964 quinque
3663 2915 3730 2948 eon

2247 2967 2467 3018 sentiunt.
2505 2973 2691 3019 Vereor
2713 2981 2764 3020 ιιι
2793 2971 2892 3020 liaee
2921 2972 3072 3021 forma
3100 2972 3331 3022 debeatur
3368 2971 3566 3023 librario
3585 3010 3597 3033 ,
3628 2975 3730 3024 imm«

2247 3040 2455 3098 ἀείδοντι
2479 3041 2594 3091 mihi
2619 3053 2775 3092 ortum
2802 3044 2990 3094 videtur
3010 3062 3066 3094 ex
3098 3061 3256 3095 versus
3284 3047 3592 3112 praecedentis
3615 3048 3729 3096 termis

2247 3119 2457 3168 natione.
2496 3123 2663 3183 Itaque
2694 3129 2882 3170 secutus
2920 3137 3022 3175 sum
3063 3121 3386 3170 Gaisi'ordium
3416 3157 3431 3179 ,
3474 3123 3561 3188 qui
3599 3124 3730 3188 primu

2247 3193 2482 3257 ἀείδωμες
2508 3210 2564 3242 ex
2589 3193 2833 3244 codicibus
2861 3195 3083 3245 restituit.
3115 3194 3246 3245 Idem
3283 3196 3398 3245 fecit
3421 3197 3729 3246 Wordswortlu

2311 3268 2381 3332 (α)
2418 3269 2707 3325 τωθάζοισαι
2729 3269 2871 3318 etiam
2903 3287 2961 3318 10
2993 3270 3093 3319 sive
3115 3274 3187 3320 Μ.
3210 3270 3345 3318 Idem
3370 3286 3415 3321 v.
3451 3288 3511 3320 10
3529 3275 3730 3337 χηλοῦ.-

2245 3347 2309 3393 V.
2347 3361 2403 3391 ια
2436 3345 2584 3404 ἐπὴν,
2612 3345 2741 3410 quod
2772 3349 2870 3412 Jam
2897 3346 3115 3396 Meinek.
3160 3347 3361 3406 maluit,
3401 3347 3464 3396 de
3505 3349 3730 3411 conjecturs

2247 3420 2429 3484 recepi,
2465 3421 2548 3468 sed
2575 3437 2616 3468 v.
2647 3424 2707 3470 28
2741 3421 2868 3471 hanc
2895 3420 3093 3472 formam
3117 3438 3200 3471 sex
3221 3421 3362 3471 codd.
3383 3423 3522 3472 dent.
3545 3451 3606 3458 —
3625 3427 3674 3468 V.
3703 3437 3730 3480 ¹⁴.

2245 3491 2456 3560 ἄργυρον
2495 3504 2601 3544 octo
2638 3496 2774 3546 codd.
2811 3508 2857 3556 et
2892 3497 3002 3546 edd.
3033 3497 3246 3562 Callierg.
3281 3501 3422 3548 Junt.
3463 3501 3594 3548 Crat.
3627 3495 3730 3546 Bruh

2244 3570 2410 3635 Stepb.
2431 3568 2682 3636 Kiessling.
2707 3571 2832 3620 Gaii.
2857 3575 2982 3621 Inest
3003 3572 3381 3622 attractio.-V.
3412 3589 3495 3622 αι.
3522 3571 3640 3638 ἐμοῦ
3657 3569 3729 3617 edd

2245 3646 2373 3693 Crat.
2402 3642 2548 3693 Brub.
2567 3653 2667 3694 tres
2689 3645 2829 3696 codd.
2856 3647 3027 3696 Pariss.
3053 3675 3114 3685 -
3137 3651 3198 3696 V.
3227 3653 3288 3703 24
3313 3645 3492 3696 adscivi
3515 3651 3729 3695 Hermann

2243 3719 2574 3788 conjecturam,
2599 3737 2744 3785 quum
2769 3722 2946 3770 ἀοιδῶν
2971 3721 3080 3770 ferri
3104 3721 3306 3769 omnino
3329 3737 3428 3770 non
3445 3721 3610 3787 possit.
3631 3725 3730 3768 Poe-n

2241 3795 2403 3840 xvn.
2443 3809 2458 3838 ι
2475 3809 2551 3841 11.
2583 3792 2681 3842 fere
2702 3794 2844 3842 simili
2871 3795 3105 3844 sententia
3129 3793 3250 3843 dixit
3274 3794 3508 3859 ἑταίροις.
3529 3822 3594 3830 -
3626 3797 3678 3840 V.
3697 3809 3729 3850 ²]

2241 3868 2456 3931 τραπέζῃ
2484 3866 2628 3915 etiam
2655 3884 2715 3918 10
2743 3867 2841 3917 sive
2867 3873 2938 3918 M.

2306 3941 2374 4004 (3)
2409 3940 2680 3990 Meinekius
2707 3943 2881 4008 recepit
2909 3942 3186 4009 Koppiersii
3209 3943 3536 4007 conjecturam
3561 3943 3728 4002 ἐθέλῃσι

2239 4014 2331 4062 Sed
2347 4031 2492 4078 quum
2507 4031 2729 4065 uumerus
2748 4017 2944 4084 pluralis
2965 4019 3143 4077 ἀόζων,
3160 4018 3367 4072 πολλοὺς
3387 4018 3554 4074 ποιῶν,
3567 4015 3724 4066 πολλα-ζ

2238 4087 2392 4139 ἄλλων
2416 4091 2680 4155 ἀνθρώπων
2711 4092 2969 4158 pracedat,
2990 4092 3083 4142 hoc
3107 4109 3300 4157 qnoque
3328 4093 3432 4142 loeo
3459 4103 3675 4158 praestarr
3697 4091 3729 4136 ti

2238 4164 2378 4214 detur
2401 4165 2606 4230 pluralis,
2634 4183 2777 4231 quem
2803 4177 2850 4216 et
2875 4168 3058 4218 codices
3080 4168 3294 4234 praebent
3314 4171 3622 4234 (quamquam
3643 4185 3728 4215 meu

2238 4241 2350 4290 dose
2371 4241 2579 4290 ἐθέλοντι
2603 4251 2648 4289 et
2677 4243 2916 4306 ἐθέλουσι)
2943 4252 2991 4291 ει
3019 4243 3295 4292 Eustatbius
3321 4245 3598 4298 confirmat,
3627 4259 3729 4307 quea

2237 4316 2305 4380 (p.
2333 4317 2446 4370 566,
2487 4318 2701 4364 ιοεὸθεν
2739 4318 2900 4365 λαὸὼν
2933 4319 3200 4382 Ἡρόδοτος
3235 4317 3420 4384 ἔγραψε
3470 4319 3528 4366 τὸ
3559 4321 3730 4384 τραπέζι

2239 4391 2508 4453 μειλίξαντα
2536 4391 2821 4455 ἀποπέμψαι
2845 4393 2961 4442 ἐπὰν
2993 4395 3252 4443 ἐθέλωσι
3277 4395 3497 4455 νέεσθαι)
3529 4407 3730 4440 memoris

2235 4479 2396 4512 errore
2417 4463 2645 4512 Herodoti
2665 4480 2840 4513 nomen
2863 4465 3160 4515 substituisse
3179 4466 3438 4515 Theocrito
3463 4477 3594 4515 recte
3615 4467 3729 4514 obser

2235 4538 2359 4588 vavit
2379 4539 2634 4605 Koppiers.
2647 4544 2820 4589 Veram
2838 4541 3037 4591 formam
3057 4543 3282 4592 ἐθέλωνττ
3298 4543 3478 4606 primus
3493 4559 3552 4590 ex
3569 4543 3730 4591 ,Iuntina

2235 4612 2386 4661 edidit
2412 4614 2678 4679 Stephanus
2713 4613 2764 4662 in
2801 4616 2878 4664 ed.
2913 4620 3048 4682 maj„
3085 4633 3292 4681 eumque
3320 4616 3472 4665 secuti
3499 4625 3610 4666 suut
3631 4613 3729 4662 Win

2236 4697 2406 4736 tet-ton.
2429 4689 2620 4753 Pilencj.
2643 4690 2851 4740 Brunck.
2880 4693 3062 4741 Harles.
3095 4691 3296 4756 Ziegler.

2301 4763 2374 4826 (4)
2409 4762 2486 4810 Sic
2519 4763 2654 4812 multi
2689 4763 2874 4815 codices
2903 4766 3092 4832 optimae
3129 4776 3271 4816 notae.
3305 4770 3490 4816 Primus
3527 4783 3630 4816 eam
3663 4765 3724 4814 sor

2236 4853 2358 4885 mam
2388 4837 2564 4903 recepit
2589 4838 2730 4887 Dehl.

2299 4910 2370 4974 (5)
2405 4915 2476 4960 Ita
2514 4928 2572 4960 ex
2617 4913 2832 4978 plurimis
2875 4925 2920 4965 et
2959 4915 3155 4983 optimis
3199 4917 3330 4966 libris
3365 4933 3472 4966 cum
3523 4917 3729 4966 Gaisl‘unl.

2234 4987 2416 5050 Briggs.
2459 4985 2675 5036 Boisson.
2715 4988 2914 5054 Ziegler.
2951 4989 3082 5040 Idem
3121 4991 3234 5056 teuit
3269 4997 3300 5042 J
3305 5007 3484 5040 oannes
3513 4993 3718 5041 Siceliota

2231 5077 2373 5124 quem
2403 5061 2557 5109 laudat
2587 5063 2846 5117 Ruhnken.
2871 5067 2998 5132 apud
3019 5067 3258 5116 Gaissoid.
3283 5085 3333 5134 p.
3377 5070 3476 5116 306
3519 5069 3600 5118 ει1.
3634 5067 3729 5130 Lips

2300 5136 2371 5198 (ὃ)
2391 5137 2578 5194 “()τινι,
2610 5138 2736 5200 quod
2766 5157 2825 5187 ex
2859 5145 2913 5187 ι·ιί
2887 5143 3088 5202 tmjectui
3091 5159 3124 5189 τι
3154 5142 3729 5206 1w‹›tulitAhrens‚quuss

2233 5199 2340 5248 libri
2367 5199 2582 5250 meliores
2607 5205 2844 5267 praebeaut
2873 5201 3006 5253 ῶτιν·
3029 5209 3156 5271 ,jam
3188 5225 3243 5256 vx
3269 5211 3300 5257 J
3307 5217 3406 5258 unt
3431 5209 3586 5257 edidit
3615 5208 3719 5258 (811
