3767 5825
409 431 568 472 xxiv

736 546 823 593 Ex
847 542 993 591 Libro
1015 541 1245 591 Secundo
1267 554 1286 589 .-

407 684 461 717 ου
481 669 709 727 .sequente
737 682 759 714 ε
782 684 796 717 z
825 671 910 715 186
945 666 1128 745 μάχλου
1153 666 1322 715 ἕνεκεν.
1816 663 1974 711 vacat.

823 734 913 777 209
947 731 1107 791 βιοτου
1132 730 1317 790 ἑτέροις.

413 873 438 897 1»
564 877 625 887 —
733 868 760 899 ο
787 868 799 899 :
827 855 928 902 345.
951 852 1148 901 θανάτου
1167 852 1318 899 ὀλέσει
1819 850 1975 897 vacat.

415 936 439 959 ι»
563 938 628 949 -
737 930 766 961 υ
831 915 986 963 vaoat.
1817 914 1975 959 vacat.

411 1120 436 1145 u
559 1127 626 1141 —
731 1116 762 1157 η
827 1102 985 1150 vacat.
1822 1100 1972 1147 vacat.

489 1352 682 1411 Habes
691 1350 1077 1429 igiturhiatus
1089 1352 1152 1409 in
1169 1351 1280 1410 502
1297 1350 1567 1410 versibus
1582 1350 1720 1409 libri
1739 1350 1977 1409 secundi

411 1447 603 1501 decem
627 1441 725 1500 vel
752 1443 1008 1497 undecim
1025 1484 1042 1511 ‚
1070 1440 1133 1497 in
1161 1441 1277 1506 428
1305 1438 1445 1497 libri
1472 1441 1629 1497 tertii
1648 1443 1971 1515 quiadecim,

411 1522 662 1608 quorum
687 1542 880 1587 tamen
908 1548 1011 1586 sex
1036 1527 1106 1585 ad
1135 1527 1479 1606 particulam
1511 1527 1543 1597 ἤ
1567 1528 1861 1605 pertinent
1877 1572 1893 1597 ‚
1920 1528 1981 1583 in

415 1611 527 1682 754
554 1609 696 1668 libri
732 1608 881 1667 sexti
912 1614 1145 1681 trigiam
1174 1614 1434 1683 quinque.
1476 1607 1676 1665 Primo
1715 1621 1979 1684 aspectu,

413 1700 464 1758 si
489 1704 742 1755 numeres
761 1708 983 1754 tantum
1015 1696 1238 1765 hiatuS,
1280 1696 1362 1753 ita
1387 1714 1526 1753 sane
1556 1695 1855 1754 abundare
1894 1697 1984 1753 vi-

414 1789 619 1846 deatur
644 1785 800 1845 liber
831 1798 1061 1856 sextus,
1089 1796 1186 1859 ut,
1218 1785 1539 1862 praesertim
1583 1788 1642 1841 in
1669 1783 1842 1842 libris
1860 1783 1981 1861 jam

407 1875 582 1953 ,quasi
611 1873 684 1932 ad
707 1871 1094 1953 separandum
1121 1873 1448 1951 propinatis
1466 1918 1481 1946 ‚
1509 1892 1646 1931 sane
1677 1873 1844 1930 facile
1864 1892 1985 1951 per·

415 1964 649 2023 suaderi
685 1961 796 2021 tibi
838 1962 1085 2042 patiaris
1123 1981 1225 2020 eos
1258 1962 1452 2019 hiatus
1497 1981 1616 2019 non
1661 1966 1733 2019 ab
1781 1962 1982 2018 eodem

415 2071 650 2131 sparsos
663 2071 810 2122 esse,
832 2050 936 2128 qui
956 2069 1158 2108 eorum
1181 2051 1243 2108 in
1265 2050 1521 2107 secundo
1541 2047 1697 2106 libro
1716 2061 1829 2105 tam
1853 2068 1983 2126 par-

419 2160 522 2199 cus
555 2140 748 2199 fuerit.
777 2137 890 2197 Sed
918 2138 970 2195 sl
1013 2138 1325 2213 diligenter
1362 2137 1472 2201 hos
1516 2136 1707 2194 hiatus
1739 2138 1986 2195 intuitus

419 2230 618 2305 fueris,
635 2229 888 2307 primum
901 2225 1156 2298 videbis,
1175 2225 1414 2285 eandem
1429 2243 1556 2284 esse
1571 2225 1826 2303 plurium
1847 2224 1986 2283 libri

417 2319 562 2377 sexti
609 2332 782 2395 atque
806 2316 1149 2396 pauciorum
1184 2313 1326 2372 libri
1351 2314 1588 2371 secundi
1621 2326 1679 2371 et
1706 2315 1862 2372 tertii
1890 2333 1984 2371 ra-

417 2407 635 2465 tionem
653 2449 670 2478 ,
691 2424 881 2483 neque
900 2416 999 2461 aut
1015 2402 1152 2461 illos
1170 2402 1584 2461 insolentiores
1605 2415 1703 2459 aut
1725 2402 1831 2459 hos
1853 2421 1986 2460 cau-

420 2495 598 2552 tiores
624 2511 770 2553 esse.
805 2491 925 2563 lta,
958 2503 1023 2549 ut
1049 2510 1230 2549 unum
1253 2490 1579 2567 exemplum
1608 2490 1813 2548 addam
1835 2534 1850 2561 ‚
1882 2492 1985 2568 qui

419 2581 578 2640 libro
595 2578 851 2641 secundo
872 2577 908 2649 ἢ
929 2577 1004 2635 ἔτι
1019 2579 1256 2656 scripsit
1270 2622 1286 2649 ,
1313 2578 1465 2636 idem
1485 2592 1706 2635 ceteros
1725 2577 1984 2656 ejusdem

420 2670 720 2749 particulae
745 2669 938 2727 hiatus
964 2668 1028 2724 in
1056 2667 1230 2725 tertio
1250 2678 1310 2724 et
1327 2680 1492 2724 sexto
1509 2666 1665 2724 libro
1687 2667 1990 2725 admittere

421 2778 541 2817 non
557 2756 948 2823 dubitaverit;
973 2756 1079 2831 qui
1097 2758 1299 2835 κρυερῷ
1323 2755 1590 2832 ἀλέγοντες
1609 2754 1802 2813 dicere
1821 2758 1989 2814 susti-

421 2847 582 2919 nuit,
609 2844 828 2903 nullam
849 2863 1077 2902 causam
1100 2842 1277 2901 video
1295 2862 1370 2901 ex
1393 2864 1510 2922 qua
1525 2864 1702 2902 unum
1728 2844 1987 2922 ejusdem

422 2933 771 3012 diphthongi
798 2933 1016 2991 hiatum
1043 2935 1108 2990 in
1127 2944 1292 2990 sexto
1310 2931 1468 2990 libro
1497 2936 1867 2993 extimescere
1887 2955 1991 3012 po-

425 3023 619 3081 tuerit.
651 3021 763 3080 Sed
792 3022 1036 3079 omnino
1069 3040 1272 3079 omnes
1303 3020 1367 3079 hi
1400 3021 1591 3079 hiatus
1619 3041 1724 3100 per
1751 3042 1812 3079 se
1839 3023 1988 3081 nihil

423 3111 639 3186 habent
661 3110 1006 3169 offensionis
1021 3131 1039 3182 ;
1056 3129 1204 3187 quos
1221 3122 1288 3168 ut
1308 3109 1732 3186 frequentiores
1750 3112 1817 3169 in
1834 3111 1991 3170 libro

423 3199 632 3258 ultimo
655 3197 1010 3269 admitteret,
1041 3217 1113 3256 eo
1142 3198 1378 3257 adactus
1404 3211 1492 3256 est
1513 3211 1706 3276 poeta,
1739 3199 1899 3275 quod
1920 3219 1990 3256 eo

424 3287 584 3346 libro
603 3285 1076 3344 constellationes
1099 3299 1156 3345 et
1177 3287 1360 3344 multo
1375 3286 1576 3365 plures
1599 3300 1656 3345 et
1683 3287 1868 3346 multo
1890 3307 1988 3346 cu·

427 3373 764 3431 mulatiores
793 3371 956 3430 nullo
983 3385 1140 3430 certo
1163 3373 1373 3431 ordine
1401 3375 1702 3450 exposuit,
1727 3393 1847 3450 qua
1864 3373 1994 3452 ipsa

429 3479 492 3518 re
513 3459 784 3518 inscienti
808 3470 868 3516 et
888 3459 1076 3516 invito
1102 3457 1382 3536 majorem
1403 3462 1664 3518 hiatuum
1685 3480 1989 3518 numerum

427 3547 702 3608 subnasci
730 3565 962 3604 necesse
1003 3559 1148 3606 erat.
1183 3547 1342 3606 lnter
1371 3549 1688 3607 secundum
1719 3561 1908 3607 autem
1938 3564 1995 3607 et

429 3637 662 3695 tertium
691 3633 910 3693 librum
950 3634 1189 3712 aliquod
1231 3656 1357 3695 esse
1389 3637 1650 3696 hiatuum
1675 3637 1992 3696 discrimen

430 3744 504 3783 ne
537 3723 779 3782 Lehrsio
807 3722 1038 3798 quidem
1069 3723 1388 3782 concedere
1416 3745 1650 3803 possum
1669 3767 1684 3794 ,
1718 3725 1830 3782 nisi
1859 3729 1993 3802 quis

430 3811 768 3882 contendat,
791 3811 854 3868 in
875 3810 1005 3887 pari
1031 3829 1306 3869 versuum
1329 3832 1573 3871 numero
1597 3813 1768 3870 etiam
1790 3832 1991 3888 parem

431 3900 692 3960 hiatuum
713 3917 1018 3957 numerum
1040 3898 1232 3957 inesse
1249 3899 1482 3960 debere.
1503 3899 1553 3956 T
1555 3921 1653 3958 um
1677 3920 1816 3958 vero
1838 3901 1991 3958 haud

431 3990 555 4047 scio
603 4007 711 4046 cur
761 3987 897 4063 quis
935 3987 1075 4045 solis
1105 3987 1365 4046 hiatibus
1402 3989 1656 4047 confisus
1701 3989 1989 4048 librorum

433 4074 814 4154 compagibus
855 4095 1096 4153 parcere
1125 4077 1287 4148 velit,
1318 4098 1424 4136 nec
1461 4079 1656 4156 potius
1684 4080 1759 4135 ad
1788 4099 1991 4137 eorum

435 4183 740 4224 numerum
785 4163 1045 4242 singulas
1087 4185 1358 4224 versuum
1409 4167 1701 4225 centurias
1749 4169 1994 4242 singulis

432 4250 768 4311 auctoribus
798 4250 1129 4311 adscribere
1171 4257 1446 4311 conetur?
1477 4259 1620 4313 Tum
1664 4257 1818 4314 enim
1850 4257 1993 4333 quid

433 4343 624 4398 obstat
651 4339 796 4416 quin
818 4338 963 4397 libri
991 4341 1138 4398 sexti
1167 4363 1222 4398 v.
1254 4343 1590 4415 321—527,
1624 4347 1684 4400 in
1709 4364 1827 4420 quo
1856 4366 1997 4401 unus

435 4438 654 4484 tantum
712 4426 1009 4484 invenitur
1061 4427 1255 4485 hiatus
1307 4429 1324 4505 (
1351 4450 1408 4488 V.
1467 4439 1578 4498 422
1603 4431 1620 4507 )
1681 4430 1848 4489 facile
1903 4435 1991 4490 vel

434 4511 797 4572 excusandus
817 4516 910 4572 vel
929 4516 1340 4586 emendandu5‚
1361 4516 1435 4575 ab
1452 4517 1568 4576 alio
1591 4518 1748 4576 dicas
1764 4531 1998 4578 auctore

435 4603 796 4679 conscriptos
821 4621 992 4678 quam
1014 4605 1118 4679 qui
1145 4604 1427 4681 reliquam
1458 4604 1585 4683 ejus
1605 4605 1744 4664 libri
1773 4621 1995 4685 partem

436 4688 676 4766 scripsit
706 4687 966 4746 hiatibus
990 4693 1336 4748 scatentem?

517 4773 630 4833 Sed
671 4774 833 4834 aliud
873 4775 1066 4834 obiter
1105 4781 1452 4838 memoravit
1494 4781 1592 4838 vir
1629 4781 1998 4840 doctissimus

441 4877 842 4937 argumentum
871 4885 934 4943 p.
960 4867 1097 4936 281,
1130 4887 1332 4925 versus
1359 4873 1715 4944 spondiacus,
1745 4890 1997 4946 quorum

436 4955 626 5008 decem
645 4964 866 5010 tantum
889 4965 1078 5011 teneat
1096 4953 1247 5012 liber
1266 4963 1470 5025 tertius,
1503 4963 1730 5033 triginta
1747 4974 2003 5032 quattuor

437 5037 591 5096 liber
609 5038 915 5097 secundus.
941 5039 1248 5117 Equidem,
1272 5055 1336 5100 ut
1356 5063 1557 5100 verum
1588 5045 1787 5114 fatear,
1810 5047 1867 5102 in
1897 5047 2000 5102 illo

1821 406 2247 465 PRAEFATlo.

2048 538 2216 587 Tertio
2235 552 2255 587 .-
3067 538 3221 584 Sexeo
3238 550 3257 581 .·

2732 640 2791 684 88
2824 635 2945 697 ὁμοῦ
2969 634 3124 693 ἑτέρῳ.

2700 704 2790 747 562
2822 697 3095 757 τελλομένου
3119 696 3291 757 ἕτερον.

2700 764 2792 809 713
2826 760 3103 820 δερκομένω
3126 758 3323 819 ἑτέροιο.

2826 848 2981 893 vacat.

2736 915 2795 957 32
2827 908 2969 964 τηλοῦ
2992 905 3269 967 Ὑπερίονος.

2734 976 2796 1018 60
2830 968 3127 1031 ἀθρειομὲνου
3144 970 3281 1029 ὕπερ.

2702 1038 2792 1082 657
2830 1034 2977 1093 μέσου
2995 1030 3280 1092 Ὑπερίονος.

2706 1100 2795 1143 156
2829 1091 3112 1155 ὑποχθονίου
3135 1093 3185 1151 ἡ.

2074 1349 2333 1408 secundo
2366 1349 2566 1407 faciam
2611 1345 2843 1403 initium
2867 1388 2883 1414 ,
2922 1345 3320 1418 septemdecim
3348 1343 3417 1399 in
3442 1344 3625 1419 primis

2083 1447 2192 1505 140
2216 1434 2487 1494 versibus
2509 1436 2803 1508 leguntur,
2830 1430 3044 1506 quibus
3070 1431 3403 1504 generalem
3434 1430 3507 1487 de
3528 1452 3625 1487 011·-
3705 1420 3706 1501 J

2076 1526 2317 1584 lestibus
2347 1524 2833 1583 introductionem
2876 1519 3165 1577 contineri
3206 1520 3505 1589 vidimus,
3534 1540 3625 1595 qua
3705 1566 3706 1583 J

2075 1614 2508 1672 introductione
2556 1610 2865 1686 maximam
2896 1607 3291 1685 spondeorum
3330 1609 3623 1665 terminan-
3705 1596 3706 1611 ³

2076 1704 2219 1760 tium
2246 1714 2467 1780 partem
2494 1702 2567 1759 ad
2592 1700 2841 1755 aliorum
2861 1696 3191 1773 exemplum
3212 1707 3523 1773 poetarum
3548 1716 3623 1753 ne·
3705 1700 3706 1745 i

2077 1793 2329 1849 cessario
2382 1789 2764 1847 desideratam
2812 1804 2937 1842 esse
2984 1776 3351 1842 enumeratio
3408 1784 3625 1862 simplex
3705 1836 3706 1851 J

2078 1877 2308 1956 probat.
2334 1878 2484 1935 Sunt
2511 1877 2667 1935 enim
2691 1874 2756 1933 hi
2786 1895 2799 1930 :
2834 1872 3138 1951 ἐστήρικται
3166 1874 3230 1944 33
3258 1884 3371 1943 403
3404 1893 3525 1948 109.
3552 1874 3626 1928 213-

2077 1967 2327 2044 γάζεσθαι
2352 1966 2408 2022 5.
2435 1962 2803 2044 παμφαίνοντα
2830 1964 2935 2033 54;
2963 1970 3071 2032 743
3105 1962 3237 2019 132.
3268 1960 3531 2027 ἐζώσαντο
3550 1960 3624 2017 55.

2078 2058 2358 2126 ἑστηῶτε
2372 2080 2396 2119 ς
2417 2055 2511 2113 58.
2530 2052 2929 2133 χαρασσόμενον
2952 2050 3137 2127 Κριοῖο
3156 2051 3249 2118 84.
3272 2048 3525 2128 Ὠρίωνος
3541 2052 3623 2113 86;

2087 2145 2217 2202 126.
2252 2142 2516 2201 δινεύοντα
2542 2162 2642 2217 92.
2668 2138 2990 2216 Τοξευτῆρος
3024 2158 3169 2208 100;
3200 2138 3338 2214 139.
3363 2139 3625 2215 &tanati-fai-

2078 2248 2253 2290 νονται
2289 2232 2418 2288 106.
2450 2229 2766 2307 Κενταύροιο
2802 2228 2932 2285 123.
2964 2223 3093 2283 Jam
3134 2238 3361 2283 ceteros
3393 2230 3627 2282 tredecim

2082 2320 2270 2378 addo:
2304 2320 2824 2390 ὖποπεπτηῶτας
2850 2315 2992 2386 162;
3026 2316 3169 2386 168;
3195 2334 3345 2389 209;
3378 2315 3513 2383 408.
3536 2316 3628 2370 τοὶ·

2083 2408 2310 2485 μήεντας
2345 2429 2475 2481 171.
2517 2404 2853 2485 αἰσχύνουσιν
2890 2405 3021 2460 188.
3056 2402 3479 2470 θεσπίζοντας
3516 2408 3625 2459 208.

2080 2496 2331 2562 ἰθύνοντες
2346 2496 2480 2556 265.
2499 2494 2860 2557 ποικίλλοντας
2876 2492 2988 2566 293
3008 2511 3023 2561 ;
3047 2490 3184 2547 325.
3204 2488 3507 2566 ἠρνήσαντο
3520 2492 3627 2546 308.

2081 2584 2453 2649 δαιδάλλοντας
2482 2584 2620 2643 320.
2658 2580 3005 2643 κωτίλλοντας
3053 2580 3189 2635 330.
3226 2579 3331 2635 His
3372 2598 3630 2657 compone

2078 2687 2198 2731 octo
2224 2671 2365 2731 libri
2394 2671 2549 2729 tertii
2575 2692 2587 2727 :
2622 2667 2902 2744 τιμήεντας
2928 2666 3023 2725 35.
3060 2666 3412 2745 ἀνθρώποισιν
3446 2676 3537 2734 44.
3560 2668 3631 2737 ἠέ-

2084 2761 2235 2831 ξησεν
2264 2762 2362 2832 78.
2394 2758 2700 2837 ἄντέλλῃσιν
2738 2757 2866 2815 106.
2890 2754 3317 2812 ῖνδάλλονται
3349 2756 3629 2831 249.ε’1ιτ1ξ·

2085 2872 2245 2907 σαντο
2276 2850 2412 2909 322.
2446 2848 2962 2917 ὖποπεπτηῶτας
2994 2844 3131 2918 377.
3164 2843 3469 2924 ἱμείροντας
3508 2848 3627 2920 379,

2082 2953 2139 2997 et
2159 2937 2391 2996 videbis
2414 2956 2587 2995 unam
2614 2955 2741 2994 esse
2764 2933 3121 3010 eandemque
3145 2935 3540 3010 spondeorum
3560 2955 3631 2990 ra-

2083 3027 2323 3086 tionem.
2360 3025 2526 3083 Addo
2549 3045 2621 3083 ex
2645 3023 2801 3082 libro
2818 3037 2978 3078 sexto
3004 3021 3275 3099 exempla
3299 3043 3539 3080 numero
3560 3025 3631 3079 vi-

2083 3117 2231 3193 ginti
2263 3127 2322 3173 et
2366 3134 2546 3173 unum
2601 3136 2614 3171 :
2662 3111 2993 3190 μοχθίζουσιν
3056 3131 3145 3182 17.
3196 3111 3513 3184 κεκληγυίης
3554 3113 3628 3170 50.

2085 3203 2429 3275 ἑστηώτων
2458 3204 2555 3260 82.
2585 3202 2838 3259 οἰωνοῖσιν
2869 3201 2967 3274 98.
2994 3198 3289 3256 ἀκτίνεσσιν
3320 3200 3454 3257 105.
3482 3201 3629 3280 <fv-qh)-

2086 3293 2253 3352 Θεῖσαι
2282 3293 2411 3350 183.
2436 3288 2764 3368 μεσουρανίῳ
2791 3287 3017 3365 δεικήλῳ
3037 3289 3171 3358 237.
3199 3287 3497 3354 εὖνηθεῑσαι
3520 3289 3627 3343 310.

2086 3379 2345 3448 δεικήλοιο
2393 3377 2526 3436 315.
2572 3375 2852 3452 αἰγλήεντα
2889 3377 3024 3446 387.
3069 3373 3345 3452 ἀθρήσειεν
3382 3375 3515 3450 395.
3562 3375 3629 3430 ἶν-

2085 3467 2453 3525 δάλλωνται
2482 3467 2617 3535 406.
2660 3463 2987 3543 μοχθίζοντες
3023 3472 3157 3530 411.
3190 3463 3481 3537 ὀρνίθεσσιν
3518 3463 3626 3528 443.

2086 3553 2498 3620 θεσπίζοντες
2521 3561 2656 3624 474.
2676 3551 3016 3630 φοιόάζοντας
3042 3551 3177 3625 493.
3202 3550 3506 3623 ἠμᾶλδυνεν
3524 3552 3629 3614 564.

2086 3643 2355 3711 ἐπτοίηθεν
2388 3641 2526 3698 603.
2562 3639 2849 3698 Εἰλείθυιαι
2883 3639 3028 3708 733;
3079 3647 3209 3709 741.
3253 3636 3631 3716 διετεκμήραντο

2088 3729 2222 3801 750.
2252 3728 2378 3786 Jam
2398 3739 2584 3806 patet,
2605 3739 2668 3784 ut
2685 3726 2738 3783 11
2757 3727 2893 3797 ,468
2914 3725 3323 3802 μεγαληνορίαις
3346 3727 3619 3804 χαίροντας,

2086 3819 2257 3874 etiam
2290 3816 2364 3873 vl
2382 3860 2398 3887 ,
2426 3815 2501 3890 59
2530 3813 2629 3872 αἴν’
2650 3814 2881 3884 ὄτλησαν
2910 3811 3249 3870 mutandum
3277 3814 3475 3871 fuisse.
3498 3815 3629 3870 Ceto·

2086 3925 2213 3962 rum
2234 3906 2335 3981 qui
2352 3905 2439 3961 vel
2463 3902 2654 3960 obiter
2669 3902 2790 3959 haec
2804 3902 3177 3979 percurrerit,
3194 3901 3371 3958 etiam
3390 3923 3627 3958 versuum

2087 3993 2539 4070 spondiacorum
2568 3990 2804 4048 eandem
2824 4008 2947 4045 esse
2965 3987 3154 4045 tribus
3174 3987 3271 4045 his
3298 3988 3471 4046 libris
3488 3993 3627 4044 ratin-

2088 4099 2215 4138 nem
2263 4081 2503 4137 fateatur
2541 4098 2771 4136 necesse
2814 4090 2916 4135 est.
2950 4075 3205 4133 Verbum
3254 4097 3374 4133 non
3413 4077 3629 4153 amplius

2069 4169 2265 4238 .add0,
2295 4187 2534 4244 sperans
2561 4166 2685 4223 fore
2712 4179 2774 4222 ut
2802 4165 2925 4242 jam
2956 4164 3237 4221 carminis
3267 4185 3340 4221 ex
3370 4167 3463 4222 his
3492 4163 3627 4220 libris·

2087 4257 2397 4333 compositi
2417 4255 2722 4329 integritas
2752 4266 2925 4328 atque
2946 4253 3255 4309 sinceritas
3278 4255 3422 4310 satis
3442 4253 3629 4310 firman

2087 4356 2143 4399 et
2166 4357 2367 4399 contra
2386 4344 2577 4400 varias
2594 4341 3021 4398 dubitationum
3048 4341 3422 4399 incursiones
3446 4342 3627 4396 munita

2088 4429 2378 4489 videatur.

2170 4517 2366 4576 Restat
2390 4531 2455 4577 ut
2491 4519 2755 4593 singulos
2781 4518 2973 4588 loc05,
3006 4517 3065 4572 in
3096 4517 3317 4592 quibus
3348 4538 3379 4574 a
3408 4517 3627 4574 novissi·

2089 4605 2200 4662 mis
2220 4605 2547 4663 editoribus
2572 4604 2957 4663 recedendum
2983 4605 3117 4673 fuit,
3145 4604 3396 4662 indit-em
3414 4649 3431 4675 ‚
3456 4619 3524 4673 et,
3550 4601 3625 4658 ule:

2089 4714 2240 4772 opus
2288 4695 2545 4766 videtur,
2578 4713 2753 4771 quam
2792 4691 3146 4752 brevissime
3196 4691 3534 4769 dijudicem.
3570 4692 3629 4746 lix

2088 4781 2305 4854 literiS‚
2339 4785 2551 4859 quibus
2592 4801 2733 4839 usus
2773 4801 2935 4848 sum,
2978 4781 3027 4836 G
3060 4793 3227 4838 notat
3254 4791 3475 4838 textum
3514 4783 3629 4836 Gru·

2090 4870 2443 4940 novianum,
2482 4871 2525 4925 11
2560 4870 2776 4926 librum
2828 4869 3166 4938 llalensem,
3200 4867 3233 4924 J
3264 4867 3625 4945 apographum

2092 4957 2526 5031 Hamburgeuse
2556 4961 2611 5013 111
2640 4957 2905 5014 «1011111100
2941 4969 3269 5025 servatum,
3316 4955 3369 5011 M
3402 4955 3615 5012 rodim-*x

2090 5046 2410 5104 Mediceum
2429 5091 2443 5112 ‚
2466 5045 2569 5102 ubi
2595 5047 2725 5112 ille,
2750 5046 2911 5121 quod
2932 5064 3065 5101 raro
3096 5045 3305 5101 sactum
3332 5059 3441 5109 est,
3470 5044 3629 5100 dim--

439 5134 660 5184 tanturn
685 5141 834 5198 oct0,
864 5129 925 5185 in
948 5128 1060 5186 hoc
1082 5139 1310 5202 triginta
1341 5134 1572 5200 inveni,
1601 5153 1672 5190 ex
1697 5154 1814 5209 quo
1849 5155 2000 5192 unus
2042 5149 2048 5182 Ι
2092 5155 2209 5192 sam
2244 5155 2277 5190 a
2304 5135 2353 5191 G
2395 5146 2587 5191 tenere
2628 5135 2843 5191 dicitur
2884 5133 3267 5210 scripturam3
3314 5136 3357 5190 Α
3398 5135 3625 5188 Anium.

440 5235 499 5270 v.
541 5215 654 5282 468
692 5215 1085 5273 emendandus
1125 5219 1253 5278 fuit.
1285 5219 1396 5275 Sed
1426 5239 1498 5275 ex
1524 5220 1646 5291 his,
1691 5235 1754 5277 ut
1781 5242 1813 5277 a
1842 5222 1997 5279 libro
2042 5189 2050 5272 1
2094 5223 2139 5279 R
2166 5223 2481 5298 lliglerun1,
2505 5226 2596 5279 ed.
2618 5235 2835 5279 textum
2852 5222 3133 5279 editionis
3150 5221 3226 5278 ab
3246 5219 3621 5294 ambobuspa-
