3767 5825
445 477 627 554 70'

445 714 575 778 dam
596 733 653 778 et
672 718 961 798 perplexae
984 737 1173 793 nugae.
1192 716 1295 774 Ed.
1316 716 1745 794 μεταλλείουσαν,
1770 716 1901 774 cod.
1923 739 2015 792 με·

447 815 905 876 ταλλεύουσαν.-
919 835 951 870 2
965 834 986 870 1
1004 835 1027 871 1
1046 811 1380 880 Εενόὸλυστον
1398 812 1527 871 cod.
1543 831 1616 870 ex
1632 813 2014 872 correctione.

448 947 525 956 —
547 933 655 969 221
682 908 961 992 ἀφυὸρίσοι
985 909 1139 982 cod.,
1164 931 1341 967 -σει
1368 909 1461 966 ed.
1494 943 1563 952 -—
1584 907 2018 985 α46ἀναγκάσοι,

450 1016 566 1086 249
594 1005 936 1086 παρακμάσαι
969 1005 1102 1066 cod.
1131 1037 1213 1049 —
1237 1013 1349 1078 274
1380 1010 1543 1083 μῦρον
1566 1005 1766 1062 codex.
1802 1004 2016 1062 Mirum

448 1102 606 1162 istud
626 1103 812 1174 ἡδονῆς
836 1101 1069 1160 reddidi
1098 1114 1161 1158 ut
1184 1102 1370 1178 potui.
1398 1135 1472 1144 -
1505 1103 1619 1158 310
1650 1099 1892 1176 εὐοσμίαν
1922 1121 2015 1158 eo·

448 1200 561 1256 dex
615 1211 915 1256 correctus
932 1241 947 1268 ,
1007 1197 1165 1274 quod
1220 1196 1588 1256 desiderabat
1650 1196 1890 1255 Wernd.
1941 1229 2022 1242 -

453 1296 565 1353 322
582 1295 758 1374 κτέαρ,
777 1299 1085 1372 opulentia,
1110 1293 1315 1372 στέγος,
1350 1293 1507 1362 σπέος
1545 1308 1727 1353 tentat
1745 1295 2014 1356 Wernsd.

450 1427 527 1436 ——
545 1394 657 1458 344
680 1391 873 1468 μένοις,
894 1392 1015 1448 360
1037 1387 1273 1449 ἑκδιώκοι
1294 1392 1424 1451 cod.
1444 1425 1521 1435 —
1541 1392 1653 1449 365
1678 1389 1772 1461 τὴν
1799 1389 2018 1468 δύναμιν

451 1487 656 1558 codex,
686 1500 924 1546 accentu
971 1505 1213 1565 prorsus
1245 1485 1521 1558 insolito,
1566 1501 1629 1544 ut
1652 1486 1806 1545 haud
1844 1485 2022 1546 dubie

451 1582 826 1642 scribendum
857 1584 935 1640 sit

574 1709 656 1756 καὶ
680 1709 837 1770 θαῦμα
853 1711 998 1756 νικῶν
1014 1708 1099 1765 τὴν
1123 1705 1317 1768 δύναμιν
1336 1710 1432 1755 τῶν
1450 1705 1619 1766 λόγων.

534 1875 612 1939 ΙΝ
651 1873 967 1932 VERMEM
1010 1874 1345 1934 SERICUM
1391 1895 1596 1933 versus
1646 1875 1831 1933 edidit
1868 1875 1922 1934 J.
1955 1876 2020 1934 L.

454 1971 713 2030 {delet-us
735 1971 797 2029 in
824 1969 984 2031 vol.1
1022 1971 1407 2050 Physicorum
1432 1984 1489 2030 et
1518 1971 1667 2030 Med.
1698 1971 1888 2031 Graec.
1911 1973 2022 2030 mi-

454 2086 692 2138 norum,
727 2088 786 2146 p.
820 2067 1027 2143 287-9,
1055 2085 1087 2125 e
1134 2068 1336 2126 codice
1374 2067 1729 2126 Monacensi.
1763 2068 2026 2126 Millerus

454 2164 627 2220 etiam
656 2163 1047 2242 descripserat
1065 2183 1099 2222 e
1126 2161 1464 2222 Florentino
1486 2163 1686 2222 codice
1714 2185 1726 2220 :
1756 2167 1855 2242 qui
1884 2163 2024 2222 libri

454 2262 573 2320 duo
589 2282 833 2340 prorsus
845 2262 1063 2338 gemini
1080 2274 1237 2334 sunt,
1252 2261 1352 2320 sed
1364 2276 1463 2320 aut
1482 2261 1834 2341 typographi
1856 2264 1948 2320 cul
1953 2283 2026 2341 pa

458 2370 557 2416 aut
584 2357 713 2435 ejus
742 2359 845 2435 qui
882 2357 1141 2416 codicem
1176 2371 1547 2430 versaverat,
1578 2357 1864 2416 nonnulla
1886 2378 2026 2437 per-

454 2473 653 2532 peram
697 2473 971 2533 expressa
1000 2453 1276 2530 leguntur
1308 2473 1401 2531 ap.
1441 2453 1672 2525 ldeler.,
1703 2473 1837 2531 quae
1871 2453 2028 2514 haud

455 2551 635 2611 dubie
660 2563 812 2609 recte
830 2549 1047 2609 habent
1070 2551 1133 2608 in
1162 2551 1292 2610 cod.
1320 2550 1675 2610 Monacensi.
1717 2583 1796 2594 -
1824 2553 1924 2628 46,
1954 2559 2023 2625 47

456 2669 576 2707 non
614 2649 753 2707 satis
777 2647 1082 2724 intellig03
1112 2661 1171 2706 et
1205 2647 1421 2706 deserit
1461 2647 1859 2726 apographum
1899 2647 2031 2706 Flo-

456 2745 695 2820 remini,
739 2743 812 2802 ad
832 2763 1067 2802 versum
1111 2745 1185 2812 48
1230 2743 1510 2803 aberrans
1537 2747 1678 2802 ποιεῖ
1702 2744 1805 2824 γὰρ
1843 2743 2029 2811 αὐτοὺς

454 2839 668 2921 ἡγεμὼν
687 2863 793 2902 τετ.

536 3018 637 3086 DE
674 3028 929 3087 VERME
970 3029 1237 3087 SERlCO
1281 3050 1485 3088 versus
1526 3051 1599 3088 ex
1644 3031 1847 3090 codice
1888 3032 2029 3091 Roei

456 3124 728 3201 producti
756 3126 819 3183 in
842 3124 1087 3184 Miscell.
1105 3124 1436 3184 Observatt.
1470 3126 1589 3183 vol.
1614 3126 1721 3199 Vl,
1742 3149 1801 3205 p.
1826 3130 2024 3201 166-7.

458 3220 528 3280 In
558 3221 907 3281 Millerianis
935 3243 1054 3282 non
1077 3223 1221 3283 vidi.
1270 3222 1390 3282 Ubi
1420 3224 1643 3283 codicis
1671 3222 1796 3283 sive
1838 3230 2032 3305 potius

459 3316 785 3396 apographi
808 3317 1050 3378 Amstel.
1080 3320 1427 3398 scripturam
1452 3320 1797 3399 simpliciter
1813 3322 2029 3395 indico,

460 3410 841 3470 Wernsdorfii
885 3412 1210 3470 emendatio
1255 3428 1486 3492 recepta
1519 3428 1624 3473 est.
1678 3450 1759 3460 --
1798 3439 1831 3473 ει
1866 3415 2031 3495 μέγας

1852 485 2244 547 ΜΟΝΙΤΠΜ.

442 623 602 682 παντὶ
624 623 752 702 λίθῳ
772 621 1017 701 σκορπίος
1048 619 1200 694 εὕδει,
1234 621 1515 679 nimirum
1546 619 1831 679 abstrusae
1856 640 2014 698 quae-
2111 619 2502 698 probabiliter
2527 619 2793 680 wernsd.
2817 653 2896 663 -
2924 640 2992 679 ιο
3013 619 3094 696 ,εἰς
3118 619 3370 696 εὗτόμους
3405 619 3580 687 ἕλικας
3613 622 3662 678 ἓ-
3744 611 3745 616 ¹

2108 715 2481 798 σπειραμένην,
2505 717 2590 776 sic
2605 719 2832 775 correxi
2849 737 2979 794 quae
2999 715 3324 774 edebantur
3348 719 3420 782 εἰς
3435 717 3560 774 αὐτὸ
3579 717 3666 793 μὲν
3744 703 3745 764 f

2109 811 2288 888 ξλίκας
2317 815 2459 890 (sic)
2493 813 2851 894 ἐπαραμένην.
2879 812 3164 872 Similiter
3190 815 3254 872 in
3272 817 3498 871 Plan&
3519 835 3578 870 v.
3599 818 3666 870 68
3744 867 3745 896 γ

2106 908 2408 987 legebatur
2431 909 2792 990 ἐσπαραμένος
2810 930 2922 986 pro
2939 907 3342 990 ἕνσπειραμένος
3357 911 3464 991 (sic
3477 912 3669 983 codex,

2108 1025 2226 1064 non
2251 1007 2430 1084 lem).
2457 1040 2536 1050 —
2569 1027 2632 1064 11
2667 1005 2768 1086 γὰρ
2801 1005 2934 1064 dedi
2958 1026 3066 1085 pro
3088 1028 3172 1084 γε.
3201 1037 3282 1052 -
3327 1015 3396 1074 14
3429 1005 3674 1084 συλλέγειν

2109 1102 2318 1180 scripsi
2373 1103 2532 1180 quod
2566 1115 2690 1160 erat
2723 1100 3011 1180 συλλέγων,
3061 1102 3150 1160 sic
3196 1102 3555 1160 intellectum
3607 1102 3674 1160 ab
3744 1111 3745 1152 1

2109 1197 2375 1258 Editore:
2402 1224 2425 1249 α
2451 1197 2523 1256 ad
2545 1197 2730 1256 instar
2749 1197 2991 1276 lapidis,
3009 1198 3116 1256 luti
3137 1200 3678 1258 onerasensimcol-

2109 1295 2364 1372 ligentis.
2403 1322 2428 1348 υ
2467 1329 2539 1338 -
2578 1316 2642 1366 17
2681 1294 2838 1374 βλίσῃ
2869 1295 3000 1353 cod.
3049 1329 3124 1339 —
3155 1317 3227 1372 ¹9
3267 1297 3385 1355 oin
3429 1297 3542 1354 ἀπό
3567 1317 3680 1356 non
3744 1315 3745 1376 ᾗ

2110 1404 2264 1449 recte
2300 1390 2670 1470 productum.
2721 1392 2804 1450 De
2837 1391 3036 1449 eadem
3077 1411 3142 1450 re
3171 1392 3446 1470 loquitur
3471 1413 3594 1472 qua
3621 1397 3678 1452 iu

2111 1488 2470 1567 praecedente
2496 1501 2761 1567 poemate
2807 1510 2862 1546 v.
2901 1489 2974 1546 38
3010 1489 3145 1548 ικαὶ
3177 1489 3556 1570 βουκμᾶνου
3603 1492 3682 1550 κί-
3744 1517 3745 1560 3

2111 1606 2261 1656 νησιν
2286 1585 2506 1650 ἑστῶτος
2541 1583 2713 1664 φέρων
2747 1586 3138 1665 ταλασιουργεῖ.
3175 1585 3252 1644 Ut
3270 1583 3370 1644 hic
3398 1586 3582 1646 facile
3593 1610 3682 1646 eo-
3744 1595 3745 1614 ³

2111 1679 2258 1754 gites
2285 1678 2358 1762 de
2385 1677 2476 1736 καὶ
2497 1676 2593 1750 τὴν
2617 1677 2853 1758 κεφαλὴν
2877 1681 2946 1745 ὡς
2975 1679 3078 1737 ἀπὸ
3103 1677 3299 1758 κρᾶνο
3313 1703 3370 1752 υ,
3400 1682 3532 1739 sive
3557 1680 3686 1740 ὥστε

2115 1775 2423 1856 βουκρᾶνου.
2483 1775 2728 1855 (Κράνον
2753 1777 2826 1834 de
2853 1784 3040 1854 capite
3065 1777 3244 1835 habet
3279 1776 3681 1856 Euanthius.)

2111 1873 2224 1932 Sed
2244 1877 2306 1932 in
2335 1874 2427 1933 his
2445 1894 2536 1932 me
2565 1875 2890 1933 contineam
2923 1889 3185 1954 oportet,
3219 1895 3402 1953 quum
3439 1897 3688 1958 prorsus

2112 1969 2378 2046 ignorem
2416 1989 2545 2046 quae
2573 1970 2651 2026 sit
2681 1969 2895 2047 forma,
2920 1972 3056 2047 quis
3081 1991 3224 2029 usus
3259 1970 3560 2052 βουκροὲνού
3607 1977 3692 2033 in-

2113 2065 2442 2124 strumenti.
2469 2099 2546 2108 —
2571 2086 2646 2141 29
2683 2064 2994 2147 ὑποληφθεὶς
3038 2067 3169 2126 cod.
3209 2101 3290 2112 ——
3321 2068 3392 2124 31
3432 2071 3608 2148 χωνοῖ
3643 2085 3692 2127 et

2111 2160 2436 2227 πιλνιθὲντας
2493 2161 2620 2220 cod.
2681 2195 2759 2204 -—
2813 2163 2885 2235 37
2953 2161 3373 2240 ἐγκοσμούμενος
3424 2165 3576 2223 cod.
3621 2201 3692 2211 --

2117 2259 2191 2317 38
2204 2259 2477 2338 προσηνῶς
2489 2257 2711 2336 scripsi;
2726 2256 2854 2336 πρὸς
2865 2262 3006 2334 ἡμᾶς
3025 2259 3156 2317 cod.
3176 2269 3343 2329 —40
3357 2258 3535 2340 φίλων
3557 2263 3694 2322 cod.

2113 2389 2194 2402 --
2226 2357 2298 2426 43
2329 2360 2400 2423 ὥς
2425 2355 2525 2413 ὑπὸ
2565 2358 2738 2436 λῃστῇ
2768 2359 2843 2435 τῷ
2867 2362 2956 2436 φθ.
2988 2355 3201 2416 πάντων
3225 2359 3432 2440 φθόριον
3477 2361 3692 2422 codex.

2114 2452 2326 2510 Philen
2351 2453 2502 2531 sapit
2530 2451 2913 2510 Wernsdorfii
2958 2453 3248 2511 restitutio
3277 2453 3381 2533 (ut
3419 2454 3592 2516 Mors
3623 2462 3696 2516 sit

2113 2551 2280 2629 quasi
2303 2547 2660 2630 ἀρχιλῃστήξ)
2691 2569 2866 2626 quam
2888 2551 3107 2630 recepi3
3137 2551 3316 2610 malui
3337 2565 3538 2613 tamen
3563 2557 3700 2613 πιέν-

2113 2669 2217 2704 των
2246 2645 2419 2727 φθόρῳ
2468 2646 2594 2704 sive
2644 2645 2985 2726 παντοφθόρῳ
3041 2667 3162 2726 prae
3207 2647 3450 2724 vulgato
3511 2678 3538 2700 «ι
3599 2655 3700 2730 qui

2115 2747 2316 2803 omnia
2353 2745 2574 2826 caduca
2619 2757 2832 2816 vastat,
2883 2770 2907 2796 ν
2961 2745 3257 2821 quomodo
3301 2747 3569 2824 explicat
3621 2757 3700 2828 φῆ.

2116 2843 2328 2900 πάντων
2357 2841 2582 2923 φθόρων.

2199 3034 2298 3091 DE
2325 3032 2814 3092 VULTURlBUS
2849 3054 2922 3091 ex
2957 3033 3289 3093 Monacensi
3328 3036 3468 3095 cod.
3517 3040 3706 3099 edidit

2118 3130 2326 3191 ldeler.
2359 3132 2397 3189 l.
2427 3152 2480 3189 c.
2525 3152 2586 3211 p.
2617 3132 2731 3188 285
2768 3153 2782 3188 :
2819 3126 3044 3211 Ἔφοδος
3071 3130 3193 3212 περὶ
3225 3136 3433 3209 γυπῶν,
3468 3136 3514 3197 ἰ.
3537 3158 3598 3200 ε.
3649 3142 3706 3198 ni

2121 3228 2311 3299 fallor,
2356 3229 2632 3285 introitus
2672 3241 2731 3285 et
2757 3228 3108 3303 prooemium
3140 3248 3174 3285 a
3201 3229 3556 3292 vulturibus
3597 3234 3704 3293 du·

2118 3336 2311 3395 ctum;
2337 3334 2400 3381 ut
2423 3341 2632 3401 poema
2655 3323 2848 3401 ipsum
2886 3322 3162 3382 librarius
3185 3326 3482 3385 omiserit.
3517 3330 3610 3387 De
3647 3351 3706 3388 re

2121 3419 2378 3477 AElianus
2399 3417 2472 3478 N.
2504 3419 2575 3479 Α.
2605 3440 2630 3475 1
2646 3439 2699 3495 1,
2721 3440 2772 3479 c.
2801 3422 2896 3487 46.
2918 3418 3143 3479 vitiose
3161 3420 3449 3480 edebatur
3467 3444 3656 3485 versu
3673 3429 3708 3485 6
3744 3408 3745 3413 ἵ

462 3506 590 3565 cod.
633 3541 711 3551 -
737 3530 767 3579 7
796 3506 1177 3589 ἐπιτρέπουσαν
1200 3510 1333 3582 ἀκὴν
1364 3511 1491 3570 cod.
1520 3510 1706 3569 Etiam
1729 3518 1818 3571 τοῦ
1836 3513 2027 3595 χρόνου
2121 3512 2493 3591 κατ-αλλήλων,
2514 3515 2549 3572 8
2577 3512 2707 3594 πρὸς
2726 3519 2928 3596 σφαγῆς
2944 3560 2961 3589 ‚
2988 3535 3027 3591 9
3061 3510 3242 3595 ὥσπερ
3269 3517 3456 3580 πόλιν.

2907 3746 3014 3805 Fa.
3043 3731 3371 3807 DUBNER.
