3767 5825
1223 367 1626 427 THEOCRITI
1670 364 2035 426 1DYLL10N
2078 366 2181 424 XI.
3232 370 3299 420 23

630 520 1124 602 ΚΥΚΛΩΨ.

645 703 981 751 ΕΙΔΥΔΔΙΟΝ
1023 702 1103 748 1A'
1111 735 1124 748 .

145 834 283 906 Οὖόὲν
309 840 500 902 ποττὸν
523 838 692 919 ἔρωτα
717 836 936 917 πεφύκει
963 834 1238 916 φάρμακον
1265 835 1417 906 ἄλλο,

147 932 304 1003 Νικίαι,
326 928 432 989 οὔτ’
460 928 751 1007 ἔγχριστον,
777 924 890 1000 ἐ’μιν
921 925 1084 997 δοκεῖ,
1111 921 1216 982 οὔτ’
1241 922 1549 993 ἔπίπαστον,

147 1019 174 1089 ἢ
194 1042 270 1076 ται
295 1016 558 1096 Πιερίδες·
581 1016 770 1093 κοῦφον
793 1010 926 1070 δέτι
952 1017 1104 1070 τοῦτο
1126 1010 1217 1069 καὶ
1241 1008 1336 1067 ἆδύ

149 1105 275 1184 γίνετ’
297 1107 377 1163 ἐπ’
399 1106 494 1161 ἀνθ
573 1123 714 1175 ποις,
741 1102 907 1179 εὑρεῖν
931 1098 976 1157 δ’
998 1100 1056 1158 οὔ
1087 1095 1314 1179 ῥάδιόν’
1290 1118 1414 1155 εντι.

115 1216 132 1251 ⁵
149 1192 384 1271 γινώσκειν
407 1191 453 1249 δ’
481 1124 634 1267 οςωμαί
657 1212 720 1247 τυ
746 1188 952 1253 καλῶς’
938 1184 1108 1265 ιατρὸν
1137 1184 1289 1244 ἐόντα

151 1280 222 1339 καὶ
244 1287 349 1345 ταῖς
373 1276 520 1337 ἐννέα
552 1272 616 1346 δὴ
638 1273 985 1354 πεφιλαμένον
1015 1272 1168 1352 ἔξοχα
1195 1269 1433 1338 Μοίσαις.

153 1368 262 1427 οὕτω
279 1372 398 1445 γοῦν
432 1364 619 1446 ῥάιστα
649 1361 782 1440 δι’ἅγ’
805 1365 835 1420 ὁ
865 1358 1096 1441 Κύκλωψ
1119 1364 1147 1418 ὁ
1176 1358 1301 1439 παρ’
1334 1358 1476 1434 ἁμῖν,

151 1457 347 1538 ὦρχαῖος
368 1452 716 1535 Πολύφαμος,
743 1448 872 1509 ὅκ”’
837 1472 1005 1530 ηρατο
1026 1458 1122 1516 τᾶς
1146 1446 1464 1519 Γαλατείας,

153 1543 252 1625 ἄρτι
277 1541 582 1621 γενειάσδων
599 1562 721 1618 περι
743 1536 802 1595 τὸ
831 1533 1002 1613 στόμα
1029 1534 1128 1603 τὼς
1148 1534 1418 1614 κροτάφως
1437 1555 1496 1590 τε

101 1650 136 1687 lu
150 1630 348 1711 ἦρστοῖ
373 1632 432 1687 οὗ
464 1627 647 1707 μάλοις
674 1624 790 1685 οὐδὲ
817 1624 952 1705 ῥόδῳ
985 1623 1101 1681 οὗδὲ
1125 1622 1396 1698 κικίννοις,

155 1717 246 1776 ἀλλ’
265 1720 428 1797 ὀρθαῖς
451 1716 687 1793 μανίαις,
713 1714 888 1791 ἁγεῖτο
911 1710 966 1769 δὲ
989 1710 1160 1769 πάντα
1183 1710 1440 1788 πάρεργα.

156 1803 356 1863 πολλάκι
379 1802 468 1861 ται
483 1800 587 1869 ὅιες
605 1799 728 1861 ποτὶ
753 1799 970 1859 τωῦλιον
995 1798 1148 1856 αὐταὶ
1171 1801 1400 1869 ἀπηνθον

153 1896 336 1973 χλωρᾶς
361 1895 420 1951 ἐκ
451 1888 687 1971 βοτάνας·
708 1892 737 1947 ὁ
758 1886 814 1947 δὲ
839 1886 934 1947 τὰν
962 1885 1255 1947 Γαλάτειαν
1285 1884 1466 1945 ἀείδων

99 2084 134 2121 ¹³
153 2068 194 2137 ἐξ
216 2072 352 2139 ἀῶς,
375 2066 610 2146 ἔχθιστον
643 2063 778 2143 ἔχων
800 2063 1110 2143 ὑποκάρδιον
1135 2062 1281 2129 ἕλκος

154 2156 391 2237 Κύπριδος
417 2156 478 2214 ἐκ
501 2153 766 2232 μεγάλας,
793 2150 856 2211 τό
877 2155 924 2210 οἱ
945 2151 1112 2223 ἥπατι
1137 2148 1268 2217 παξε
1301 2150 1564 2229 βέλεμνον.

155 2242 270 2301 ἀλλα
295 2265 356 2300 το
379 2241 654 2347 φάρμακον
679 2230 828 2319 εἶρε,
852 2238 1189 2315 καθεζόμενος
1217 2238 1261 2295 δ’
1287 2236 1375 2296 ἐπὶ
1399 2234 1591 2318 πέτρας

157 2333 334 2435 irin-13<
359 2333 408 2397 ἐς
429 2328 618 2387 πόντον
643 2331 775 2408 ὁρῶν
804 2326 942 2385 ἄειδε
969 2330 1203 2385 τοιαῦτα.

221 2444 259 2485 ω
285 2415 443 2477 λευκὰ
472 2414 762 2487 Γαλάτεια,
789 2413 841 2471 τί
866 2413 953 2472 τὸν
981 2411 1200 2495 φιλέοντ’
1224 2409 1528 2523 απρὸάλλγη

97 2528 138 2565 au
156 2505 411 2588 λευκοτέρα
430 2513 636 2569 πακτᾶς
661 2504 910 2578 ποτιδεῖν,
933 2499 1249 2580 ἁπαλωτέρα
1278 2498 1459 2581 ἀρνός,

159 2592 321 2673 μόσχω
345 2590 665 2704 γαυροτέρα,
695 2588 988 2669 φιαρωτέρα
1013 2588 1249 2668 ὄμφακος
1273 2590 1441 2665 ὠμᾶς.

157 2686 314 2761 φοιτῇς
333 2682 380 2739 δ’
409 2678 522 2739 αυθ’
541 2681 710 2744 οὖτῶς
723 2722 740 2749 ,
761 2676 893 2736 ὅκκα
915 2676 1102 2754 γλυκὺς
1125 2674 1282 2743 ὕπνος
1311 2674 1408 2755 ἔχῃ
1438 2697 1531 2753 με,

157 2768 260 2849 οἴχῃ
286 2770 330 2827 δ’
353 2769 502 2834 εὗθὺς
529 2766 668 2839 ἷοῖσ’,
691 2764 819 2825 ὅκκα
842 2763 1031 2843 γλυκὺς
1055 2764 1210 2830 ὕπνος
1231 2766 1330 2844 ἀνῇ
1360 2786 1454 2842 με,

157 2854 337 2934 φεύγεις
363 2856 408 2914 δ’
431 2852 604 2934 ὥςπερ
635 2853 709 2921 ὄις
735 2849 916 2911 πολιὸν
945 2851 1100 2910 λύκον
1132 2850 1425 2931 ἀθρήσασα.

97 2962 136 3002 κ
156 2943 370 3020 ἠράσθην
405 2941 498 3020 μὲν
523 2941 696 3020 ἔγωγα
723 2945 892 3015 τεοῦς,
924 2938 1084 3019 κόρα,
1115 2938 1270 2997 ἁνίκα
1289 2947 1484 3020 πρᾶτον

156 3020 284 3100 ἔνθες
309 3032 414 3109 ἐμᾷ
441 3027 534 3088 σὺν
563 3027 724 3107 ματρὶ
745 3026 932 3084 θέλοισ’
953 3025 1219 3084 ὕακίνθινα
1247 3025 1418 3106 φύλλα

155 3114 202 3183 ἐξ
225 3115 358 3196 ὄρεος
379 3113 694 3195 δρέψασθαι,
722 3112 838 3192 ἐγὼ»
852 3114 899 3171 δ’
927 3113 1045 3171 ὁδὸν
1069 3112 1400 3191 ἇγεμόνευον.

155 3205 442 3264 παύσασθαι
469 3205 515 3262 δ’
545 3199 720 3270 ἐςιδών
741 3226 803 3260 τυ
837 3201 926 3260 καὶ
953 3201 1166 3282 ὕστερον
1193 3200 1312 3261 οὐδέ
1333 3200 1384 3260 τί
1410 3225 1486 3282 πᾳ
1513 3205 1603 3258 νῦν

157 3294 208 3350 ἐκ
229 3292 366 3364 τήνω
394 3291 648 3368 δύναμαι·
677 3290 756 3348 τὶν
785 3291 833 3348 δ’
857 3291 912 3348 οὗ
942 3288 1090 3366 μέλει
1110 3292 1170 3349 οὗ
1194 3287 1270 3367 μὰ
1293 3289 1374 3350 Δί’
1399 3287 1562 3350 οὐδέν.

99 3407 140 3445 m
156 3380 404 3456 γινώσκω,
431 3377 692 3458 χαρίεσσα
715 3377 845 3458 κόρα
860 3421 878 3454 ,
907 3377 1042 3444 τίνος
1070 3377 1256 3436 οὔνεκα
1281 3376 1480 3458 φεύγεις
1495 3398 1509 3413 ·

155 3466 326 3525 οὕνεκά
361 3489 450 3543 μοι
479 3463 638 3523 λασία
664 3463 758 3540 μὲν
781 3463 936 3546 ὀφρὺς
962 3463 1050 3523 ἐπὶ
1077 3465 1238 3524 παντὶ
1257 3462 1486 3544 μετώπῳ

157 3554 248 3621 ἐξ’
221 3555 348 3621 ωτὸς
378 3552 590 3612 τεταται
616 3551 738 3610 ποτὶ
767 3551 986 3632 θῶτερον
1013 3541 1084 3618 ὦς
1111 3551 1206 3628 μία
1237 3551 1445 3631 μακρά,

155 3633 218 3708 εἷς
240 3642 284 3698 δ’
309 3637 633 3754 &Omlnes-'¹'
603 3661 810 3714 επεστι,
843 3640 1067 3696 πλατεῖα
1097 3637 1152 3696 δὲ
1182 3637 1255 3718 ῥις
1279 3638 1366 3697 ἐπὶ
1397 3638 1580 3718 χείλει.

157 3729 258 3786 ἀλλ’
279 3729 440 3794 ωυτὸς
471 3732 693 3792 τοιοῦτος
723 3725 820 3784 ἐὼν
853 3725 983 3805 βοτὰ
1008 3726 1156 3804 χίλια
1181 3724 1386 3803 βόσκω,

97 3840 137 3880 ³5
157 3819 251 3886 κήκ
273 3815 472 3876 τούτων
493 3837 555 3874 το
580 3813 854 3893 κράτιστον
879 3812 1230 3890 ἀμελγόμενος
1256 3813 1395 3891 γάλα
1412 3811 1564 3872 πίνω·

157 3925 294 3980 rupo<
319 3903 366 3962 δ’
389 3905 450 3962 οὗ
475 3901 646 3960 λείπει
669 3901 728 3978 μ’
753 3898 860 3960 οὔτ’
885 3903 940 3958 ἐν
963 3899 1097 3982 θέρει
1119 3900 1224 3960 οὔτ’
1254 3905 1306 3960 ἐν
1335 3899 1542 3980 ὀπώρα,

159 3993 207 4048 οὐ
231 3995 490 4070 χειμῶνος
517 3990 685 4071 ἄκρω·
713 3989 898 4071 ταρσοὶ
933 3989 978 4046 δ’
1009 3989 1322 4102 ὑπεραχθέες
1349 3989 1469 4049 αἰεί.

159 4081 386 4156 συρίσδεν
413 4078 460 4136 δ’
482 4081 552 4145 ὡς
578 4075 714 4144 οὔτις
741 4075 1029 4153 επίσταμαι
1049 4069 1150 4135 ωδε
1176 4073 1508 4148 Κυκλώπων,

158 4165 246 4236 τίν,
275 4166 336 4224 τὸ
359 4163 508 4246 φίλον
530 4162 888 4241 γλυκύμαλον,
925 4163 1039 4240 ἁμα
1066 4161 1336 4241 κήμαυτὸν
1363 4162 1546 4222 ἀείδων

96 4281 140 4316 «o
157 4251 376 4310 πολλάκι
397 4249 579 4318 νυκτὸς
607 4248 756 4330 ἀωρί.
786 4248 958 4329 τρέφω
979 4247 1035 4306 δέ
1060 4271 1140 4307 τοι
1167 4248 1348 4308 ἕνδεκα
1379 4249 1572 4327 νεὸρώς

157 4339 322 4406 πάσας
351 4337 718 4419 μαννοφόρως,
741 4336 834 4395 καὶ
861 4335 1102 4414 σκύμνως
1127 4335 1384 4418 τέσσαρας
1405 4336 1624 4417 ἄρκτων.

161 4425 266 4484 ἄλλ’
295 4426 482 4506 ἀφίκευ
503 4424 567 4485 τὺ
593 4428 728 4486 ποθ’·
743 4423 874 4502 ἁμέ,
901 4423 994 4483 καὶ
1015 4423 1142 4492 ἑξεῖς
1164 4421 1307 4483 οὐδὲν
1337 4423 1576 4498 ἔλασσον,

162 4511 250 4568 τὰν
275 4511 516 4590 γλαυκὰν
541 4513 596 4571 δὲ
615 4513 886 4571 θάλασσαν
907 4509 970 4570 ἔα
994 4512 1118 4570 ποτὶ
1137 4510 1328 4592 χέρσον
1355 4514 1600 4592 ὀρεχθεῖν.

164 4601 296 4658 ἅδιον
329 4604 387 4659 ἐν
412 4601 626 4682 τῶντρῳ
649 4600 774 4679 παρ’
805 4599 920 4674 ἐμὶν
947 4598 1042 4657 τὰν
1069 4599 1230 4658 νύκτα
1261 4598 1470 4668 διαξεῖς·

99 4715 142 4750 43
165 4686 262 4744 ἕντι
285 4687 479 4769 δάφναι
504 4694 681 4766 τηνεῖ,
706 4687 812 4745 ἔντι
836 4685 1038 4767 ῥαδιναὶ
1064 4684 1404 4765 κυπάρισσοι,

167 4771 263 4830 ἕντι
297 4773 462 4850 μέλας
482 4771 688 4846 κισσός,
711 4771 809 4832 ἔντ’
840 4773 1068 4850 ἄμπελος
1093 4773 1128 4830 ἁ
1153 4773 1518 4854 γλυκύκαρπος
1533 4819 1549 4845 ,

167 4859 262 4918 ἔπι
284 4861 488 4942 ψυχρὸν
511 4860 653 4942 ὕδωρ
667 4907 684 4935 ,
711 4860 770 4920 τό
791 4883 879 4938 μοι
907 4861 942 4918 ἁ
969 4858 1328 4940 πολυδένδριος
1349 4860 1516 4920 Αἴτνα

166 4948 344 5016 λευκᾶς
379 4952 445 5008 ἐκ
469 4947 640 5028 χιόνος
661 4946 820 5006 ποτὸν
848 4945 1133 5026 ἀμὸρόσιον
1162 4943 1392 5026 προίητι.

165 5036 236 5103 τίς
260 5038 360 5096 κᾶν
389 5039 554 5096 τῶνδε
581 5037 848 5095 θάλασσαν
876 5035 1014 5116 ἔχειν
1039 5035 1074 5107 ἢ
1107 5035 1300 5112 κύμαθ’
1327 5033 1516 5094 ἕλοιτο·

102 5151 148 5189 ω
171 5127 220 5181 αἶ
241 5125 298 5184 δέ
321 5148 406 5184 τοι
439 5126 590 5191 αὖτὸς
613 5123 716 5200 ἐγὼ
743 5122 908 5182 δοκέω
927 5122 1238 5204 λασιώτερος
1265 5117 1416 5200 ἦμεν,

2260 484 2772 613 CYCL'OPS.

2278 699 2629 756 lDYLLlON
2663 700 2767 758 XI.

1761 849 1958 901 Nullum
1976 848 2151 899 amoris
2166 849 2325 898 exstat
2342 847 2605 897 remedium
2624 845 2757 895 aliud
2772 882 2787 907 ,
2928 910 2930 912 ι

1758 938 1891 988 Nicia
1902 974 1917 1000 ,
1936 949 2094 999 neque
2110 935 2243 999 quod
2258 935 2423 998 inungi
2440 934 2610 998 possit,
2633 936 2696 983 ut
2722 932 2841 983 mihi
2865 929 3074 995 videtur,
3093 943 3249 994 neque

1759 1024 1891 1087 quod
1907 1024 2119 1087 adspergi
2131 1022 2167 1086 ,]
2194 1022 2285 1072 nisi
2312 1025 2490 1084 Musae3
2508 1022 2711 1085 leneque
2736 1020 2831 1069 hoc
2847 1020 2896 1069 et
2910 1017 3189 1081 jucundum

1760 1115 1833 1163 est
1857 1113 1909 1162 in
1932 1113 2167 1175 potestate
2187 1111 2437 1161 hominum
2451 1146 2468 1173 ,
2483 1109 2684 1159 inventu
2708 1112 2871 1157 autem
2894 1107 3031 1157 t'acile
3047 1121 3143 1158 non
3162 1111 3248 1159 est.

1761 1214 1900 1251 nosse
1916 1200 1975 1249 td
1996 1201 2115 1263 puto
2130 1201 2181 1249 te
2195 1198 2345 1261 probe
2356 1235 2371 1261 ,
2390 1197 2607 1247 medicus
2624 1210 2776 1260 quum
2794 1195 2884 1258 sie,

1761 1290 1812 1337 et
1827 1298 2003 1337 novem
2028 1300 2142 1337 sane
2163 1286 2337 1337 eximie
2352 1284 2557 1335 dilectus
2582 1283 2745 1333 Musis,

1763 1374 1832 1427 sic
1855 1374 2050 1437 quidem
2069 1370 2453 1423 commodissime
2468 1370 2669 1434 degebat
2688 1371 2891 1434 Cyclops
2912 1372 3123 1431 nostras,

1763 1462 1992 1524 antiquus
2015 1461 2097 1521 ille
2114 1460 2435 1523 Polyphemus
2446 1496 2461 1522 ,
2480 1472 2633 1523 quum
2650 1458 2844 1509 amabat
2860 1458 3105 1508 Galateam
3118 1493 3133 1520 ,

1765 1547 1911 1597 modo
1928 1548 2189 1611 pubescens
2205 1546 2331 1595 circa
2346 1559 2401 1596 os
2425 1547 2475 1596 et
2498 1548 2734 1609 tempora.

1765 1636 1960 1688 amabat
1980 1638 2142 1685 autem
2162 1648 2261 1684 non
2278 1634 2415 1684 malis
2432 1646 2590 1697 neque
2606 1647 2714 1684 rosa
2734 1646 2893 1697 neque
2908 1633 3137 1684 cincinnss
3148 1670 3163 1697 ,

1767 1725 1851 1776 sed
1867 1725 2012 1775 nullis
2020 1723 2300 1787 ambagibus
2316 1724 2483 1773 utente
2499 1724 2679 1787 furore,
2699 1722 2999 1787 ducebatque
3011 1722 3171 1773 omnia
3188 1725 3318 1787 post-
3338 1718 3343 1723 ’
3376 1696 3386 1712 ²

1768 1810 2025 1876 bahenda.]
2043 1825 2171 1875 saepe
2190 1826 2305 1861 oves
2321 1811 2382 1860 ad
2399 1810 2525 1861 ovile
2542 1811 2658 1875 ipsae
2673 1810 2920 1875 redierunt

1770 1900 1911 1951 viridi
1928 1914 1991 1950 ex
2006 1900 2245 1963 gramine3
2264 1899 2347 1949 ille
2372 1901 2535 1949 autem
2557 1898 2804 1949 Galateam
2824 1902 2967 1949 cantu
2991 1898 3235 1949 celebrans

1771 1989 1872 2053 ipse
1888 1989 1907 2052 (
1916 1988 2079 2051 solus)
2098 1988 2150 2037 in
2174 1988 2313 2037 litore
2327 1986 2489 2049 algoso
2506 1985 2868 2036 contabescebat
3302 1976 3305 1979 ’

1771 2076 1884 2127 inde
1900 2076 1963 2126 ab
1979 2088 2170 2138 aurora,
2186 2074 2542 2125 infestissimum
2559 2073 2740 2123 babens
2756 2074 2847 2123 sub
2863 2068 3057 2137 pectore
3074 2074 3252 2125 vubms
3343 2134 3349 2143 ,

1773 2168 1959 2215 Venere
1970 2177 2033 2214 ex
2046 2163 2259 2227 potenti,
2276 2162 2406 2227 quod
2426 2162 2613 2212 vulnus
2630 2162 2675 2211 ei
2688 2162 2737 2211 in
2756 2163 2925 2225 hepate
2938 2163 3161 2213 infixerat
3175 2163 3329 2214 telum

1775 2252 1964 2316 illius.]
1978 2251 2062 2303 sed
2084 2250 2349 2301 remedium
2365 2250 2549 2300 invenit
2560 2286 2577 2312 ,
2594 2249 2859 2313 sedensque
2874 2251 2925 2299 in
2943 2264 3063 2313 rupe

1775 2342 2001 2405 praecelsa
2013 2377 2027 2403 ,
2046 2340 2097 2389 in
2116 2353 2250 2389 mare
2275 2340 2583 2403 prospectans
2594 2374 2610 2401 ,
2628 2338 2743 2388 talia
2760 2338 2977 2388 canebat.

1837 2444 1868 2479 o
1892 2427 2095 2478 candida
2112 2426 2334 2489 Galatea,
2352 2426 2468 2489 quid
2494 2428 2736 2476 amantem
2753 2440 2783 2475 a
2798 2428 2849 2475 te
2869 2426 3054 2488 rejicis?

1777 2516 2023 2567 candidior
2038 2516 2166 2566 lacte
2188 2518 2357 2565 coacto
2382 2514 2637 2577 adspectu,
2664 2514 2871 2563 tenerior
2889 2529 3038 2577 agno,
3120 2542 3125 2547 ·

1775 2606 1929 2655 vitulo
1954 2603 2189 2666 lascivior,
2208 2602 2498 2665 splendidior
2514 2614 2612 2651 uva
2626 2602 2901 2651 immatura.

1776 2694 1913 2743 venis
1935 2692 2006 2742 sic
2021 2692 2121 2741 buc
2131 2728 2145 2753 ,
2166 2704 2321 2753 quum
2338 2689 2492 2740 dulcis
2508 2702 2705 2739 somnus
2729 2703 2809 2739 me
2824 2691 2981 2752 tenet,

1777 2782 1880 2831 abis
1900 2780 2061 2841 statim
2074 2818 2089 2843 ,
2117 2791 2270 2841 quum
2293 2778 2449 2827 dulcis
2464 2790 2661 2827 somnus
2676 2790 2756 2827 me
2767 2776 3019 2840 relinquit,

1779 2868 1996 2933 mgisque
2012 2867 2137 2918 sicut
2153 2866 2259 2916 ovis
2276 2879 2451 2915 canum
2466 2864 2638 2928 lupum
2664 2865 2952 2928 conspicata.

1779 2969 1943 3008 amore
1959 2969 2045 3019 ego
2071 2957 2239 3018 captus
2255 2967 2365 3004 sum
2386 2955 2486 3015 tui,
2509 2953 2698 3016 puella,
2725 2965 2881 3017 quum
2906 2953 3119 3016 primum

1779 3043 1951 3094 venisti
1976 3055 2085 3093 mea
2110 3055 2225 3092 cum
2242 3045 2397 3091 matre
2411 3080 2426 3104 ,
2446 3041 2503 3090 ut
2517 3040 2825 3102 hyacinthina
2841 3040 2955 3090 solia

1781 3145 1844 3182 ex
1868 3133 2036 3182 monte
2050 3131 2329 3192 decer-peres
2339 3166 2355 3192 ,
2374 3131 2521 3191 atque
2546 3141 2633 3190 ego
2649 3126 2743 3178 viae
2761 3127 2862 3178 dux
2880 3141 3030 3177 eram.

1783 3219 1997 3269 desinere
2017 3220 2180 3268 autem
2193 3255 2209 3280 ,
2228 3217 2313 3266 ubi
2336 3219 2386 3267 te
2401 3217 2500 3266 vidi
2512 3253 2527 3278 ,
2546 3217 2597 3266 et
2620 3217 2787 3278 postea
2812 3218 2864 3266 et
2878 3229 2941 3266 ne
2960 3229 3093 3265 nunc
3113 3217 3309 3279 quidem

1783 3307 1844 3357 ab
1858 3307 1941 3357 illo
1958 3309 2179 3369 tempore
2195 3317 2417 3369 possum;
2440 3307 2499 3354 tu
2510 3318 2626 3354 vero
2644 3317 2742 3353 non
2760 3317 2900 3353 curas
2911 3341 2925 3366 ,
2940 3317 3025 3366 per
3037 3309 3227 3367 Jovem,
3244 3319 3341 3354 nou

1784 3394 2065 3458 tantillum]
2091 3394 2189 3443 scio
2202 3431 2215 3456 ,
2241 3394 2451 3443 formosa
2465 3392 2644 3455 puella,
2664 3390 2813 3454 q‘uam
2838 3391 2903 3440 ob
2917 3404 3020 3441 rem
3037 3403 3117 3440 me
3144 3391 3297 3454 fugias
3327 3411 3339 3443 z

1786 3482 1917 3546 quod
1941 3481 2059 3532 mihi
2083 3481 2321 3531 hirsutum
2339 3479 2647 3542 supercilium
2666 3492 2749 3542 per
2768 3481 2920 3529 totam
2944 3479 3150 3528 frontem
3184 3477 3313 3542 [gum
3326 3515 3342 3540 ‚

1786 3572 1848 3621 ab
1869 3583 1985 3620 aure
2001 3571 2151 3619 altera
2178 3571 2457 3631 protensum
2474 3570 2547 3616 est
2563 3565 2627 3615 ad
2642 3567 2841 3615 alteram
2860 3579 3043 3615 aurem
3060 3579 3211 3615 unum
3235 3567 3341 3615 lon·

1789 3662 2008 3712 unusque
2024 3647 2195 3698 oculus
2201 3647 2378 3709 fronti
2394 3647 2519 3694 inest
2528 3681 2543 3708 ,
2564 3647 2613 3694 et
2634 3644 2763 3694 latus
2778 3657 2923 3694 nasus
2938 3657 3083 3708 supra
3104 3645 3312 3695 labrum.

1787 3749 1960 3785 verum
1982 3748 2069 3798 ego
2086 3734 2213 3784 idem
2226 3771 2243 3797 ,
2262 3733 2345 3796 qui
2363 3733 2471 3782 talis
2488 3745 2597 3782 sum
2610 3768 2625 3792 ,
2646 3745 2761 3781 oves
2782 3731 2913 3780 mille
2928 3745 3099 3794 pasco,

1789 3827 1922 3873 etex
1944 3823 2017 3872 his
2040 3824 2115 3872 lac
2132 3822 2398 3885 optimum,
2423 3819 2556 3883 quod
2575 3819 2692 3870 mihi
2720 3819 2934 3882 mulgeo,
2956 3819 3097 3881 bibo;

1791 3925 1955 3964 caseus
1974 3925 2069 3961 non
2094 3910 2256 3961 deficit
2280 3923 2361 3959 me
2380 3922 2537 3972 neque
2554 3910 2721 3957 aestate
2742 3921 2899 3970 neque
2916 3911 3177 3957 auctumno
3188 3944 3205 3970 ,
3390 3962 3400 3980 ί

1791 4013 1888 4049 ιιοιι
1912 4000 2068 4049 hieme
2084 4011 2298 4059 summa3
2315 3997 2601 4060 fiscellaeque
2617 3997 2745 4046 suut
2760 4007 2946 4058 semper
2964 3999 3285 4058 praegravatae.
3338 3979 3343 3982 ’

1793 4088 1954 4138 fistula
1970 4099 2139 4148 canere
2159 4088 2213 4134 ut
2229 4084 2395 4134 nullus
2416 4083 2497 4132 hic
2514 4082 2781 4146 cyclopum
2798 4082 2897 4131 scio
2908 4118 2925 4144 ,

1794 4179 1842 4225 te
1855 4213 1868 4236 ,
1889 4189 1920 4224 o
1938 4187 2101 4225 carum
2119 4186 2319 4236 pomum
2335 4170 2503 4234 dulce,
2522 4170 2665 4220 simul
2684 4172 2732 4220 et
2748 4183 2828 4219 me
2850 4171 2994 4218 cantu
3016 4170 3260 4220 celebrans

1794 4276 1920 4325 saepe
1938 4265 2081 4311 nocte
2096 4260 2395 4322 intempesta.
2416 4258 2494 4308 alo
2511 4257 2599 4308 tibi
2616 4256 2841 4334 undecim
2859 4258 3105 4320 capreolos
3116 4293 3131 4320 ,
3348 4237 3355 4243 ⁵

1797 4363 1965 4400 omnoe
1991 4349 2250 4398 monilibus
2266 4349 2459 4396 ornatos
2470 4383 2485 4410 ,
2505 4348 2555 4396 et
2571 4346 2757 4396 catulos
2774 4347 3002 4408 quattuor
3018 4357 3253 4394 ursarum.

1795 4451 1880 4500 age
1901 4436 2011 4486 veni
2028 4438 2085 4485 tu
2106 4435 2171 4484 ad
2185 4447 2274 4484 nos
2285 4470 2301 4497 ,
2320 4447 2477 4496 neque
2493 4431 2728 4493 deteriore
2740 4431 2834 4480 eris
2850 4431 3129 4480 condicione
3139 4469 3154 4493 ,

1796 4525 2119 4588 glaucumque
2133 4534 2267 4572 mare
2287 4521 2391 4572 sine
2408 4520 2468 4569 ad
2486 4519 2601 4569 litus
2618 4518 2951 4568 intumescere.

1798 4611 1995 4660 suavius
2010 4611 2059 4658 in
2082 4611 2221 4658 antro
2238 4608 2367 4671 apud
2388 4621 2467 4657 me
2482 4608 2674 4656 noctem
2698 4605 2956 4668 transiges3

1798 4700 1913 4747 sunt
1928 4697 2051 4747 lauri
2076 4695 2143 4746 ibi
2154 4733 2170 4758 ‚
2188 4698 2302 4745 sunt
2320 4707 2526 4757 procera*
2549 4692 2757 4755 cupressi
2771 4728 2785 4754 ,

1801 4787 1873 4834 est
1890 4784 2023 4846 nigra
2042 4783 2239 4844 hedera,
2258 4783 2331 4831 est
2347 4781 2461 4830 vitis
2476 4779 2642 4829 dulces
2659 4780 2846 4829 fructus
2868 4778 3023 4829 ferens
3033 4815 3049 4842 ,

1802 4873 1874 4920 est
1893 4869 2044 4932 gelida
2064 4881 2189 4930 aqua
2200 4903 2215 4930 ,
2234 4880 2383 4930 quam
2408 4865 2527 4916 mihi
2548 4878 2798 4915 nemorosa
2814 4867 2961 4916 AEtna

1803 4957 2003 5006 candida
2020 4970 2083 5005 ex
2104 4955 2239 5017 nive,
2260 4955 2427 5017 potum
2452 4953 2743 5003 ambrosium
2756 4989 2771 5015 ,
2789 4953 2955 5002 mittit.

1805 5045 1915 5109 quis
1925 5045 1975 5092 in
1994 5043 2115 5092 mari
2127 5055 2212 5092 seu
2226 5041 2449 5090 fluctibus
2462 5041 2625 5090 vivere
2642 5039 2797 5103 malit,
2816 5053 2969 5103 quum
2982 5040 3057 5090 bis
3070 5041 3163 5090 frui
3180 5041 3358 5103 possit?

1808 5131 1891 5179 sed
1910 5130 1949 5177 si
1968 5129 2052 5178 tihi
2070 5128 2170 5190 ipse
2186 5141 2273 5190 ego
2291 5125 2453 5177 videar
2469 5126 2695 5177 hirsutior
2712 5139 2843 5190 esse,
