3767 5825
952 413 1283 471 sssnvlLu
1326 411 1821 472 DAMocRATIS
1860 409 2046 487 QUAE
2085 412 2552 474 SUPERSUNT.

253 535 305 595 ’A
316 541 626 612 μμωνιακοῦ
646 534 971 611 θυμιάματος
993 534 1175 612 λίτραν
1196 533 1320 609 μίαν

184 650 225 681 ἐ.
260 627 417 692 Τινὲς
444 624 750 700 κατέμιξαν,
774 624 922 681 ἄλλοι
948 626 991 679 δ’
1020 620 1047 701 Γ
1059 614 1163 701 αὖ]
1188 624 1367 702 λίτρας
1390 622 1498 681 δύο.

260 714 353 771 Τὰ
383 711 513 789 ξηρὰ
544 712 709 781 σήσας
726 711 900 769 πάντα
924 713 1102 790 λεπτῷ
1122 711 1367 788 κοσκίνῳ,

250 799 501 877 αΕψησον
526 804 595 865 ὡς
616 798 1000 875 κατάπλασμα,
1025 796 1341 876 προσὸαλὼν
1374 798 1511 873 μέλι,

252 885 417 953 Ὄξος
444 910 500 945 τε
526 886 599 962 μὴ
626 895 753 957 πᾶν,
780 885 869 943 καὶ
892 886 1117 955 ποιήσας
1138 887 1351 963 εὐαφὲς,

256 975 545 1052 Πρόσὸαλε
565 978 639 1053 τῷ
660 979 835 1053 θερμῷ
852 1020 869 1050 ,
896 972 1183 1052 παραχέων
1202 972 1311 1041 ὅξος
1340 972 1512 1053 βραχὺ

170 1084 225 1121 ω
258 1062 589 1141 Τετηγμὲνῳ
610 1066 759 1141 κηρῷ
780 1085 837 1121 τε
863 1061 954 1120 καὶ
982 1061 1275 1134 λιπάσματι

249 1150 565 1230 Τερμινθίνῃ
595 1172 672 1221 τε,
705 1150 796 1208 καὶ
817 1151 989 1215 καλῶς
1017 1146 1281 1228 ἐψυγμένα

248 1240 391 1303 'raiz
413 1238 567 1317 χερσί
588 1260 645 1295 τε
671 1236 785 1311 ἅμα
803 1236 960 1296 πάνθ’
982 1234 1178 1302 ἑνώσας
1207 1239 1465 1313 ἐπιμελῶς

250 1326 349 1385 Ἐν
378 1325 575 1399 μείζονι
601 1326 750 1403 ἄγγει
772 1324 973 1405 χρήσαι
1001 1323 1075 1401 μὴ
1099 1325 1427 1404 παραυτίκα·

250 1413 650 1493 Ἀδρανέστερον
680 1411 781 1493 γάρ
807 1414 947 1471 ἐστιν
968 1410 1089 1487 ἄρτι
1112 1411 1407 1489 γενόμενον.

739 1600 1100 1626 ψ·-

410 1767 578 1812 ΔΔΛΟ
614 1764 1067 1812 ΔΑΜΟΚΡΑΤΟΥΣ
1104 1764 1435 1813 ΜΑΔΔΓΜΑ.

162 1958 217 1995 ει.
248 1937 365 1997 Καὶ
382 1942 534 1996 τοῦτο
561 1936 747 2005 εὐῶδές
764 1960 821 1995 τε
840 1936 932 1995 καὶ
948 1934 1044 2001 τὰς
1068 1935 1271 2007 ἥπατος

250 2017 419 2104 Αἶρον
446 2026 695 2092 διαθέσεις
719 2025 811 2090 τὰς
834 2028 1030 2105 νεφρῶν
1052 2047 1111 2082 τε
1140 2023 1230 2082 καὶ
1253 2023 1427 2093 κόλου,

254 2114 377 2181 Τὰς
402 2120 495 2173 τοῦ
522 2114 792 2191 στομάχου
811 2137 869 2171 τε
894 2112 1108 2193 χρονίας
1134 2117 1227 2182 τῆς
1253 2111 1472 2191 ὑστέρας
1490 2136 1503 2149 ·

246 2201 549 2261 Ἐπίὸαλλε
575 2201 619 2259 δ’
642 2200 770 2260 αὐτὸ
788 2201 879 2259 καὶ
908 2200 1191 2279 καχέκταις
1216 2200 1299 2257 διὰ
1322 2200 1497 2266 νόσους

244 2289 475 2368 Μακρὰς
502 2290 764 2366 γεγονόσιν
804 2287 1143 2367 ὧχροτέροις,
1180 2287 1479 2367 ὓδερώδεσι,

163 2398 219 2437 ου
248 2378 365 2437 Καὶ
395 2376 455 2434 τὸ
486 2375 659 2458 βραχὺ
685 2375 761 2453 μὴ
784 2375 1057 2434 πέττουσιν
1088 2374 1419 2454 άνορεκτοῦσί
1443 2398 1518 2432 τε.

243 2464 441 2527 Ἔστιν
465 2467 509 2523 δ’
536 2462 760 2540 ἀμώμου
782 2466 1040 2523 Σκυθικοῦ
1057 2510 1075 2539 ,
1100 2462 1521 2538 ξυλοὸαλσάμου,

250 2553 509 2613 manian
539 2555 804 2631 διαυγοῦς,
828 2551 1189 2630 καρδαμώμου
1209 2549 1506 2631 σπέρματος
1520 2596 1537 2629 ,

241 2644 435 2721 Ξηρᾶς
460 2641 711 2721 κυπείρου
732 2640 823 2699 καὶ
849 2640 1065 2699 λιὸάνου
1088 2641 1297 2697 πάντων
1324 2637 1415 2696 ἴσα

240 2731 466 2791 Τούτων
482 2729 585 2788 ἀνὰ
599 2729 806 2807 λίτραν,
824 2730 913 2787 καὶ
928 2728 1117 2795 κασίας
1140 2727 1431 2807 δαφνίτιδος
1447 2772 1463 2798 ,

162 2842 213 2878 ⁴ss
244 2818 502 2900 Σμύρνης
526 2842 582 2876 τε
600 2822 837 2899 χρηστῆς
860 2817 951 2875 καὶ
974 2816 1162 2897 κρόκου
1179 2861 1194 2886 ,
1223 2814 1418 2874 τούτων
1441 2816 1599 2873 πάλιν

242 2908 447 2989 Λίτρας
468 2907 688 2967 ἑκάστου
710 2906 771 2966 τὸ
800 2904 988 2986 τρίτον,
1012 2904 1045 2978 ἢ
1072 2908 1279 2986 σμικρῷ
1303 2903 1485 2964 πλέον·

242 2999 495 3077 Στάχυος
516 3019 573 3054 τε
598 2996 785 3076 νάρδου
807 2999 1069 3072 Συριακῆς
1097 2997 1175 3052 δυ’
1198 2993 1406 3072 οὐγγίας
1421 3013 1434 3026 ·

240 3085 597 3162 Ίέρμινθίνης
625 3108 682 3142 τε
713 3089 805 3154 τῆς
832 3088 1067 3162 καθαρᾶς
1092 3082 1271 3162 λίτρας
1296 3081 1411 3140 δύο·

242 3175 435 3249 Κηροῦ
452 3195 511 3230 τε
532 3175 719 3230 λευκοῦ
748 3177 839 3230 τοῦ
861 3176 1089 3251 καθαροῦ
1114 3170 1293 3250 λίτραν
1321 3169 1463 3246 μίαν·

156 3283 213 3322 70
248 3261 525 3339 Κυπρίνου
542 3283 599 3318 τε
630 3259 793 3338 μύρου
820 3262 1122 3339 προσφάτου
1152 3259 1175 3337 [
1202 3259 1332 3336 βάλε
1358 3257 1448 3314 καὶ
1471 3257 1492 3336 ]
1520 3255 1703 3334 λίτραν

1514 3347 1533 3424 [
1560 3345 1701 3422 μίαν·

242 3349 415 3410 Οἴνου
442 3349 737 3427 Φαλερίνου
760 3352 853 3406 τοῦ
887 3349 1052 3406 καλοῦ
1078 3346 1258 3418 ξέστην
1288 3345 1398 3406 ἕνα.

236 3439 333 3500 Τὰ
365 3437 460 3512 μὲν
490 3437 625 3495 ἄλλα
654 3437 817 3516 κόψας
844 3439 969 3506 ο-ῆθε
992 3437 1171 3517 λεπτῷ
1198 3434 1450 3510 κοσκίνῳ,

242 3526 483 3588 Λίῧανον
509 3525 563 3582 δὲ
590 3525 681 3582 καὶ
712 3524 946 3603 βδέλλιον
962 3527 1033 3590 εἰς
1054 3523 1215 3600 ὅλμον
1245 3521 1512 3600 ἐμὸαλὼν,

236 3614 499 3692 Σμύρναν
524 3635 579 3670 τε
603 3612 839 3692 χρηστὴν
860 3612 951 3671 καὶ
967 3613 1151 3693 κρόκον
1179 3610 1525 3687 λελεασμένον

152 3725 207 3763 75
234 3706 293 3762 Θ
336 3701 477 3759 αύων
506 3701 743 3780 παράχεε
764 3699 1009 3778 κύπρινον
1035 3698 1121 3756 διὰ
1145 3697 1283 3756 οἴνου
1314 3695 1486 3776 βραχὺ
1506 3741 1523 3766 ,

241 3725 371 3850 Εἶτ’
398 3789 681 3865 δλμοκόπει
704 3792 772 3854 ὥς
798 3787 1005 3863 μέλιτος
1032 3785 1169 3866 ἔχειν
1198 3789 1351 3864 ὑγροῦ
1382 3785 1578 3864 πάχος,

236 3875 650 3956 Προσεμὸαλών
678 3898 735 3933 τε
762 3874 931 3933 τᾶλλα
959 3877 1055 3932 λεΐ
1082 3873 1338 3952 ἀρώματα
1353 3920 1370 3950 ,

233 3967 409 4027 Οἶνον
432 3987 489 4022 τε
512 3963 572 4022 τὸ
589 3961 768 4021 λοιπὸν
796 3961 1093 4041 παραχέας,
1117 3965 1229 4019 ἑνοῦ
1258 3964 1461 4036 καλῶς,

230 4055 398 4134 Ἄφες
420 4076 477 4110 τε
506 4055 752 4128 συμπιεῖν
770 4051 972 4130 ἡμέραν
996 4050 1086 4108 καὶ
1114 4049 1257 4128 νύχθ’
1286 4049 1435 4121 ὅλην,

152 4168 209 4204 ευ
237 4140 596 4222 Τἐρμινθίνην
620 4163 677 4198 τε
706 4139 796 4198 καὶ
820 4139 1065 4215 κύπρινον
1090 4137 1252 4215 κηρόν
1281 4140 1325 4194 Θ’
1362 4136 1475 4212 ἅμα

235 4237 291 4293 Τ
291 4233 453 4302 ήξας,
484 4227 633 4287 ἔασον
661 4229 747 4286 ἐπὶ
776 4228 934 4306 πυρὸς
967 4225 1330 4307 κουφωτάτου,

242 4321 357 4381 Καὶ
382 4317 556 4375 πάντα
586 4315 737 4394 μίξας
764 4317 915 4395 χερσὶ
936 4319 1036 4372 τῶν
1065 4317 1240 4392 μύρων
1274 4337 1373 4371 τινι

235 4405 669 4482 Λελιπασμὲναις
684 4403 857 4474 ἔασον,
881 4402 1042 4468 οὕτως
1058 4401 1304 4459 ἄποτίθου
1316 4446 1333 4472 ,

236 4495 403 4557 Μετὰ
430 4494 613 4573 χρόνον
642 4495 813 4572 αὐτῷ,
838 4491 911 4567 μὴ
932 4495 1266 4569 παραχρῆμα
1290 4488 1577 4569 χρώμενος.

150 4609 205 4648 st,
236 4585 332 4646 T&
364 4581 537 4642 πολλὰ
560 4581 713 4660 μίγνυ
742 4580 921 4648 ξυσθὲν
944 4583 1002 4637 ἐκ
1033 4578 1217 4658 μέρους
1241 4579 1376 4644 τινὸς
1395 4622 1412 4655 ,

242 4669 594 4750 Κηρωτάριον
621 4667 894 4746 γενόμενον
925 4666 1287 4746 εὗαφέστερον.

238 4757 492 4824 Σπανίως
521 4755 573 4815 δὲ
600 4756 800 4836 χρήσαι
824 4757 914 4813 καὶ
936 4755 1077 4834 μόνῳ
1105 4757 1181 4834 τῷ
1210 4752 1497 4835 φαρμάκῳ.

760 5006 1075 5028 *-

1805 534 2103 583 Ammoniaci
2128 534 2452 597 thymiamatis
2469 534 2621 583 solam
2652 534 2822 584 libram

1800 622 2008 679 Quidem
2033 620 2284 683 addidere,
2313 635 2480 671 verum
2501 622 2580 671 aiii
2595 622 2743 671 libras
2763 622 2902 671 duas.

1800 714 1939 760 Tunc
1956 710 2084 759 sicca
2107 710 2266 760 cribro
2287 721 2586 772 excussoque
2610 710 2886 759 tenuissimo

1800 798 2163 861 cataplasmatis
2181 798 2325 848 modo
2347 812 2528 861 coque,
2556 798 2718 847 etmel
2737 792 2899 849 addito
2912 835 2927 858 ,

1800 891 1900 937 Nec
1921 900 2064 937 omne
2089 889 2279 937 acetum
2297 924 2311 947 ,
2335 887 2418 936 sed
2443 886 2639 949 quando
2659 886 2801 935 mone
2821 885 2994 943 tuerit,

1798 975 1960 1027 Addas
1987 976 2162 1025 calenti
2175 976 2402 1035 exiguam
2424 974 2547 1025 aceti
2562 975 2790 1024 stillulam

1802 1066 1942 1114 Cerae
1963 1062 2160 1125 liquntae
2177 1063 2483 1125 insusnmque
2501 1065 2552 1112 et
2575 1061 2850 1125 pinguedini
2875 1064 2926 1111 et

1799 1150 2175 1212 Terebinthinoe,
2197 1156 2344 1214 atque
2363 1152 2544 1201 siccata
2565 1150 2752 1213 egregie
2769 1150 2914 1199 simui

1799 1240 1974 1290 Omnia
1992 1238 2214 1289 mnibus
2236 1240 2452 1289 exactius
2474 1238 2790 1299 committito,

1800 1331 1860 1378 Et
1877 1328 2076 1377 vasculo
2099 1328 2280 1389 majore
2297 1328 2468 1377 derasa
2486 1327 2655 1389 excipe
2665 1362 2682 1388 ,

1798 1419 1986 1466 Usurus
2009 1416 2136 1466 haud
2155 1430 2297 1479 mox;
2317 1416 2580 1465 invalidum
2599 1414 2868 1465 estfactum
2885 1427 3064 1465 recens.

2399 1596 2762 1623 ...ψ-

2079 1769 2274 1812 Amul)
2308 1767 2704 1812 nuncnune
2737 1766 3062 1812 men.

1797 1950 2015 2001 edorum
2039 1951 2088 2000 et
2107 1950 2203 2000 hoc
2222 1949 2494 2013 tollensque
2513 1963 2630 2001 mox
2647 1950 2765 2001 vitia
2782 1950 2966 2015 hepatis
2980 1987 2996 2012 ,

1798 2039 2088 2088 Affectiones
2107 2038 2326 2099 renibus,
2347 2038 2456 2089 colo
2475 2040 2738 2101 etgraves,

1797 2126 1920 2176 colli
1933 2125 2074 2175 simul
2094 2124 2219 2175 uteri
2235 2124 2586 2186 diutiuscuias3

1797 2214 2028 2277 Idemque
2042 2214 2142 2275 iam
2157 2216 2388 2277 corrupto
2407 2213 2572 2264 habitu
2591 2214 2899 2277 superdatur,

1796 2301 2062 2363 morboque
2085 2301 2226 2363 longo
2241 2298 2453 2363 pallidis,
2473 2298 2746 2363 hydropicis
2757 2337 2774 2361 ,

1798 2391 1857 2438 ut
1879 2390 1964 2451 qui
1985 2389 2145 2438 minus
2167 2390 2384 2451 coquunt
2411 2388 2574 2438 cibum
2594 2390 2642 2437 et
2659 2388 2925 2438 fastidiunt.

1797 2477 1958 2525 Habet
1985 2477 2078 2526 hoc
2095 2474 2274 2526 amomi
2291 2474 2503 2539 Scythici
2514 2510 2530 2537 ,
2547 2473 2860 2536 xylobaisnmi
2877 2508 2893 2533 ,

1798 2569 1857 2615 Et
1875 2564 2170 2613 cardamomi
2183 2600 2198 2622 .
2217 2562 2478 2625 bdelliiquc
2503 2561 2676 2623 lucidi,

1797 2653 1949 2703 siccae
1976 2652 2169 2715 cyperi,
2194 2652 2351 2702 thurss
2374 2650 2490 2701 boni
2509 2650 2728 2699 omnium
2754 2661 2916 2711 parem

1796 2741 1992 2790 Modum
2021 2740 2187 2789 libram
2202 2775 2219 2802 ,
2239 2740 2346 2803 post
2359 2738 2522 2787 cnssiae
2549 2736 2874 2801 daphnitidiS,

1795 2830 2004 2893 Myrrhae
2031 2828 2196 2889 bonae,
2217 2828 2345 2877 croci
2368 2826 2549 2889 pariter
2569 2826 2630 2875 de
2647 2825 2842 2887 singuiis

1794 2919 1951 2971 Lihrae
1963 2918 2189 2968 trientem
2213 2919 2299 2966 sut
2309 2915 2516 2979 amplius
2536 2912 2654 2979 quid
2673 2912 2950 2977 paululum3

1792 3008 1938 3059 Nardi
1957 3006 2102 3068 spicae
2125 3007 2231 3068 post
2244 3004 2454 3068 Syriacoe
2470 3003 2633 3053 uncins
2654 3003 2801 3063 duas3

1792 3093 2152 3145 Terebinthinae
2176 3105 2314 3157 pum
2330 3091 2472 3142 bonoe
2496 3091 2639 3141 libras
2660 3089 2811 3151 duns3

1794 3184 2026 3246 Alboeque
2048 3195 2172 3231 cerae
2191 3180 2441 3245 perpolita
2457 3193 2604 3228 unam
2620 3178 2821 3240 iibrnm3

1792 3271 2014 3322 Recentis
2032 3269 2261 3332 unguenti
2280 3267 2468 3331 cyprini
2486 3266 2658 3316 libram
2687 3266 2912 3326 unicnm3

1792 3361 1903 3410 Vini
1923 3360 2108 3410 Falerni
2137 3358 2248 3408 hinc
2271 3356 2440 3419 optimi
2464 3355 2748 3406 sextarium.

1792 3449 1992 3510 Reliqua
2012 3447 2164 3497 tunde
2183 3448 2233 3496 et
2250 3445 2410 3494 cribro
2427 3444 2564 3494 tenui
2583 3443 2889 3505 concernito3

1792 3536 1924 3585 Thus
1939 3572 1953 3596 ,
1978 3533 2210 3584 bdeliium
2233 3535 2403 3582 contra
2420 3532 2470 3582 in
2493 3532 2640 3596 pilam
2658 3531 2902 3593 conjicito,

1793 3623 2038 3686 Myrrham
2061 3621 2240 3671 bonnm
2259 3633 2552 3683 crocumque
2571 3619 2740 3669 tritum
2762 3620 2839 3668 his
2857 3616 3021 3668 addito
3033 3653 3048 3679 ,

1793 3710 2072 3772 Fractisque
2094 3722 2266 3773 perum
2288 3708 2474 3772 cyprini
2487 3721 2599 3758 cum
2617 3707 2732 3758 vino
2749 3706 3018 3766 infundito3

1792 3801 1916 3850 Dein
1942 3799 2162 3862 tundito,
2189 3801 2245 3849 ut
2268 3797 2505 3864 liquidum
2529 3797 2624 3846 mel
2643 3795 2958 3845 crassitudine

1790 3890 1970 3950 AEquet
1982 3924 1996 3949 ,
2022 3901 2137 3937 mox
2157 3887 2232 3936 his
2251 3887 2468 3935 aromata
2488 3885 2697 3934 coutrita
2717 3883 2910 3943 addito,

1792 3979 1851 4026 Et
1872 3975 2002 4038 quod
2033 3976 2250 4036 superest
2270 3973 2440 4022 vinum
2461 3971 2654 4033 addito,
2678 3970 2970 4020 committito

1791 4066 1965 4114 Totam
1989 4062 2116 4112 diem
2131 4097 2146 4122 ,
2171 4064 2362 4110 noctem
2378 4059 2548 4120 simul,
2573 4072 2672 4121 quo
2686 4057 2990 4118 combibant3

1791 4151 2180 4202 'terebinthinam
2198 4162 2336 4210 vcro,
2355 4148 2630 4211 cyprinum,
2651 4159 2814 4196 ceram
2831 4148 2882 4196 et
2900 4145 3042 4195 simin

1780 4239 1998 4303 &quatu
2013 4276 2028 4301 ,
2051 4241 2171 4288 tunc
2187 4236 2454 4287 lentissimo
2481 4236 2576 4297 igni
2595 4235 2846 4297 imponito,

1790 4327 2056 4390 Unctisque
2073 4329 2182 4389 post
2201 4325 2421 4374 manibus
2449 4337 2534 4387 per
2550 4335 2743 4385 unguen
2767 4321 3031 4385 quodpiam
3042 4357 3059 4383 ,

1792 4417 2006 4466 subacta
2031 4415 2101 4464 sic
2119 4412 2412 4464 committito
2430 4415 2482 4462 et
2495 4411 2731 4475 reponito.

1792 4509 1891 4556 Nec
1913 4518 2028 4554 mox
2053 4505 2220 4568 pareto
2246 4504 2316 4552 uti
2342 4501 2460 4551 velis
2479 4503 2536 4552 tu
2556 4500 2848 4564 pharmaco,

1792 4593 1888 4644 Sed
1906 4595 2124 4655 tempore
2147 4591 2420 4652 interiecto.
2448 4593 2508 4639 Et
2531 4591 2586 4638 ut
2610 4588 2888 4638 cerotuium

1791 4683 1863 4731 Sit
1881 4681 2100 4738 mollius.
2129 4693 2290 4730 rasum
2313 4678 2490 4741 partim
2508 4675 2710 4726 subinde
2731 4677 2788 4724 tu

1790 4771 1991 4820 Misceto
2007 4807 2020 4831 ,
2041 4770 2144 4817 solo
2163 4769 2315 4818 rarius
2339 4767 2422 4816 sed
2443 4765 2610 4816 utitor.

2413 4991 2734 5017 ψ·
