3767 5825
512 354 611 401 xiv

507 478 639 552 giis,
664 473 891 531 arcanis
918 472 1112 546 libris,
1136 470 1364 536 vatibus
1383 470 1577 528 omnis
1604 470 1863 547 generis,
1891 489 2076 528 sacer-

507 562 761 633 dotibus,
785 561 1051 619 neocoris
1066 606 1083 631 ,
1106 554 1371 617 fanaticis
1394 558 1785 617 memorandis
1810 557 1970 636 (vid.
1996 558 2070 626 ll,

517 672 620 725 197
644 670 797 727 sqq.‚
827 656 942 715 204
969 668 1126 725 sqq.‚
1148 648 1261 705 225
1282 668 1441 725 sqq.‚
1464 644 1733 719 3173vl,
1762 648 1903 719 378,
1921 650 2070 716 '438‚

510 740 621 809 473
643 757 797 815 sqq.‚
818 737 977 814 493),
1001 755 1117 812 quo
1132 736 1307 793 etiam
1331 740 1483 791 Galii
1504 736 1796 813 pertinent
1811 734 1912 806 vl,
1934 757 2071 811 299,

510 828 624 885 538
656 846 815 903 sqq.‚
844 826 938 883 vel
964 844 1038 883 ex
1060 820 1187 885 solo
1218 823 1510 902 Appulejo
1540 824 1680 883 satis
1706 823 2073 893 illustrandi3

506 928 565 972 et
590 934 829 993 prorsus
852 914 1078 971 alienus
1100 927 1189 971 est
1214 911 1289 971 ab
1312 912 1711 989 immiscendis
1737 925 1839 969 aut
1861 932 2080 969 memo-

507 1002 705 1063 randis
738 1002 1201 1061 Christianorum
1226 1001 1493 1060 moribus
1521 1014 1580 1059 et
1605 1000 1904 1077 dogmatis.
1936 1001 2076 1057 Nam

508 1090 667 1169 quod
686 1090 977 1167 HeyniuS,
1000 1102 1067 1149 ut
1086 1109 1262 1168 supra
1289 1090 1551 1149 vidimus
1566 1133 1582 1161 ,
1606 1087 1699 1163 11,
1728 1092 1844 1147 228
1865 1109 1954 1167 sq.

633 1234 783 1293 δήμου
802 1232 842 1279 0·
857 1235 1109 1294 ἠγητῆρας,
1126 1230 1171 1280 οἳ
1188 1232 1235 1280 ἐν
1250 1192 1484 1294 geom-ww
1504 1232 1648 1279 ἑοῖσιν

632 1309 861 1372 φθέγξοντ’
880 1311 947 1357 εἰν
966 1313 1159 1372 ἱεροῖσιν
1177 1309 1459 1371 ἀκουόμενοι
1472 1308 1567 1357 ὑπὸ
1590 1309 1716 1356 λαῶν

511 1434 581 1491 ad
621 1432 979 1491 Christianos
1009 1430 1240 1505 retulit,
1286 1429 1433 1487 nihil
1464 1448 1571 1505 ego
1611 1428 1845 1486 obstare
1876 1428 2046 1485 video
2066 1471 2080 1497 ‚

512 1521 827 1599 quominus
845 1520 961 1578 hoc
981 1537 1218 1596 quoque
1242 1516 1314 1575 ad
1336 1516 1751 1595 hierophantas
1772 1516 2081 1586 reseratur,

512 1610 614 1687 qui
649 1606 913 1688 μυστήρια
940 1608 1236 1682 διηγοῦνται
1266 1606 1371 1671 τοῖς
1404 1602 1678 1679 ἀμυήτοις.
1711 1604 1843 1661 Jam
1874 1606 1924 1662 si
1954 1603 2084 1661 bre·

512 1698 750 1757 vissime
775 1696 1187 1755 adumbremus
1208 1692 1677 1751 Christianorum
1702 1691 1812 1750 sub
1836 1694 2086 1770 impera-

516 1786 742 1845 toribus
768 1786 1143 1855 vexationeS,
1166 1783 1472 1840 notissima
1504 1794 1591 1840 est
1620 1784 1861 1838 Neronis
1884 1795 2087 1838 contra

514 1894 616 1933 eos
664 1874 975 1931 crudelitas
1018 1891 1092 1931 ex
1132 1868 1512 1928 celeberrimo
1558 1868 1747 1927 Taciti
1797 1869 1927 1926 loco
1964 1874 2086 1926 An-

516 1963 652 2022 nall.
680 1961 802 2033 XV,
832 1970 939 2033 443
966 1960 1283 2019 notissimae
1312 1972 1447 2017 sunt
1468 1960 1646 2015 Plinii
1670 1971 1725 2014 et
1762 1960 1998 2031 Trajam'
2017 1958 2088 2014 dc

514 2071 583 2109 ea
600 2072 667 2111 re
683 2052 965 2130 epistolae,
980 2050 1138 2109 unde
1152 2047 1322 2107 simul
1340 2067 1511 2124 quam
1528 2048 1737 2124 ineptae
1755 2059 1814 2106 et
1826 2046 2088 2105 obscurae

516 2143 587 2199 de
612 2161 815 2199 eorum
838 2143 959 2197 vita
984 2153 1041 2197 et
1064 2138 1372 2216 praeceptis
1401 2138 1707 2216 opiniones
1736 2138 2089 2214 pervulgata:

519 2230 762 2301 fuerint,
794 2229 1232 2305 cognoscimus3
1260 2246 1367 2285 nec
1392 2225 1559 2296 latet,
1592 2230 1900 2282 Domitiani
1925 2245 2090 2301 aspe-

518 2318 687 2375 ritate
728 2338 846 2375 non
878 2318 1067 2375 solum
1102 2314 1339 2373 Judaeos
1376 2314 1477 2371 sed
1514 2314 1689 2371 etiam
1726 2313 2090 2373 Christianos

518 2419 753 2465 vexatos
792 2426 928 2464 csse.
960 2406 1347 2482 Imperatores
1392 2404 1495 2480 qui
1530 2401 1843 2477 Traianum
1880 2422 2090 2481 seque-

518 2494 749 2565 bantur,
764 2513 900 2553 raro
915 2506 1136 2551 tantum
1152 2505 1209 2549 et
1224 2491 1307 2549 ita
1317 2490 1785 2549 Christianorum
1805 2494 2090 2549 rationem

520 2582 848 2641 habuerunt
860 2626 877 2654 ,
898 2595 966 2641 ut
981 2583 1119 2640 satis
1136 2592 1411 2658 appareat
1424 2580 1769 2657 opinionem
1791 2599 1994 2639 eorum
2021 2582 2094 2637 de

520 2672 639 2730 illis
680 2672 821 2731 satis
856 2690 1061 2745 vagam
1089 2670 1287 2727 fuisse.
1330 2666 1421 2725 lta
1458 2672 1742 2725 Marciam
1784 2666 2090 2727 Commodi

519 2759 903 2819 concubinam
922 2758 1273 2818 Christianis
1296 2756 1512 2815 favisse
1536 2758 1783 2829 scimus3
1805 2757 1890 2815 ita
1911 2758 2095 2835 Septi-

520 2852 670 2907 mius
688 2848 931 2908 Severus
953 2847 1129 2930 (teste
1152 2846 1261 2906 AEl.
1284 2846 1475 2925 Spart.
1501 2867 1554 2903 c.
1587 2866 1653 2920 17
1674 2849 1691 2923 )
1712 2850 1946 2903 Judoeos
1957 2850 2090 2920 fieri

518 2941 618 2995 sub
654 2946 819 3013 gravi
830 2958 1017 3014 poena
1042 2943 1246 3005 vetuit,
1282 2939 1431 2992 idem
1455 2943 1623 2992 eciam
1657 2939 1730 2991 de
1764 2937 2096 2994 Christianis

518 3034 745 3098 satuit,-
772 3027 854 3085 ita
872 3023 1285 3101 Heliogabalus
1302 3036 1519 3103 praeter
1536 3036 1754 3082 ceteras
1778 3025 2094 3098 religiones

521 3117 695 3175 etiam
726 3117 1112 3174 Christianam
1132 3118 1477 3172 devotionem
1498 3112 1571 3170 ad
1600 3112 1962 3188 Heliogabali
1982 3116 2098 3172 cul·

524 3218 711 3264 turam
726 3203 1175 3276 transferendam
1194 3203 1463 3262 censebat
1484 3201 1644 3278 (vid.
1666 3201 1771 3260 AEl.
1794 3203 2093 3281 Lamprid.

526 3316 578 3353 c.
612 3293 708 3370 3).
746 3292 982 3350 Primus
1022 3295 1361 3350 Ale-vander
1382 3291 1615 3346 Severus
1640 3304 1698 3347 et
1722 3291 1998 3368 majorem
2043 3306 2096 3348 et

524 3379 1061 3438 benevolentiorem
1094 3379 1467 3439 attentionem
1494 3377 1557 3433 in
1591 3377 1956 3437 Christianos
1981 3383 2090 3438 im-

528 3468 797 3545 pendisse
822 3467 1079 3538 videtur,
1106 3468 1156 3526 si
1185 3467 1425 3546 quidem
1456 3463 1561 3524 ille
1583 3487 1701 3523 non
1722 3469 1910 3524 solum
1933 3472 2092 3526 Chri-

527 3555 734 3604 stianos
758 3567 1090 3623 essepassus
1112 3560 1196 3602 est
1222 3545 1378 3623 (vid.
1398 3542 1508 3604 [ΕΙ.
1539 3545 1835 3623 Lamprid.
1870 3569 1920 3606 c.
1955 3571 2026 3603 α’).
2047 3560 2058 3618 J
2081 3571 2093 3618 ;

528 3655 649 3692 non
690 3635 877 3692 solum
924 3635 999 3692 iis
1035 3634 1109 3692 ad
1150 3635 1431 3714 templum
1474 3636 1875 3693 aedificandum
1923 3657 2092 3712 quam

527 3723 856 3800 popinariis
892 3722 1084 3782 locum
1122 3723 1253 3781 dari
1288 3726 1493 3783 maluit
1535 3723 1690 3800 (vid.
1734 3723 1816 3781 id.
1860 3745 1911 3780 c.
1947 3734 2020 3798 49
2043 3724 2092 3800 );

530 3811 630 3868 sed
658 3811 830 3868 etiam
858 3810 1157 3870 Christum
1177 3825 1350 3888 atque
1370 3813 1663 3870 Abraham
1692 3811 1848 3869 inter
1872 3821 2098 3868 animas

528 3906 830 3956 sanctiores
861 3898 1166 3958 ixi-larario
1196 3920 1304 3958 suo
1333 3901 1541 3960 habuit
1571 3900 1729 3977 (vid.
1753 3901 1837 3958 id.
1870 3923 1923 3958 c.
1961 3905 2093 3976 29),

530 4001 587 4045 et
616 3990 834 4046 Christo
858 3992 1122 4064 templum
1124 3988 1332 4061 facere
1360 4011 1597 4066 eumque
1626 3997 1772 4046 inter
1796 3995 1941 4046 Deos
1963 4001 2097 4047 reci-

525 4098 663 4154 pere
680 4081 884 4144 voluit,
914 4079 1226 4153 prohibitus
1243 4079 1319 4135 ab
1346 4085 1437 4148 iis,
1468 4087 1566 4155 qui
1582 4083 1926 4136 consulentes
1937 4102 2100 4136 sacra

530 4179 857 4240 repererant
879 4186 1071 4221 omnes
1098 4167 1440 4224 Christianos
1454 4167 1708 4240 suaa-os,
1743 4173 1795 4222 si
1818 4171 1884 4222 id
1911 4185 2100 4242 optato

532 4263 791 4311 evenisset
816 4252 979 4329 (vid.
1010 4253 1095 4310 id.
1128 4274 1181 4311 c.
1212 4256 1284 4320 43
1310 4229 1443 4332 ),·et
1468 4269 1694 4313 secutus
1732 4256 2098 4316 Christiano-

536 4361 667 4398 rum
681 4354 853 4418 atque
866 4340 901 4397 J
908 4341 1205 4398 udaeorum
1230 4349 1289 4397 in
1296 4347 1689 4418 praedicandis
1698 4349 1978 4402 sacerdoti
1980 4351 2089 4412 bus,

534 4436 630 4504 qui
653 4433 954 4486 ordinandi
978 4443 1163 4502 erant,
1196 4450 1417 4488 morem
1438 4475 1454 4502 ,
1487 4446 1934 4509 procuratorum
1966 4455 2094 4492 suo·

536 4537 663 4574 rum
692 4519 933 4574 nomina
960 4519 1353 4596 proponebat,
1386 4533 1449 4577 ut
1476 4523 1524 4578 si
1550 4525 1679 4597 quis
1700 4523 1841 4598 quid
1864 4523 2101 4581 haberet

538 4605 826 4676 criminiS,
842 4604 1119 4682 probaret
1132 4607 1441 4665 manifestis
1456 4607 1635 4668 rebus
1650 4607 1800 4688 (vid.
1816 4610 1902 4668 id.
1918 4633 1964 4668 c.
1983 4622 2007 4678 l.
2024 4615 2052 4666 5
2063 4623 2098 4684 );

538 4705 595 4748 et
614 4711 756 4749 vero
776 4692 1219 4768 celeberrimum
1244 4695 1394 4754 illud
1410 4695 1624 4754 Christi
1650 4716 1663 4752 :
1692 4701 1848 4770 quod
1860 4701 1963 4753 tibi
1975 4703 2105 4768 siet-e·

541 4801 649 4836 non
678 4789 792 4850 vis,
832 4785 997 4838 alteri
1024 4781 1335 4854 nefeceris,
1373 4784 1624 4842 maxime
1651 4784 1926 4842 dilectum
1958 4801 2013 4842 et
2045 4790 2103 4844 in

542 4867 762 4926 Palatio
790 4874 933 4926 etin
975 4869 1229 4948 publicis
1270 4870 1551 4949 operibus
1587 4863 1892 4950 praescribi
1934 4877 2109 4947 jussit

543 4956 699 5032 (vid.
722 4956 805 5014 id.
833 4978 887 5016 c.
912 4957 1043 5032 51).
1064 4957 1216 5027 Quid
1239 4959 1395 5035 quod
1419 4965 1761 5027 Mammoea,
1794 4964 2105 5023 Alexandri

545 5057 750 5121 mater,
770 5063 845 5101 ex
872 5064 987 5121 qua
1014 5046 1114 5103 ille
1140 5059 1291 5104 totus
1320 5049 1628 5126 pendebat,
1651 5050 1847 5107 eadem
1873 5065 1996 5108 erat
2016 5052 2110 5110 be-

1909 334 2338 399 PRAEFATlo.

2174 470 2538 528 Antiochiam
2571 486 2883 547 peragrans
2925 464 3368 523 celeberrimum
3410 464 3576 521 illum
3607 464 3702 521 Ori·

2169 578 2370 635 genem
2393 560 2454 617 in
2477 568 2850 633 conspectum
2875 574 3042 611 suum
3072 565 3130 609 et
3147 552 3516 628 colloquium
3539 554 3700 609 xenia

2169 648 2441 706 voluerit.
2485 644 2629 703 Inde
2661 662 2736 703 ex
2759 642 2874 701 hoc
2892 644 3142 699 maxime
3163 654 3432 717 tempore
3463 640 3702 697 Christia-

2169 736 2229 791 ni
2261 736 2519 813 apertius
2565 732 2809 810 grassati
2857 733 2922 789 in
2965 729 3218 807 publicae
3253 730 3394 787 vitae
3439 730 3702 806 pulverem

2169 836 2574 900 certamenque
2607 820 2897 900 prodiisse
2919 819 3215 877 videntur.
3244 816 3452 895 ltaque
3497 821 3705 873 Alexan-

2169 917 2270 971 dm
2296 913 2486 971 occiso
2511 930 2641 971 cum
2661 910 2892 979 ceteris,
2913 907 3132 985 quibus
3159 907 3258 965 ille
3277 907 3526 977 faverat,
3549 910 3706 963 Mare-

2169 1008 2312 1057 mini
2339 1000 2738 1059 crudelitatem
2773 997 3033 1075 experti,
3061 998 3330 1071 Philippi
3355 994 3528 1053 brevi
3557 996 3706 1068 gratia

2171 1088 2370 1149 refecti
2385 1132 2401 1161 ,
2433 1108 2572 1147 mox
2597 1106 2634 1145 a
2665 1090 2834 1145 Decio
2859 1085 3142 1143 acerrime
3167 1083 3370 1141 vexati
3395 1095 3460 1141 et
3479 1082 3707 1159 capitali-

2171 1176 2283 1236 bus
2309 1178 2502 1255 poenis
2530 1175 2722 1235 affecti
2737 1219 2754 1247 ‚
2790 1192 2982 1251 neque
3023 1176 3334 1230 Valeriano
3355 1184 3420 1230 et
3441 1174 3706 1228 Amabam,

2173 1266 2372 1323 intacti
2387 1310 2405 1337 ,
2432 1264 2542 1324 sub
2562 1267 2900 1321 Diocletiani
2919 1262 3174 1339 imperio
3193 1261 3460 1339 primum
3481 1259 3706 1317 florente>

2173 1356 2513 1413 auctoritate
2545 1367 2604 1411 et
2629 1352 2842 1429 gratia,
2865 1364 2987 1409 tum
3017 1368 3125 1427 per
3151 1352 3516 1406 Maximiani
3537 1349 3706 1405 instin-

2175 1455 2328 1499 ctum
2353 1440 2702 1517 gravissima
2715 1438 3123 1517 persecutione
3141 1436 3344 1495 afflicti
3363 1440 3556 1493 varias
3569 1436 3706 1493 sortis

2175 1530 2606 1591 vicissitudines
2621 1526 3012 1607 pertulerunt,
3029 1525 3215 1583 donec
3229 1524 3468 1583 tandem
3491 1527 3708 1583 Constan-

2179 1626 2325 1674 tinus
2367 1618 2739 1675 fundamenta
2757 1616 2899 1689 jecit
2940 1614 3262 1672 Christiani
3303 1613 3546 1691 imperii
3575 1631 3606 1668 a
3625 1610 3704 1667 Ju-

2180 1708 2336 1764 liano
2359 1706 2567 1763 leviter
2595 1718 2814 1763 tantum
2841 1716 2899 1761 et
2921 1701 3116 1760 obiter
3139 1700 3507 1759 labefactata.
3533 1698 3706 1756 Memo-

2179 1794 2363 1852 rabile
2377 1806 2463 1851 est
2485 1812 2559 1851 ex
2572 1793 2666 1851 his
2683 1789 3045 1869 temporibus
3060 1788 3367 1847 Aureliani
3385 1788 3706 1864 imperatori>

2177 1882 2394 1939 dictum
2423 1882 2486 1938 in
2514 1881 2762 1959 epistola
2791 1878 3042 1957 quadam
3083 1877 3157 1933 ad
3178 1875 3460 1933 Senatum
3489 1876 3556 1933 de
3579 1876 3704 1931 llinis

2178 1968 2488 2045 Sibyllinis
2511 1970 2674 2039 data,
2702 1988 2776 2027 ex
2799 1987 2917 2045 quo
2941 1979 2998 2023 et
3019 1963 3490 2023 Christianorum
3515 1982 3706 2019 nasci-:0

2179 2058 2492 2115 auctoritas
2511 2070 2569 2113 et
2597 2076 2738 2113 vera
2763 2053 3137 2133 imperatoris
3157 2051 3230 2109 de
3253 2070 3462 2109 eorum
3483 2050 3708 2109 adversus

2181 2146 2424 2219 gentiles
2443 2145 2758 2221 religiones
2781 2144 2919 2203 odio
2939 2141 3246 2221 persuasio
3267 2140 3523 2213 intelligi
3541 2152 3706 2216 potest.

2181 2238 2365 2289 Μέτοι-
2373 2254 2482 2301 vos,
2503 2234 2699 2310 inquit
2715 2234 2874 2310 (teste
2882 2231 3196 2307 Vopiscoe.
3218 2226 3688 2308 ao),patrr.·s.«1ms:

2181 2325 2400 2379 tamdiu
2439 2326 2510 2377 de
2545 2325 2868 2403 aperiendis
2905 2323 3191 2394 Silgruinis
3239 2320 3528 2374 dubitasse
3565 2320 3709 2380 libris,-

2177 2413 2410 2485 perinde
2451 2417 2612 2485 quasi
2641 2417 2698 2465 in
2741 2411 3181 2467 Christianorum
3225 2409 3468 2463 ecclesia
3485 2455 3504 2479 ‚
3543 2426 3636 2461 noa
3671 2414 3710 2458 it:

2183 2502 2385 2573 templo
2409 2502 2646 2555 Deorum
2670 2505 2910 2555 omnium
2935 2502 3266 2553 tractaretis.
3293 2492 3426 2553 cfr.
3450 2494 3521 2551 de
3539 2494 3710 2571 prieti-

2183 2584 2292 2643 bus
2309 2586 2718 2645 vexationibus
2733 2586 2991 2645 lactant.
3015 2586 3100 2642 De
3119 2596 3297 2641 mort.
3317 2595 3727 2661 persecutorum

2183 2694 2233 2732 c.
2255 2676 2378 2745 2-6,
2403 2674 2570 2751 cujus
2585 2674 2722 2733 libri
2745 2673 2936 2751 major
2947 2692 3198 2751 parsac.
3225 2692 3258 2744 7
3277 2670 3558 2747 usquead
3575 2658 3727 2726 finem³

2183 2760 2256 2817 de
2271 2761 2632 2821 Diocletiano
2652 2775 2709 2820 et
2727 2762 3098 2819 Maximianis
3119 2760 3259 2835 agit.
3283 2758 3500 2817 Lineas
3515 2759 3630 2835 ejus
3647 2758 3706 2813 rei

2184 2848 2513 2926 designavit
2541 2850 2760 2928 Sulpic.
2793 2848 2928 2907 Sev.
2959 2848 3106 2905 nist.
3139 2866 3288 2905 sacr.
3321 2844 3422 2918 11,
3445 2866 3496 2903 c.
3529 2846 3704 2910 τιὸ-32,

2187 2957 2538 3013 quamquam
2567 2937 2829 2996 fabulosa
2851 2936 3142 2996 interdum
3170 2935 3506 2996 admiscuit.

2265 3025 2391 3084 Jam
2417 3029 2466 3084 si
2481 3047 2554 3084 ex
2579 3026 2672 3098 iis,
2699 3048 2827 3104 quae
2854 3027 3156 3103 hucusque
3181 3026 3362 3082 allata
3383 3038 3535 3096 sunt,
3559 3039 3706 3102 aperti.-

2185 3135 2464 3192 apparere
2495 3115 2667 3174 nobis
2695 3115 3002 3174 videbatur
3026 3126 3257 3193 poetam
3283 3112 3407 3172 sub
3421 3121 3610 3189 primis
3631 3115 3706 3170 im-

2187 3203 2554 3280 peratoribus
2575 3219 2844 3281 certeque
2861 3217 2997 3259 ante
3009 3205 3370 3258 Hadrianum
3387 3223 3504 3259 non
3521 3202 3702 3260 vixisse.

2186 3309 2256 3347 ex
2277 3289 2387 3348 hoc
2402 3336 2417 3362 ,
2443 3291 2598 3366 quod
2623 3303 2915 3368 postremo
2935 3290 3067 3347 loco
3084 3289 3450 3367 disputatum
3469 3303 3574 3362 est,
3595 3290 3704 3346 haud

2188 3378 2656 3457 improbabiliter
2725 3380 2859 3456 quis
2924 3378 3279 3436 concluserit
3335 3378 3576 3436 eundem
3613 3391 3706 3452 post

2189 3471 2504 3524 Alexandri
2517 3471 2704 3524 Severi
2725 3483 2986 3544 tempora
3005 3486 3124 3523 non
3145 3484 3270 3523 esse
3284 3465 3704 3542 deprimendum.

2187 3557 2462 3628 quoniam
2493 3569 2612 3613 tum
2647 3556 2900 3632 aliquam
2929 3573 3174 3630 eamque
3217 3555 3518 3613 inimicam
3553 3555 3706 3612 secisse

2187 3640 2655 3703 Christianorum
2677 3645 3034 3702 mentionem
3057 3641 3340 3700 credibile
3359 3657 3464 3714 est,
3487 3641 3725 3720 quemad·¹

2189 3729 2422 3788 modum
2447 3731 2579 3789 fecit
2601 3732 2860 3789 imitator
2882 3731 3137 3809 scriptor
3155 3728 3298 3787 libri
3321 3737 3510 3806 quarti
3531 3749 3582 3788 v.
3601 3729 3725 3786 ὅθεν·Ὶ

2189 3821 2294 3888 66,
2327 3839 2500 3896 quem
2531 3821 2720 3879 locum
2747 3819 2868 3898 jam
2895 3820 3220 3878 rectissime
3248 3817 3595 3896 Tyrwhittus
3615 3819 3646 3874 l.
3667 3835 3725 3872 c

2187 3907 2258 3964 de
2289 3907 2634 3966 Christianis
2663 3909 2966 3968 intellexit.
2991 3906 3124 3966 Jam
3149 3926 3290 3964 vero
3331 3909 3582 3984 permiro
3606 3925 3702 3982 pru-

2190 3997 2336 4054 fecto
2365 4017 2532 4069 casu,
2572 3998 2621 4056 si
2650 3999 2886 4076 quidem
2925 4010 3014 4056 est
3039 4016 3242 4068 casus,
3269 3996 3487 4055 accidit
3513 3997 3638 4072 quod
3661 3997 3700 4050 in

2187 4085 2316 4144 Vita
2339 4087 2391 4164 ej
2399 4087 2598 4146 usdem
2621 4089 2938 4144 Alexandri
2960 4077 3152 4144 Severi
3168 4083 3241 4142 ab
3259 4085 3409 4144 AElio
3427 4083 3702 4162 Lampridio

2191 4177 2518 4252 conscripta
2545 4175 2800 4252 plurima
2831 4187 3232 4230 memorantur
3267 4187 3554 4232 momenta
3583 4191 3698 4242 egre-

2190 4264 2283 4336 gie
2312 4283 2441 4320 cum
2471 4263 2658 4320 nostri
2685 4275 2868 4339 poetae
2896 4261 3071 4318 rebus
3100 4261 3490 4318 concinentia.
3521 4259 3594 4314 lta
3613 4257 3683 4332 opi

2193 4350 2454 4408 liciorum
2491 4350 2730 4408 illorum
2769 4350 2952 4408 aetatis
2982 4349 3152 4406 luxui
3179 4348 3554 4406 servientium
3591 4349 3698 4402 hon·

2188 4459 2326 4515 pars
2347 4450 2702 4496 memoratur
2721 4437 2954 4496 duobus
2974 4438 3120 4495 locis
3135 4481 3152 4508 ,
3175 4437 3396 4514 quibus
3415 4437 3608 4514 duplex
3629 4435 3700 4489 im-

2191 4529 2471 4604 peratoris
2489 4527 2551 4583 in
2569 4545 2670 4584 eos
2681 4545 2823 4583 cura
2843 4539 3199 4583 memoratur
3223 4547 3237 4580 z
3260 4545 3312 4582 c.
3339 4533 3418 4592 αἱ,
3449 4551 3476 4576 ει
3503 4529 3700 4580 lenonum

2194 4619 2444 4691 vectigal
2479 4629 2536 4672 et
2563 4622 2906 4671 meretricum
2930 4626 2990 4672 et
3029 4614 3398 4672 exoletorum
3437 4617 3496 4675 in
3531 4629 3698 4670 sacrum

2194 4703 2464 4758 aerarium
2484 4701 2692 4759 inferri
2711 4703 2916 4777 vetuit,
2939 4701 3039 4759 sed
3059 4701 3396 4779 sumptibus
3415 4697 3639 4780 publicis
3651 4693 3698 4752 ad
3722 4767 3723 4778 χ

2194 4791 2670 4847 instaurationem
2728 4789 2968 4860 theatri,
3020 4791 3198 4861 circi,
3248 4789 3628 4868 amphitheatri
3664 4795 3723 4862 etj

2195 4879 2388 4935 aerarii
2413 4879 2711 4955 deputavit
2847 4881 3280 4948 brace-ariorum,
3327 4884 3614 4936 linteorum.
3647 4885 3723 4949 τϊῇ

2196 4973 2521 5023 creat-iorum
2534 5011 2547 5034 ‚
2589 4971 2924 5042 pellionum,
2953 4971 3428 5043 plaustr-ariorum
3441 5012 3454 5036 ‚
3491 4979 3696 5042 argema·

2193 5061 2413 5124 riorum,
2439 5059 2729 5128 aurificum
2745 5070 2802 5112 et
2814 5071 3121 5112 ceterarum
3140 5063 3348 5112 artium
3369 5057 3597 5130 vectigal
3605 5051 3696 5128 pul-

546 5132 754 5190 nevola
776 5150 915 5207 erga
939 5132 1299 5192 Christianos
1328 5137 1696 5211 curiositate,
1733 5140 1952 5216 quippe
1980 5161 2110 5218 quae
2200 5143 2554 5200 cherrimum
2583 5145 2857 5217 instituit,
2878 5171 2903 5196 a·
2928 5145 3132 5205 etc.33
3165 5167 3180 5201 ε
3207 5173 3232 5197 ι
3259 5163 3692 5222 corpor-nomam
