3767 5825
366 407 432 448 vi
1750 383 2183 445 PRAEFATIO.

364 528 589 594 raptos,
643 525 741 571 aut
796 515 879 570 rei
934 512 1284 570 scholasticae
1338 513 1695 570 incrementa
1748 513 1934 572 homi-

363 625 498 664 num
520 648 537 676 ‚
568 621 745 681 penes
767 621 913 678 quos
942 601 1118 658 hodie
1144 601 1404 679 potentia
1426 614 1543 673 est,
1572 604 1819 660 arbitrio
1844 603 1931 660 in-

362 706 631 772 tercepta.
668 690 785 748 Nec
817 691 1060 747 taedebat
1084 690 1456 764 adversariis,
1490 711 1637 768 quos
1678 694 1740 749 in
1766 711 1933 768 gym-

362 785 654 841 nasiorum
684 779 1002 856 quaestione
1039 792 1312 857 expertus
1340 799 1530 851 eram,
1577 781 1928 852 ostendisse,

358 891 558 929 eorum
588 887 909 938 armorum,
941 887 1073 944 quae
1092 869 1231 924 olim
1268 867 1601 926 Hermanno
1634 869 1780 926 duce
1816 881 1931 927 tra-

358 974 511 1017 ctare
539 957 889 1034 didiceram,
921 974 1090 1013 usum
1129 956 1389 1014 nondum
1420 976 1511 1014 me
1556 956 1917 1036 deposuisse.

360 1049 445 1106 lta
485 1067 591 1124 per
632 1046 892 1124 quinque
933 1064 1111 1102 sexve
1154 1064 1408 1117 menses,
1444 1065 1793 1122 quamquam
1826 1048 1930 1104 do-

360 1137 593 1195 mestica
611 1135 852 1212 insuper
881 1133 1041 1191 clade
1066 1134 1408 1208 gravissime
1434 1145 1700 1205 vexatus,
1727 1134 1930 1193 sedulo

358 1226 447 1283 his
489 1223 847 1283 carminibus
883 1220 1252 1280 recensendis
1294 1241 1529 1300 operam
1577 1222 1711 1280 dedi
1747 1245 1759 1280 :
1813 1243 1931 1299 quo

357 1313 585 1384 labore,
636 1310 925 1390 quidquid
947 1322 1228 1385 praestare
1268 1310 1435 1388 potui
1471 1311 1533 1368 in
1579 1310 1691 1368 hoc
1730 1330 1928 1368 rerum

355 1416 535 1473 statu,
580 1419 933 1478 quamquam
974 1399 1308 1476 praestitisse
1342 1417 1434 1455 me
1468 1399 1733 1456 conscius
1784 1399 1930 1457 mihi

354 1511 511 1562 sum,
545 1503 733 1547 tamen
780 1487 955 1545 etiam
995 1499 1171 1564 atque
1207 1487 1381 1544 etiam
1418 1485 1704 1544 benevola
1735 1487 1930 1562 legen-

355 1581 498 1638 tium
524 1579 698 1637 venia
710 1576 855 1633 mihi
871 1574 1242 1653 imploranda
1257 1588 1365 1648 est,
1386 1595 1564 1652 quum
1586 1578 1766 1635 multa
1786 1595 1821 1633 a
1840 1596 1932 1634 me

355 1683 453 1727 aut
490 1666 882 1747 praetermissa
908 1678 1007 1723 aut
1027 1684 1147 1722 non
1184 1677 1339 1722 recte
1377 1663 1777 1723 administrata
1803 1685 1929 1723 esse

354 1777 447 1816 me
491 1777 612 1815 non
662 1757 855 1814 lateat.
908 1757 1053 1811 Nam
1110 1765 1177 1810 ut
1229 1765 1443 1811 taceam
1495 1753 1776 1828 temporis
1829 1773 1929 1811 an-

356 1847 605 1922 gustias,
655 1841 727 1902 ad
776 1861 982 1900 manus
1032 1840 1179 1899 mihi
1224 1859 1332 1919 per
1378 1841 1657 1918 majorem
1701 1843 1929 1916 angusti

354 1934 531 2012 hujus
580 1930 861 2010 temporis
905 1943 1127 2008 partem
1170 1929 1321 1988 nihil
1368 1949 1610 2007 prorsus
1645 1943 1767 1987 erat
1813 1931 1928 1989 nisi

355 2023 481 2098 ipse
502 2020 801 2091 Manetho‚
833 2038 1013 2096 quum
1035 2016 1175 2076 libri
1216 2018 1330 2076 mei
1369 2032 1501 2075 ante
1544 2019 1652 2076 hos
1695 2019 1926 2077 demum

354 2109 501 2168 duos
523 2128 750 2168 menses
791 2107 864 2166 ad
913 2126 1007 2164 me
1049 2106 1362 2164 transmitti
1414 2107 1768 2182 potuissent3
1824 2109 1926 2166 alii

354 2212 574 2269 autem,
627 2195 844 2276 quibus
878 2195 975 2253 vel
1024 2195 1275 2253 maxime
1322 2215 1469 2274 opus
1503 2195 1650 2253 mihi
1694 2195 1926 2270 fuisset,

353 2307 460 2345 nec
494 2287 559 2345 in
588 2284 732 2343 meis
758 2296 952 2355 erant,
978 2303 1085 2342 nec
1127 2283 1365 2341 aliunde
1400 2285 1725 2359 comparari
1764 2299 1927 2363 poto-

353 2388 519 2451 rant,
549 2393 624 2433 ex
645 2372 861 2449 quibus
889 2373 1141 2430 maxime
1168 2371 1339 2429 doleo
1368 2373 1527 2449 quod
1568 2391 1674 2430 nec
1704 2375 1924 2430 Salma.

351 2471 423 2520 sii
446 2464 617 2536 liber,
645 2480 817 2540 quem
852 2461 954 2519 ille
977 2460 1049 2518 de
1072 2467 1237 2518 annis
1257 2465 1643 2517 climactericis
1662 2463 1923 2540 scripsit„

353 2572 459 2611 nec
502 2555 751 2609 Maoemi
792 2553 1016 2606 Fit-mici
1059 2540 1383 2608 Matlieseos
1423 2549 1569 2608 libri
1608 2564 1738 2608 octo
1780 2551 1923 2610 mihi

352 2639 645 2719 patebant.
673 2637 897 2715 Neque,
919 2657 1091 2714 quem
1119 2636 1343 2695 librum
1371 2657 1445 2695 ne
1457 2637 1711 2696 editores
1735 2639 1753 2716 (
1781 2659 1841 2716 p.
1864 2659 1926 2698 1x

353 2742 474 2788 not.
499 2730 517 2807 )
540 2728 777 2804 quidem
796 2725 1087 2804 inspicere
1115 2739 1418 2804 poterant,
1448 2747 1580 2784 eum
1594 2746 1702 2803 ego
1724 2741 1925 2785 nactus

354 2837 480 2876 sum
501 2861 517 2890 ‚
559 2816 660 2894 qui
714 2815 1035 2893 inscriptus
1076 2827 1163 2872 est
1208 2837 1221 2871 :
1254 2819 1485 2891 Ruperti
1536 2829 1595 2872 et
1639 2818 1924 2873 Schlicht-

352 2905 508 2967 hom
559 2909 743 2963 Neues
794 2908 1073 2979 Magazin
1120 2901 1234 2975 stit·
1292 2905 1674 2973 S'qlzullehrer,
1739 2907 1886 2981 1793
1907 2952 1923 2981 ,

353 2994 432 3067 ll,
476 2993 527 3068 1,
564 3013 627 3073 p.
662 3013 739 3069 99
768 3008 899 3071 sqq.
943 2990 1037 3051 lbi
1088 2990 1418 3067 Zieglerum
1461 2993 1534 3051 de
1577 2992 1926 3053 Manethone

353 3082 701 3141 scribentem
726 3080 777 3138 T
778 3080 1050 3158 yrwhitti
1074 3080 1317 3155 vestigia
1338 3093 1591 3139 secutum
1625 3100 1751 3138 esse
1773 3080 1920 3139 dicit

354 3169 758 3245 Bernhardyus
790 3169 831 3226 l.
869 3190 921 3229 c.
955 3168 1113 3238 Quas
1140 3168 1239 3226 hic
1262 3169 1387 3227 illic
1414 3174 1705 3226 Lete-ennii
1728 3189 1924 3227 emen·

352 3260 614 3317 dationes
637 3258 1122 3328 commemoravi,
1153 3257 1319 3315 hausi
1345 3278 1417 3315 ex
1447 3258 1767 3335 exemplari
1797 3258 1923 3315 edi·

354 3348 531 3406 tionis
552 3346 949 3404 Gronovianae
966 3389 984 3417 ,
1016 3344 1175 3423 qnod
1202 3346 1343 3403 olim
1364 3347 1493 3422 ejus
1525 3347 1644 3403 viri
1664 3347 1923 3404 eminen-

354 3435 566 3495 tissimi
609 3447 763 3507 erat,
814 3453 971 3492 nunc
998 3446 1087 3491 est
1124 3433 1373 3491 Firmini
1414 3435 1611 3491 Didot.
1656 3434 1767 3491 Sed
1799 3436 1924 3511 jam

354 3524 426 3582 ad
456 3542 581 3583 rem
609 3523 799 3601 ipsam
822 3522 1053 3579 accedo.

434 3614 624 3691 Atque
649 3623 716 3670 ut
746 3612 1003 3690 primum
1040 3610 1181 3687 quid
1209 3610 1471 3693 judicem
1515 3611 1587 3668 de
1622 3610 1922 3669 Manetho-

354 3703 545 3760 nianis
565 3720 739 3778 quam
758 3698 1111 3757 brevissime
1124 3699 1635 3777 comprehendam,
1652 3698 1927 3758 habemus

355 3792 418 3849 in
445 3791 521 3849 iis
540 3790 739 3868 primo
768 3807 1004 3846 carmen
1024 3807 1207 3845 unum
1237 3799 1294 3844 et
1323 3789 1663 3845 continuum
1693 3801 1751 3845 et
1773 3790 1791 3865 (
1812 3790 1924 3846 nisi

356 3879 501 3937 forte
532 3877 807 3956 prooemii
840 3875 1103 3953 quaedam
1130 3876 1435 3951 perierunt
1460 3878 1476 3949 )
1500 3875 1757 3954 exceptis
1781 3896 1924 3953 pau-

355 3968 439 4025 cis
465 3965 815 4045 quibusdam
844 3966 1163 4043 parvisque
1195 3964 1455 4032 lacunis,
1494 3984 1743 4041 prorsus
1782 3966 1927 4023 inte·

354 4075 547 4132 grum,
571 4068 840 4113 constans
868 4053 1015 4111 illud
1039 4056 1191 4110 libris
1210 4051 1291 4125 ll,
1326 4051 1433 4125 111,
1461 4068 1516 4109 et
1534 4051 1634 4125 Vl,
1659 4073 1809 4131 quos
1834 4055 1924 4112 in-

356 4158 443 4203 ter
464 4164 525 4203 se
540 4144 872 4203 simillimos
895 4156 953 4201 et
975 4141 1049 4200 ab
1073 4162 1193 4201 uno
1215 4155 1385 4220 poeta
1412 4142 1701 4220 profectos
1723 4163 1927 4219 quam·

355 4252 528 4310 quam
544 4246 698 4290 recte
710 4232 993 4308 postremi
1009 4231 1259 4289 editores
1283 4231 1719 4303 intellexerunt,
1734 4244 1925 4290 tamen

354 4322 632 4379 carminis
668 4330 1011 4398 perpetuum
1052 4320 1211 4377 filum
1249 4340 1437 4397 neque
1478 4320 1591 4398 ipsi
1623 4334 1929 4379 senserunt

356 4428 543 4486 neque
570 4410 761 4467 inesse
794 4408 927 4465 aliis
952 4421 1380 4486 persuaserunt.
1402 4406 1695 4465 Habemus
1716 4408 1926 4466 deinde

352 4497 641 4555 inclusum
689 4498 830 4552 libro
864 4509 1061 4571 quarto
1098 4496 1345 4553 alterum
1379 4516 1610 4553 carmen
1630 4540 1646 4568 ‚
1693 4494 1765 4553 ab
1808 4498 1924 4554 alio

354 4602 540 4660 eoque
563 4583 891 4641 recentiore
910 4596 1144 4639 auctore
1159 4584 1568 4659 compositum,
1600 4595 1657 4639 et
1688 4583 1923 4658 quidem

354 4684 455 4729 aut
468 4671 541 4730 ad
570 4672 791 4749 prioris
810 4671 1113 4740 carminiS,
1138 4670 1295 4747 quod
1315 4669 1687 4749 probabilius
1702 4684 1921 4747 putem,

354 4772 454 4816 aut
490 4758 562 4817 ad
590 4758 941 4836 antiquioris
970 4758 1297 4831 cujusdam,
1328 4758 1483 4814 unde
1522 4758 1669 4815 illud
1693 4779 1927 4835 quoque

356 4847 524 4904 fluxit
540 4890 557 4918 ,
585 4848 970 4905 imitationem
994 4835 1357 4925 expressum,
1393 4846 1495 4903 sed
1525 4846 1672 4903 illud
1694 4859 1751 4903 et
1775 4849 1922 4905 mul-

312 4976 317 4981 ·
355 4936 429 4993 tis
452 4934 720 5013 partibus
737 4935 1063 5009 mutilatum
1086 4947 1143 4993 et
1162 4936 1223 4992 in
1246 4954 1442 4994 rerum
1468 4933 1618 4993 serie
1638 4934 1926 4992 locorum-

356 5041 469 5099 que
510 5023 718 5080 ordine
766 5016 1057 5081 turbatum
1080 5068 1095 5094 ,
1144 5023 1386 5082 fortasse
1436 5023 1607 5080 etiam
1658 5022 1755 5080 hic
1803 5024 1926 5081 illic

355 5112 762 5186 interpolatum
772 5155 785 5169 .
808 5111 1098 5169 Habemus
1108 5113 1358 5189 denique
1372 5112 1516 5169 duas
1530 5112 1922 5182 collectione8‚

358 5219 602 5276 quarum
636 5198 815 5255 altera
846 5219 1026 5276 eaque
1050 5201 1254 5256 melior
1276 5210 1523 5275 prinum,
1562 5198 1743 5257 altera‘
1770 5209 1928 5275 quin·

2025 528 2108 570 tus
2161 516 2307 572 liber
2349 513 2698 572 inscribitur
2720 557 2737 584 ,
2800 533 2834 570 a
2878 513 3108 572 duobus
3159 515 3508 575 hominibus
3543 533 3596 576 et

2023 603 2356 678 ignorantia
2395 615 2714 660 metrorum
2758 604 3162 680 sermonisque
3207 608 3386 678 graeci
3422 619 3488 663 et
3520 607 3600 663 in·

2026 693 2182 766 genii
2207 704 2446 768 stupore
2475 691 2794 748 simillimis
2825 691 3028 762 factas,
3061 691 3278 768 quibus
3307 693 3598 752 ‹liversis-

2025 781 2304 837 simorum
2327 793 2628 856 poetarum
2657 779 2970 856 fragmenta
2993 792 3049 836 et
3069 781 3598 840 insulsissimorum

2029 869 2516 938 versificatorum,
2545 887 2696 944 quos
2719 866 2950 925 eosdem
2991 887 3120 924 cum
3151 869 3600 947 excerptoribus

2024 976 2141 1014 esse
2167 970 2393 1034 putem,
2422 956 2592 1013 foetus
2609 959 2996 1027 continentur,
3022 956 3184 1014 nullo
3204 957 3316 1014 nisi
3343 971 3602 1016 externae

2024 1044 2323 1122 cujusdam
2354 1063 2551 1102 rerum
2589 1044 3008 1121 nominumque
3035 1045 3445 1104 similitudinis
3473 1049 3602 1104 vin-

2023 1135 2155 1191 culo
2185 1134 2547 1192 cohaerentia.

2104 1221 2182 1279 Ut
2201 1223 2320 1295 jam
2361 1222 2431 1281 ad
2457 1229 2624 1299 prius
2651 1243 2878 1278 carmen
2919 1221 3216 1293 accedam,
3259 1223 3424 1299 quod
3467 1223 3602 1301 jure

2023 1323 2221 1367 nostro
2261 1312 2323 1367 in
2357 1310 2466 1369 hac
2507 1310 2764 1368 editione
2802 1314 3060 1387 primum
3100 1311 3286 1386 locum
3327 1310 3600 1372 obtinere

2015 1399 2315 1470 jussimus,
2337 1400 2578 1458 retentis
2587 1411 2780 1456 tamen
2797 1399 3322 1476 propterlectorum
3334 1421 3599 1460 commo-

2022 1487 2256 1545 ditatem
2273 1489 2568 1545 veteribus
2591 1485 2880 1544 librorum
2905 1487 3166 1544 numeris
3189 1508 3203 1543 :
3223 1485 3344 1563 jam
3357 1490 3599 1562 priores

2023 1577 2210 1634 critici
2257 1596 2378 1633 non
2423 1575 2629 1656 dubito
2677 1577 2820 1651 quin
2871 1575 2944 1632 ad
2996 1575 3234 1633 eandem
3283 1575 3598 1636 nobiscum

2022 1666 2360 1742 opinionem
2382 1666 2818 1740 pervenissent,
2852 1665 3112 1721 animum
3141 1665 3203 1721 in
3225 1663 3596 1738 singulorum

2022 1773 2294 1812 versuum
2329 1765 2385 1811 et
2412 1753 2728 1811 verborum
2753 1757 3096 1810 tractatione
3133 1753 3308 1810 nimis
3335 1751 3596 1814 defixum

2019 1844 2064 1900 si
2089 1844 2158 1900 ad
2185 1845 2520 1902 universum
2550 1843 2832 1900 carminis
2869 1841 3152 1900 ambitum
3181 1853 3238 1898 et
3265 1847 3596 1918 argumenti

2021 1933 2460 1989 continuitatem
2485 1930 2912 2013 inspiciendam
2935 1930 3031 1986 vel
3057 1928 3249 1987 obiter
3273 1935 3594 1991 convertis·

2021 2034 2165 2077 sent.
2193 2019 2261 2078 Id
2293 2021 2500 2077 vitium
2517 2063 2534 2091 ‚
2563 2019 2702 2076 satis
2734 2037 3044 2076 commune
3076 2017 3265 2075 adhuc
3293 2020 3458 2096 apud
3483 2022 3598 2098 phi-

2021 2109 2240 2184 lologos
2257 2108 2382 2185 ejus
2399 2111 2644 2184 generiS,
2675 2107 2833 2184 quod
2854 2114 3066 2162 stricta·
3081 2110 3457 2164 observantia*
3469 2108 3598 2166 bar-

2020 2195 2218 2254 barico
2253 2198 2492 2254 nomine
2525 2196 2807 2275 appellari
2830 2194 2987 2253 haud
3027 2207 3286 2266 recusat,
3317 2196 3496 2254 etiam
3539 2219 3596 2255 m

2019 2285 2365 2343 Manethone
2393 2286 2767 2343 commissum
2791 2303 2916 2342 esse
2935 2303 3006 2341 eo
3039 2285 3222 2358 magis
3243 2286 3468 2342 mirum
3495 2302 3593 2357 est,

2020 2375 2178 2451 quod
2211 2375 2310 2431 via
2355 2375 2524 2451 quasi
2566 2374 2750 2450 digito
2787 2374 3240 2431 commonstrari
3287 2375 3596 2434 videbatur

2020 2485 2124 2541 per
2150 2465 2256 2522 illa
2277 2477 2612 2537 argumenta
2631 2484 2842 2538 graeca,
2881 2483 3012 2538 quae
3035 2465 3128 2518 his
3151 2467 3292 2520 solis
3315 2467 3492 2520 tn'bm·
3525 2470 3594 2520 11·-

2019 2556 2128 2608 br1‘s
2143 2553 2380 2630 praefixa
2402 2571 2509 2629 pro
2531 2549 2891 2608 validissimo
2903 2563 3042 2607 sunt
3057 2565 3410 2626 argumento
3423 2567 3592 2610 exter—

2018 2663 2107 2710 no,
2151 2659 2250 2698 eos
2275 2642 2435 2716 ipsos
2459 2638 2639 2697 libros
2663 2638 2784 2715 jam
2824 2638 2898 2695 ab
2923 2639 3594 2719 antiquislibrariispro

2017 2749 2136 2786 uno
2161 2747 2406 2806 corpore
2443 2727 2670 2784 habitos
2697 2745 2841 2784 esse.
2890 2726 3094 2803 ltaque
3131 2747 3200 2783 eo
3243 2729 3434 2803 magis
3459 2751 3594 2806 gau-

2017 2816 2271 2875 dendum
2305 2829 2412 2887 est,
2445 2815 2603 2892 quod
2633 2815 2970 2891 quicunque
2999 2816 3313 2873 nasutulus
3337 2831 3442 2874 aut
3481 2819 3594 2875 ine-

2015 2907 2208 2982 ptiens
2256 2904 2450 2963 scriba
2495 2905 2752 2981 pristino
2792 2904 3000 2963 horum
3046 2902 3342 2963 librorum
3395 2905 3596 2965 ordine

2017 3012 2221 3051 everso
2241 2993 2637 3051 diversissima
2657 2994 2823 3068 quasi
2851 2992 3112 3069 ejusdem
3134 2994 3403 3051 auctoris
3427 3016 3488 3051 m
3503 3014 3592 3053 sex

2017 3082 2200 3140 libros
2223 3082 2452 3152 divisit,
2478 3081 2630 3139 idem
2657 3094 2850 3138 tamen
2871 3094 3094 3139 tantum
3129 3082 3443 3157 religionis
3461 3086 3594 3141 reti-

2017 3170 2176 3241 nuit,
2219 3182 2282 3225 ut
2323 3182 2660 3244 argumenta
2698 3169 2802 3227 illa
2835 3168 3093 3247 abjicere
3139 3170 3434 3243 noluerit;
3471 3192 3590 3229 nam

2017 3259 2238 3316 similia
2261 3259 2467 3315 ceteris
2501 3258 2673 3316 libris
2690 3301 2705 3327 ,
2731 3261 3054 3335 praesertim
3079 3272 3296 3335 quarto
3315 3258 3586 3319 distorto.

2017 3348 2364 3425 praemittere
2391 3347 2484 3403 vel
2508 3347 3019 3421 ingeniosissimus
3048 3365 3170 3403 non
3195 3348 3494 3409 valuisset.

2095 3434 2204 3493 Sed
2247 3435 2330 3508 si,
2376 3448 2848 3508 argumentorum
2893 3433 3162 3509 vestigiis
3229 3437 3404 3511 quasi
3457 3438 3592 3495 insi·

2017 3536 2251 3597 stentes‚
2269 3523 2341 3579 ad
2358 3542 2588 3580 carmen
2604 3524 2796 3600 ipsum
2816 3522 3175 3599 accedimus,
3199 3524 3474 3583 videmus
3485 3539 3590 3583 tam

2017 3622 2206 3686 aptam
2249 3630 2374 3668 esse
2419 3623 2592 3687 atque
2629 3611 3114 3687 circumspectam
3153 3630 3356 3669 rerum
3399 3613 3590 3691 dispo-

2017 3698 2312 3770 sitionem,
2334 3712 2448 3755 tam
2467 3698 2667 3755 omnia
2685 3697 2835 3755 bene
2853 3697 3168 3767 cohaerere,
3191 3712 3312 3757 tam
3331 3702 3594 3759 sollerter

2017 3786 2088 3842 ad
2135 3787 2446 3846 evolvendi
2491 3800 2548 3844 et
2601 3787 2940 3844 consulendi
2987 3788 3324 3846 facilitatem
3367 3791 3592 3865 singula

2019 3876 2337 3952 composita
2349 3894 2486 3945 esse,
2504 3887 2570 3931 ut
2592 3875 2715 3931 haec
2734 3894 2826 3932 res
2843 3895 3033 3952 neque
3052 3876 3117 3933 in
3137 3876 3384 3939 fortuita
3403 3880 3592 3935 vario·

2019 3982 2148 4019 rum
2177 3964 2630 4039 fragmentorum
2651 3964 3048 4021 cumulatione
3071 3964 3230 4023 felici
3249 3985 3394 4024 casu
3411 3986 3594 4025 emer·

2018 4070 2173 4125 gere,
2197 4071 2303 4109 nec
2331 4051 2674 4129 prodigioso
2702 4052 2952 4109 duorum
2981 4052 3076 4109 vel
3098 4053 3368 4128 plurium
3405 4054 3594 4113 homi·

2019 4158 2155 4195 num
2179 4158 2464 4197 consensu
2481 4139 2741 4196 inveniri
2767 4141 3044 4217 potuerit.
3062 4144 3224 4199 Neve
3245 4142 3406 4201 ullus
3423 4144 3592 4199 relin-

2019 4241 2230 4302 quatur
2295 4227 2604 4286 dubitandi
2650 4242 2997 4305 praetextus»,
3050 4244 3226 4306 poeta
3292 4231 3414 4308 ipse
3481 4248 3592 4285 non

2017 4321 2203 4374 solum
2251 4316 2393 4374 libri
2432 4318 2584 4375 tertii
2629 4330 2685 4374 et
2731 4322 2878 4376 sexti
2934 4320 3142 4395 initio,
3193 4318 3298 4377 ubi
3345 4318 3592 4395 majores

2019 4405 2217 4481 operis
2245 4417 2436 4482 partes
2466 4406 2646 4462 finitae
2677 4420 2841 4476 sunt,
2869 4405 3078 4465 brevia
3119 4408 3412 4484 prooemia
3451 4424 3592 4483 prae-

2019 4493 2214 4564 mittit,
2237 4512 2443 4551 verum
2469 4497 2638 4550 etiam
2665 4494 2872 4552 mediis
2897 4498 2960 4551 in
2985 4494 3160 4552 libris
3179 4494 3286 4551 vix
3315 4494 3386 4551 ad
3411 4494 3588 4551 alium

2017 4581 2208 4639 locum
2237 4582 2460 4653 transit,
2488 4583 2636 4658 quin
2676 4582 2891 4639 diserte
2929 4582 3038 4638 hoc
3063 4582 3256 4658 ipsum
3293 4580 3522 4639 indicet
3541 4594 3590 4635 et

2017 4670 2088 4727 ad
2122 4670 2296 4746 spatii
2319 4670 2444 4745 jam
2485 4671 2706 4727 emensi
2757 4682 2908 4727 certe
2952 4683 3251 4744 postrema
3291 4670 3588 4747 respiciat.

2017 4757 2294 4832 Singulos
2322 4758 2483 4816 locos
2514 4758 2727 4816 deinde
2754 4755 3167 4817 indicabimus.

2095 4846 2306 4907 Verum
2331 4866 2404 4903 ne
2431 4865 2585 4905 vana
2607 4847 3022 4925 praedicavisse
3035 4846 3366 4916 videamur,
3405 4844 3482 4901 ad
3503 4864 3588 4900 ac-

2018 4936 2363 4993 curatiorem
2416 4936 2742 5011 argumenti
2793 4934 3224 4992 enarrationem
3271 4932 3590 5011 progredi--

2019 5046 2168 5101 mur,
2190 5025 2344 5083 unde
2383 5022 2692 5103 apparebit
2718 5022 2830 5080 hoc
2851 5042 3110 5095 carmen,
3137 5036 3204 5081 ut
3221 5022 3488 5081 subinde
3515 5022 3586 5074 la-

2018 5116 2184 5171 cunis
2213 5114 2559 5190 plerumque
2586 5112 2763 5168 unius
2781 5129 2988 5168 versus
3015 5112 3370 5175 mutilatum,
3407 5110 3492 5166 ita
3519 5106 3588 5161 ab

2017 5200 2562 5277 interpolationibus
2594 5218 2834 5275 prorsus
2863 5218 3114 5255 vacuum
3147 5218 3300 5269 esse,
3323 5210 3392 5254 ut
3417 5198 3579 5253 etiam
