3767 5825
357 418 393 469 a
1192 372 1196 377 ’
1539 402 1842 463 ΛΡΜ-οι·
1880 400 2367 465 aimonem.

359 539 585 613 γλαυκοῦ
606 526 914 606 πεπτηῶτες
938 533 1038 591 ὑπὸ
1061 536 1315 611 πλευρῇσι
1335 537 1554 609 Ααγωοῦ

255 628 336 691 ⁸70'
362 624 610 699 νώνυμοι·
639 626 697 682 οὐ
725 620 827 702 γὰρ
852 621 987 699 τοίγε
1006 622 1316 696 τετυγμένου
1338 619 1568 677 εἰδώλοιο

365 712 645 791 βεὸλέαται
667 708 935 787 μελέεσσιν
965 706 1210 780 ἐοικότες,
1233 698 1314 765 οἶά
1340 730 1396 765 τε
1425 707 1596 764 πολλὰ

361 799 520 869 ἑξείης
548 798 836 876 στιχόωντα
863 794 1186 874 παρέρχεται
1208 794 1340 849 αὐτὰ
1363 794 1578 851 κέλευθα

363 886 620 963 ἀνομένων
647 884 823 957 ἐτέων,
847 882 916 941 τοί
943 904 1019 948 τις
1047 883 1244 961 ἀνδρῶν
1267 882 1438 938 οὐκέτ’
1467 882 1651 939 ἐόντων

361 972 604 1054 ἐφράσατ’
622 972 705 1044 ἠδ’
725 969 932 1041 ἐνόησεν
959 966 1149 1027 ἅπαντ’
1166 968 1419 1043 ὀνομαστὶ
1443 968 1696 1026 καλέσσαι

254 1083 335 1125 επ
357 1060 512 1133 ἤλιθα
542 1058 820 1139 μορφώσας
834 1082 856 1139 ⁸.
877 1060 935 1115 οὗ
965 1056 1066 1135 γάρ
1088 1058 1141 1113 κ’
1167 1054 1448 1123 ἐδυνήσατο
1469 1057 1677 1112 πάντων

357 1148 485 1207 οἰόθι
512 1145 827 1229 κεκριμένων
856 1144 998 1219 ὄνομ’
1021 1146 1186 1202 εἰπεῖν
1213 1142 1328 1200 οὐδὲ
1359 1144 1572 1213 δαῆναι·

356 1232 542 1293 πολλοὶ
562 1232 664 1315 γὰρ
682 1232 852 1308 πάντῃ
869 1275 885 1302 ,
917 1228 1117 1288 πολέων
1147 1230 1190 1287 δ’
1221 1231 1305 1286 ἐπὶ
1317 1218 1414 1285 ἶσα
1441 1229 1686 1286 πέλονται

359 1322 523 1401 μέτρα
546 1344 599 1377 τε
629 1320 718 1379 καὶ
747 1317 926 1397 χροιή,
954 1317 1147 1382 πάντες
1171 1338 1230 1393 γε
1255 1314 1346 1389 μὲν
1372 1315 1724 1393 ἀμφιέλικτοι.

351 1412 428 1490 τῷ
451 1408 541 1467 καὶ
560 1406 847 1485 ὃμηγερέας
867 1409 914 1464 οἱ
935 1406 1138 1463 ἐείσατο
1160 1404 1478 1473 ποιήσασθαι

253 1524 334 1563 380
361 1497 612 1577 ἀστέρας,
633 1494 746 1574 ὄφρ’
771 1492 950 1561 ἐπιτὰξ
980 1492 1125 1572 ἄλλῳ
1147 1490 1524 1569 παρακείμενος
1549 1490 1703 1557 ἄλλος

362 1584 499 1642 εἴδεα
523 1582 844 1659 σημαίνοιεν.
878 1578 1019 1660 ἄφαρ
1045 1581 1090 1637 δ’
1120 1577 1388 1653 ὀνομαστὰ
1411 1576 1617 1654 γένοντο

359 1669 554 1749 ἄστρα,
581 1670 672 1727 καὶ
694 1668 865 1727 οὐκέτι
887 1672 976 1723 ν’ῠν
1000 1664 1097 1724 ὑπὸ
1117 1664 1346 1742 θαύματι
1363 1664 1602 1722 τέλλεται
1624 1664 1816 1745 ἀστήρ·

357 1758 472 1818 ἀλλ’
497 1760 544 1816 οἱ
570 1755 665 1833 μὲν
688 1760 931 1834 καθαροῖς
954 1754 1255 1833 ἔναρηρότες
1277 1754 1560 1810 εἰδώλοισιν

357 1846 653 1929 φαίνονται·
677 1842 744 1900 τὰ
769 1846 812 1900 δ’
835 1840 1005 1923 ἔνερθε
1028 1840 1362 1917 διωκομένοιο
1389 1846 1610 1916 Λαγωοῢ

254 1957 332 1997 aas
364 1933 536 1991 πάντα
566 1933 691 2009 μάλ’
713 1930 959 2009 ἠερόεντα
980 1927 1070 1987 καὶ
1093 1931 1185 1986 οὗκ
1210 1925 1475 2003 ὀνομαστὰ
1499 1926 1758 2007 φέρονται.

440 2021 621 2079 Νειόθι
650 2020 694 2075 δ’
727 2019 1070 2095 Αἰγοκερῆος,
1093 2014 1196 2073 ὑπὸ
1223 2021 1434 2093 πνοιῇσι
1451 2013 1641 2087 νότοιο,

361 2106 587 2186 Ἰχθὺς
611 2108 863 2176 ἕςνΚῆτος
887 2102 1236 2184 τετραμμένος
1257 2106 1525 2183 αἰωρεῖται

360 2184 462 2261 οἶος
483 2193 591 2253 ἀπὸ
616 2190 900 2272 προτέρων,
931 2189 1159 2251 Νότιον
1185 2190 1242 2249 δέ
1263 2194 1288 2249 ἑ
1313 2190 1701 2261 κικλήσκουσιν.

437 2280 615 2342 Ἄλλοι
639 2279 694 2338 δὲ
718 2280 986 2359 σποράδην
1015 2278 1341 2354 ὑποκείμενοι
1369 2276 1654 2358 εΥδροχοῆἴ

258 2396 340 2438 m
362 2367 562 2439 Κήτεος
579 2365 822 2447 αἰθερίοιο
843 2366 935 2426 καὶ
953 2364 1150 2445 Ἰχθύος
1166 2364 1465 2445 ἠερέθονται

362 2456 545 2532 μέσσοι
564 2452 815 2533 νωχελέες
840 2452 931 2511 καὶ
959 2453 1216 2528 ἀνώνυμοι
1235 2476 1248 2488 ·
1269 2452 1444 2529 ἐγγύθι
1465 2450 1522 2509 δέ
1541 2473 1732 2531 σφεων,

363 2542 616 2622 δεξιτερῆς
646 2540 751 2599 ἀπὸ
773 2538 947 2621 χειρὸς
971 2542 1170 2616 ἀγαυοῦ
1193 2537 1524 2617 Ὗδροχόοιο,

361 2630 444 2701 οἴη
476 2646 548 2695 τις
573 2632 622 2688 τ’
646 2630 796 2704 ὀλίγη
820 2626 970 2707 χύσις
995 2624 1181 2693 ὕδατος
1206 2624 1329 2685 ἔνθα
1357 2626 1448 2685 καὶ
1471 2626 1592 2682 ἔνθα

365 2715 730 2793 σκιδναμένου,
757 2713 982 2794 χαροποὶ
1007 2712 1097 2773 καὶ
1123 2712 1364 2779 ἀναλδέες
1388 2712 1718 2771 εἱλίσσονται.

257 2834 337 2875 aaa
365 2808 416 2863 ἐν
439 2803 495 2865 δέ
523 2827 642 2884 σφιν
662 2802 753 2862 δύο
775 2804 975 2879 μᾶλλον
995 2798 1273 2879 ἐειδόμενοι
1295 2802 1565 2881 φορέονται

364 2892 574 2976 ἀστέρες
588 2938 605 2964 ,
624 2888 741 2950 οὔτε
759 2915 810 2950 τι
829 2889 1020 2950 πολλὸν
1041 2888 1266 2972 ἀπήοροι
1284 2889 1400 2949 οὔτε
1423 2890 1547 2967 μάλ’
1570 2889 1748 2968 ἐγγύς,

365 2973 435 3046 εἷς
460 2979 552 3054 μὲν
575 2979 661 3038 ὑπ’
685 2977 1021 3060 ἀμφοτέροισι
1038 2978 1190 3038 ποσὶν
1213 2979 1369 3046 καλός
1387 3003 1442 3037 τε
1468 2979 1631 3055 μέγας
1651 3001 1704 3034 τε

369 3065 656 3148 Ὗδροχόου
674 3110 690 3138 ,
721 3069 749 3123 δ
776 3064 830 3123 δὲ
858 3063 1076 3126 κυανέου
1101 3063 1204 3125 ὑπὸ
1227 3065 1426 3134 Κήτεος
1454 3069 1608 3144 οὐρῇ,

365 3153 483 3220 τοὺς
503 3153 700 3219 πάντας
723 3149 995 3212 καλέουσιν
1011 3148 1265 3232 ’Theo
1300 3155 1466 3228 ὀλίγοι
1488 3175 1546 3230 γε
1575 3151 1668 3228 μὲν
1699 3151 1845 3208 ἄλλοι

263 3270 343 3309 too
367 3242 520 3300 νειόθι
546 3245 596 3300 Τ
597 3240 864 3320 οξευτῆρος
888 3238 991 3298 ὕπὸ
1015 3237 1314 3322 προτέροισι
1341 3243 1582 3298 πόδεσσιν

368 3329 584 3407 ἄγνωτοι
608 3327 786 3407 κύκλῳ
813 3325 1083 3406 περιηγέες
1103 3328 1438 3388 εἱλίσσονται.

447 3414 626 3494 Αὐτὰρ
648 3417 736 3472 ὑπ’
754 3411 1013 3494 αἰθομένῳ
1030 3412 1226 3495 κέντρῳ
1244 3415 1423 3493 τέραος
1444 3413 1691 3493 μεγάλοιο

369 3503 634 3582 Σκορπίου
648 3546 663 3573 ,
688 3499 816 3580 ἄγχι
841 3501 1034 3573 νότοιο,
1063 3503 1202 3560 Θυτ
1217 3503 1251 3572 ή
1265 3525 1294 3580 ρ
1312 3525 1370 3559 ιο
1385 3526 1410 3557 ν
1437 3505 1722 3578 αἰωρεῖται.

369 3596 456 3649 τοῦ
482 3591 527 3648 δ’
549 3587 665 3661 ἤτοι
686 3586 858 3665 ὀλίγον
882 3585 977 3664 μὲν
999 3585 1084 3645 ἐπὶ
1108 3586 1291 3668 χρόνον
1314 3589 1457 3666 ὑψόθ’
1479 3590 1643 3652 ἐόντος

264 3702 345 3742 405
368 3677 612 3736 πεύσεαν
636 3673 917 3756 ἀντιπέρην
942 3673 1046 3755 γὰρ
1065 3676 1294 3754 ἀείρεται
1315 3675 1367 3734 ,Ἀ
1378 3677 1661 3756 ρκτούροιο.

367 3765 558 3844 καὶτῷ
590 3761 684 3839 μὲν
715 3759 858 3839 μάλα
885 3761 1068 3841 πάγχυ
1099 3762 1344 3840 μετήοροί
1373 3765 1478 3839 εἰσι
1500 3762 1732 3820 κέλευθοι

369 3849 689 3934 Ἀρκτούρῳ,
713 3848 774 3906 τὸ
797 3848 852 3907 δὲ
873 3852 1063 3908 θᾶσσον
1085 3848 1169 3930 ὑφ’
1190 3849 1432 3927 ἑσπερίην
1457 3851 1556 3906 ἅλα
1579 3859 1754 3908 νεῖται.

370 3939 483 3997 ἀλλ’
509 3937 610 4015 ἄρα
629 3936 718 3994 καὶ
745 3935 864 4016 περὶ
891 3940 1028 3994 κεῖνο
1048 3936 1310 4015 Θυτήριον
1333 3937 1528 4015 ἀρχαίη
1559 3937 1690 4007 Νύξ,

371 4022 654 4106 ἀνθρώπων
672 4023 926 4083 κλαίουσα
954 4023 1129 4095 πόνον,
1153 4027 1410 4102 χειμῶνος
1436 4025 1614 4095 ἔθηκεν

266 4127 347 4168 ειο
373 4113 596 4172 εἰναλίου
616 4111 750 4189 μέγα
772 4115 936 4188 σῆμα.
968 4113 1302 4188 κεδαιόμεναι
1325 4113 1425 4195 γὰρ
1445 4114 1614 4192 ἐκείνῃ

369 4207 486 4271 νῆες
509 4198 614 4268 ἀπὸ
639 4197 818 4280 φρενός
842 4201 968 4257 εἰσι·
987 4198 1055 4256 τὰ
1078 4201 1124 4256 δ’
1145 4199 1360 4258 ἄλλοθεν
1383 4200 1520 4257 ἄλλα
1545 4199 1824 4278 πιφαύσκει

372 4286 586 4364 σήματ’,
606 4285 997 4366 ἐποικτείρουσα
1017 4285 1381 4367 πολυῤῥοθίους
1402 4286 1714 4364 ἀνθρώπους.

372 4379 448 4452 τῷ
469 4371 546 4451 μή
567 4393 656 4449 μοι
677 4371 896 4448 πελάγει
913 4371 1107 4452 νεφέων
1131 4372 1396 4448 εἰλυμένον
1419 4375 1578 4452 ἀχλυῒ

374 4459 526 4540 εὔχεο
555 4459 768 4535 μεσσόθι
785 4461 924 4518 κεῖνο
946 4458 1240 4538 φανήμεναι
1269 4462 1471 4538 οὐρανῷ
1498 4459 1705 4537 ἄστρον,

270 4567 352 4608 uli
377 4549 504 4607 αὐτὸ
527 4547 620 4626 μὲν
643 4545 886 4627 ἀνέφελόν
904 4569 961 4603 τε
984 4545 1075 4604 καὶ
1100 4544 1313 4624 ἀγλαόν,
1336 4545 1426 4626 ὕψι
1446 4549 1499 4604 δὲ
1527 4551 1722 4622 μᾶλλον

374 4636 678 4712 κυμαίνοντι
694 4633 834 4709 νέφει
853 4632 1214 4710 πεπιεσμένον,
1232 4623 1316 4690 οἷά
1335 4657 1390 4690 τε
1409 4635 1578 4692 πολλὰ

378 4721 569 4782 θλί6ετ’
592 4719 991 4786 ἀναστέλλοντος
1019 4723 1274 4801 ὀπωρινοῧ
1296 4720 1522 4795 ἀνέμοιο.

376 4809 603 4870 πολλάκι
623 4808 722 4888 γὰρ
749 4811 838 4866 καὶ
863 4814 1014 4866 τοῦτο
1040 4807 1170 4888 νότῳ
1199 4807 1286 4864 ἔπι
1320 4813 1464 4881 σῆμα
1489 4809 1715 4867 τιτύσκει

378 4895 465 4965 νὺξ
489 4895 622 4965 αὐτή
639 4940 656 4972 ,
683 4895 944 4974 μογεροῖσι
965 4892 1284 4976 χαριζομένη
1308 4896 1574 4973 ναύτῃσιν.

274 4997 358 5038 ιω
379 4986 426 5042 οἱ
455 4985 500 5042 δ’
529 4985 573 5040 εἰ
597 4983 691 5058 μέν
715 5005 774 5040 κε
801 4982 1054 5039 πίθωνται
1076 4981 1320 5055 ἐναίσιμα
1349 4984 1700 5060 σημαινούσῃ,

381 5061 512 5151 αἶψά
534 5093 590 5128 τε
612 5068 780 5142 κοῦφά
798 5091 852 5125 τε
874 5067 1043 5126 πάντα
1063 5069 1154 5127 καὶ
1171 5068 1326 5151 ἄρτια
1351 5069 1696 5142 ποιήσωνται,

383 5155 551 5216 αὐτίκ’
570 5158 907 5234 ἐλαφρότερος
925 5154 1141 5214 πέλεται
1162 5155 1338 5223 πόνος·
1359 5159 1406 5214 εἰ
1428 5156 1486 5214 δέ
1508 5179 1570 5216 κε
1595 5154 1682 5230 νηῒ

1986 538 2145 601 glauci
2167 541 2445 590 volutantes
2470 538 2561 587 sub
2582 538 2809 593 latu-ibus
2826 540 3047 602 Leporis,

1998 626 2173 689 ignotae
2195 630 2320 677 sunt
2341 640 2359 674 .·
2378 640 2477 675 non
2494 628 2621 675 enim
2645 626 2739 674 illae
2764 626 2958 676 connati
2974 627 3217 677 simulacri

2000 714 2231 775 conjectae
2252 716 2367 763 sunt
2388 712 2614 762 membris
2634 713 2837 774 similes,
2858 703 3019 775 qualia
3038 714 3190 763 multa

1999 814 2061 849 ex
2076 800 2243 849 ordine
2270 798 2533 849 incedentia
2548 800 2881 861 perambulant
2898 800 3085 851 easdem
3102 804 3297 851 semitas
3364 801 3554 865 [stilum

2000 888 2247 949 completis
2267 889 2404 937 annis
2428 906 2441 937 ι
2476 901 2596 950 quas
2625 887 2733 949 quis
2754 888 3002 937 bominum
3024 902 3121 937 non
3156 890 3369 950 amplius
3394 903 3553 951 super-

1999 975 2271 1024 observavit
2281 978 2330 1023 et
2342 975 2633 1037 excogitavit
2655 975 2904 1025 universas
2922 975 3203 1025 nominatim
3220 976 3471 1037 appellare
3484 1012 3501 1037 ,

1996 1062 2272 1123 junctarum
2292 1062 2493 1125 figuram
2504 1060 2791 1125 imaginatus
2811 1081 2824 1112 z
2844 1075 2941 1112 non
2954 1064 3083 1111 euim
3096 1064 3327 1125 potuisset
3344 1077 3555 1111 omnn-

2001 1152 2211 1200 solarum
2230 1152 2279 1199 et
2302 1151 2635 1201 distinctarum
2648 1163 2825 1201 nomen
2842 1150 3001 1199 dicere
3026 1163 3183 1213 neque
3198 1152 3407 1201 discere.

2005 1239 2169 1287 Multoe
2179 1251 2389 1301 namque
2402 1237 2595 1301 passim,
2610 1238 2875 1289 multarum
2892 1238 3085 1301 insuper
3098 1238 3309 1300 aequaies
3326 1242 3558 1287 exsistunt

2004 1326 2451 1389 magnitudinesque
2466 1328 2516 1375 et
2532 1326 2684 1387 color,
2703 1338 2872 1376 omnes
2894 1326 3059 1389 utique
3080 1327 3521 1375 circumvolubiles.

2006 1418 2165 1471 Quare
2186 1417 2234 1463 et
2251 1413 2395 1463 simul
2416 1414 2641 1463 collectas
2658 1414 2815 1463 visum
2834 1414 2927 1463 ruit
2943 1413 3099 1463 iacere

2003 1502 2189 1563 stellas,
2216 1504 2270 1551 ut
2296 1500 2552 1551 ordinatim
2575 1501 2655 1550 alii
2674 1501 2899 1563 adjacens
2914 1500 3010 1549 alia

2005 1588 2233 1649 imagines
2244 1588 2508 1650 effigiarent
2532 1607 2545 1638 ι
2564 1588 2677 1638 inde
2692 1588 3004 1638 nominabiiia
3028 1589 3152 1638 sacta
3172 1590 3285 1638 sunt

2006 1678 2133 1725 astra
2148 1712 2161 1737 ,
2182 1678 2231 1725 et
2248 1675 2378 1725 haud
2392 1676 2596 1737 amplius
2612 1689 2741 1724 nunc
2758 1688 2870 1725 cum
2886 1676 3197 1725 admiratione
3213 1676 3375 1725 oritur
3392 1676 3553 1725 stellas

2006 1762 2087 1811 sed
2108 1762 2183 1811 bae
2203 1763 2399 1827 quidem
2417 1762 2665 1812 concinnis
2688 1764 2851 1813 infixae
2868 1762 3153 1825 imaginibus

2006 1852 2303 1910 cernuntur3
2324 1862 2436 1911 qua>
2455 1862 2571 1899 vero
2586 1850 2751 1899 subter
2770 1849 3037 1911 impetitum
3054 1854 3285 1911 lieporem
3300 1886 3319 1909 ‚

2006 1950 2171 1986 omnes
2188 1937 2327 1999 piane
2343 1937 2561 1986 obseurat
2574 1940 2689 1986 sunt
2708 1940 2759 1987 et
2780 1938 2881 1985 sine
2906 1943 3097 1985 nomine
3114 1938 3357 1987 seruntur.

2070 2025 2198 2074 lnl'ra
2216 2028 2377 2074 autem
2396 2025 2741 2087 Capricornum
2764 2024 2855 2073 sub
2873 2024 3065 2073 flatibus
3081 2025 3237 2074 Austri

2008 2112 2153 2163 Pisczis
2169 2115 2338 2161 contra
2360 2114 2534 2162 cetum
2551 2125 2721 2161 versus
2740 2112 2789 2161 in
2810 2112 2909 2177 alto
2929 2114 3083 2172 natat,

2006 2201 2174 2250 unicus
2188 2203 2363 2263 praeter
2373 2200 2555 2263 priores
2570 2216 2585 2261 ;
2610 2200 2889 2249 Austrinum
2907 2202 3074 2249 autem
3091 2211 3203 2249 eum
3222 2200 3483 2261 appeliant.

2072 2289 2185 2336 Alloe
2208 2288 2327 2335 item
2348 2287 2546 2349 sparsim
2571 2288 2801 2347 subjectae
2826 2286 3035 2350 Aquario

2009 2377 2181 2425 cetum
2205 2375 2448 2424 coelestem
2469 2377 2520 2424 et
2542 2376 2721 2424 Piscem
2742 2374 2950 2437 pendent

2010 2463 2149 2521 inter,
2184 2460 2420 2523 languidae
2435 2465 2484 2512 et
2501 2460 2675 2524 ignotoe
2692 2480 2707 2524 ;
2726 2464 2778 2512 at
2794 2462 2937 2523 juxta
2956 2474 3065 2522 eas,

2008 2550 2179 2599 dextra
2196 2563 2225 2598 a
2244 2562 2390 2599 manu
2412 2550 2646 2611 splendidi
2669 2549 2897 2613 Aquarii,

2009 2638 2165 2700 qualis
2191 2637 2411 2699 quaedam
2432 2650 2577 2699 parva
2596 2638 2719 2687 fusio
2745 2650 2886 2699 aquae
2906 2637 3001 2685 buc
3017 2638 3069 2685 et
3088 2636 3200 2685 illuc

2009 2738 2209 2787 sparsae,
2230 2724 2401 2773 lucidae
2426 2727 2475 2773 ά
2496 2724 2681 2787 exiguae
2702 2727 2978 2774 volvuntur.

2010 2814 2140 2861 Inter
2158 2812 2279 2873 ipsas
2297 2814 2457 2861 autem
2475 2812 2585 2861 duae
2604 2813 2752 2875 magis
2768 2811 3027 2875 splendidae
3046 2811 3263 2861 seruntur

2010 2900 2188 2963 stellae,
2208 2912 2298 2949 nec
2323 2901 2529 2950 multum
2555 2901 2814 2963 distantes,
2840 2912 2997 2962 neque
3017 2898 3279 2949 admodum
3308 2901 3511 2959 vieinae3

2012 3001 2106 3037 una
2124 2988 2319 3050 quidem
2337 2989 2428 3038 sub
2448 2989 2683 3038 ambobus
2698 2987 2899 3050 pedibus
2914 2986 3211 3050 pulchraque
3230 3001 3503 3050 magnaque

2013 3076 2207 3138 Aquarii
2224 3112 2239 3134 ‚
2258 3077 2409 3126 altera
2430 3089 2543 3126 vero
2555 3077 2745 3124 obscuri
2768 3077 2859 3124 sub
2878 3076 2982 3125 ceti
3000 3075 3187 3138 cauda3

2012 3177 2132 3224 quas
2156 3175 2323 3214 omnes
2337 3165 2511 3212 vocant
2533 3169 2737 3227 Aquam.
2804 3167 2969 3212 Parvae
2988 3162 3183 3224 quidem
3205 3161 3316 3210 aliae

2014 3252 2139 3301 ultra
2157 3250 2461 3314 Sagittarium
2480 3251 2570 3300 snb
2589 3251 2825 3314 prioribus
2846 3249 3046 3312 pedibus

2015 3338 2239 3400 ignobiles
2257 3351 2433 3387 corona
2450 3339 2757 3388 circumactae
2771 3339 3051 3388 volvuntur.

2076 3427 2137 3474 At
2160 3425 2250 3474 sub
2270 3424 2503 3487 flagrante
2518 3425 2685 3474 aculeo
2704 3425 2905 3473 monstri
2922 3425 3084 3485 magni

2015 3512 2216 3574 scorpii,
2236 3525 2383 3574 prope
2411 3515 2637 3562 Austrum
2652 3551 2665 3574 ,
2692 3517 2786 3562 Ara
2802 3512 2851 3560 in
2872 3511 2995 3562 coelo
3014 3511 3205 3573 pendet.

2016 3603 2169 3657 Quam
2196 3603 2323 3648 certe
2342 3599 2585 3648 modicum
2602 3599 2797 3663 quidem
2814 3599 2877 3647 ad
2899 3601 3091 3660 tempus
3103 3612 3152 3646 m
3170 3599 3272 3645 alto
3298 3601 3565 3644 versantem

2016 3689 2216 3747 senties;
2237 3701 2265 3736 e
2283 3689 2473 3748 regione
2490 3687 2619 3737 enim
2638 3689 2854 3737 elevatur
2878 3686 3085 3736 Arcturi.

2018 3777 2077 3823 At
2096 3775 2206 3822 huic
2223 3775 2415 3836 quidem
2428 3775 2689 3824 admodum
2706 3774 2911 3822 multum
2930 3773 3160 3822 sublimes
3184 3777 3297 3822 sunt
3312 3773 3409 3822 iriae
3422 3810 3437 3832 ‚

2018 3865 2220 3911 Arcturo
2232 3900 2246 3924 ,
2268 3863 2347 3910 illa
2366 3877 2480 3911 vero
2498 3862 2639 3911 citius
2652 3861 2743 3911 sub
2762 3861 3083 3923 vespertinum
3104 3875 3237 3909 mare
3254 3861 3395 3912 redit.

2020 3949 2107 3999 Sed
2132 3953 2181 3998 et
2199 3963 2282 4012 per
2302 3951 2423 3999 lianc
2443 3955 2587 3998 Aram
2604 3949 2832 4011 primaeva
2856 3952 2979 4008 Nox,

2018 4037 2267 4088 hominum
2288 4038 2536 4098 deplorans
2553 4035 2875 4084 calamitatem
2888 4070 2903 4096 ‚
2929 4036 3227 4097 tempestatis
3242 4037 3349 4085 fecit

2020 4125 2214 4173 marina*
2257 4129 2440 4172 certum
2479 4123 2685 4183 signum.
2750 4124 2953 4171 Jactatae
2972 4125 3101 4170 enim
3128 4123 3197 4170 illi

2019 4225 2164 4259 naves
2181 4210 2333 4258 dolori
2350 4212 2478 4258 sunt.
2545 4207 2780 4259 Alicunde
2796 4208 2913 4258 item
2930 4210 3025 4258 alia
3044 4208 3188 4258 docet

2019 4298 2175 4358 signa,
2194 4296 2530 4346 commiserans
2546 4295 2772 4344 fluctibus
2792 4297 3033 4346 luctantes
3054 4296 3289 4347 homines.

2026 4385 2207 4434 Idcirco
2230 4397 2289 4432 ne
2314 4383 2429 4432 mihi
2450 4383 2499 4432 in
2518 4383 2683 4445 pelago
2700 4382 2901 4431 nubium
2928 4383 3195 4431 obductum
3216 4383 3419 4442 caligine

2021 4477 2131 4532 opta
2150 4472 2197 4518 in
2218 4471 2374 4520 medio
2393 4472 2487 4519 hoe
2514 4483 2743 4532 apparere
2768 4471 2890 4518 eoelo
2908 4472 3091 4518 astrum
3107 4506 3125 4531 ,

2022 4558 2176 4618 ipsum
2195 4559 2389 4618 quidem
2408 4557 2676 4606 innubilum
2692 4560 2742 4605 et
2762 4556 3086 4619 splendidum,
3106 4557 3193 4606 sed
3208 4569 3419 4618 superne
3438 4561 3579 4608 nia-‘is

2022 4645 2215 4692 turbida
2233 4645 2359 4693 nube
2386 4658 2598 4706 pressum
2614 4681 2629 4705 ,
2662 4645 2787 4694 sicut
2804 4645 3079 4705 frequenter

2022 4733 2235 4793 urgetur,
2256 4735 2475 4792 surgente
2491 4731 2756 4780 autumnali
2786 4733 2929 4779 vento
2950 4749 2962 4780 ε

2022 4832 2147 4880 saepe
2165 4831 2372 4880 namque
2390 4821 2439 4867 et
2456 4819 2549 4866 hoc
2569 4831 2713 4880 super
2740 4820 2914 4867 Austro
2932 4821 3121 4879 signum
3146 4817 3387 4867 submittit

2024 4911 2127 4954 Nox
2150 4906 2268 4968 ipsa,
2289 4907 2475 4954 miseris
2490 4906 2759 4967 gratificans
2778 4906 2957 4955 nautis.

2022 4993 2115 5050 Qui
2138 4993 2175 5042 si
2199 4993 2395 5056 quidem
2416 4994 2629 5042 obsecuti
2656 4993 2835 5042 suerint
2864 4996 2999 5042 certa
3014 4975 3318 5053 significanti,

2022 5083 2070 5128 et
2090 5079 2253 5129 statim
2272 5081 2518 5143 faciliaque
2534 5081 2693 5129 omnia
2710 5083 2759 5130 et
2779 5083 2907 5129 recte
2929 5081 3151 5129 ordinata
3178 5078 3411 5142 mdo-nt,

2021 5166 2133 5216 ilico
2158 5166 2311 5216 levior
2330 5169 2403 5216 est
2418 5167 2568 5216 iabor.
2632 5167 2717 5216 Sin
2739 5169 2903 5218 autem
2920 5166 3031 5216 navi

3716 2963 3723 3030 γ
