3767 5825
1635 422 2065 485 PRAEFATIO.
3368 428 3431 499 iij

275 556 792 651 discrepantia,
839 581 1058 651 quam
1103 581 1190 627 ex
1237 558 1350 627 his
1387 554 1758 627 codicibus
1795 580 1962 624 cum
1992 578 2271 625 summa
2301 551 2806 625 benevolentia
2833 554 2907 623 in
2948 577 3191 625 meum
3220 578 3431 624 usum

273 691 598 757 enotavit
635 686 1025 758 Dubnerus
1052 744 1071 771 ,
1130 687 1392 783 partim
1445 686 1799 773 intellexi,
1837 683 2345 771 Sanctamandi
2383 686 2840 757 collationem
2872 687 2943 756 in
2978 687 3134 757 aliis
3182 686 3433 757 carmi-

271 820 492 890 nibus
540 820 1069 889 accuratissime
1099 820 1504 889 institutam
1536 844 1709 907 esse,
1751 819 1824 887 in
1865 819 2018 888 aliis
2058 819 2223 888 satis
2257 817 2691 905 festinanter,
2721 819 2980 914 partim
3018 843 3434 915 persuasum

276 950 455 1019 mihi
507 966 646 1038 est,
696 975 914 1045 quam
944 950 1218 1021 Gailius
1262 976 1342 1020 ex
1381 949 1592 1020 codd.
1625 950 1959 1019 Parisinis
2000 949 2360 1043 collegerit
2392 949 2788 1019 lectionum
2826 950 3247 1045 farraginem
3281 973 3433 1020 nou

271 1108 427 1151 esse
465 1081 976 1179 spernendam,
1014 1084 1144 1152 etsi
1184 1082 1540 1153 nonnulla
1575 1083 1754 1152 scitu
1809 1081 2227 1175 dignissima
2282 1080 2566 1151 silentio
2613 1080 3021 1151 transmissa
3058 1095 3252 1153 sunt.
3290 1086 3435 1176 Ego

265 1238 504 1307 quum
537 1214 868 1285 criticum
928 1217 1524 1286 commentarium
1582 1213 1897 1284 scribere
1946 1238 2082 1310 pro
2128 1213 2343 1306 hujus
2383 1212 2717 1283 editionis
2777 1214 3052 1283 ratione
3110 1238 3260 1284 non
3300 1238 3434 1309 po-

269 1348 535 1416 tuerim
557 1400 578 1435 ,
609 1328 837 1443 pauca
866 1362 1143 1417 tantum
1156 1346 1373 1416 modo
1415 1346 1619 1416 attuli
1650 1371 1810 1441 quae
1837 1343 2113 1439 aliquid
2142 1342 2453 1415 facerent
2493 1342 2586 1415 ad
2625 1346 3010 1416 lectionem
3046 1345 3434 1418 verborum

265 1494 636 1575 receptam
687 1478 1217 1579 vindicandam.
1275 1485 1526 1547 Postea
1580 1477 1757 1546 mihi
1818 1477 2135 1548 innotuit
2190 1477 2624 1547 Scholiorum
2675 1477 3233 1549 Theocriteorum
3250 1505 3434 1575 pars

257 1611 536 1681 inedita
569 1637 786 1708 quam
811 1612 918 1681 ad
958 1610 1217 1681 codicis
1257 1616 1316 1681 G
1322 1611 1672 1679 enevemw's
1681 1608 1912 1701 fidem
1943 1608 2161 1680 edidit
2193 1616 2256 1679 F
2254 1664 2269 1678 .
2312 1608 2547 1681 Adert.
2592 1612 2829 1680 Tur-ici
2863 1635 2885 1679 1
2901 1610 2991 1695 84
2999 1609 3063 1681 3.
3097 1609 3207 1681 lbi
3234 1635 3308 1707 p.
3334 1614 3431 1681 Vl

263 1744 580 1815 Adertus
619 1769 875 1815 omues
910 1744 1192 1816 codices
1227 1770 1266 1815 a
1313 1744 1548 1814 Gailio
1597 1742 1898 1813 collatos
1928 1742 2341 1838 designavit,
2386 1768 2621 1839 neque
2648 1743 3209 1815 tamen‘addidit
3236 1746 3432 1818 unde

253 1875 576 1946 hauserit
609 1901 812 1947 suam
873 1878 1244 1963 notitiam,
1297 1902 1472 1946 uum
1530 1876 1711 1946 forte
1765 1854 1901 1971 ipsi
1944 1875 2229 1945 licuerit
2269 1875 2623 1972 inspicere
2678 1901 2837 1972 quae
2886 1877 3161 1949 Gailius
3208 1904 3433 1950 manu

251 1992 531 2104 scripta
563 2010 869 2102 (Gailius
907 2011 1104 2079 enim
1145 2008 1337 2104 praef.
1383 2033 1456 2103 p.
1493 2013 1654 2078 Vlll
1693 2006 2071 2077 admonuit
2110 2032 2183 2077 se
2225 2009 2469 2078 omnia
2497 2034 2715 2104 poene
2743 2008 2910 2105 jam
2952 2008 3271 2104 conficta
3304 2010 3433 2082 Iza-

253 2140 460 2235 (ιω-ε)
497 2140 809 2236 reliquit.
864 2140 1146 2211 Nullam
1190 2142 1412 2211 aetatis
1457 2140 1791 2210 notitiam
1827 2139 2028 2209 dedit
2065 2139 2365 2210 Adertus
2416 2139 2507 2210 de
2540 2165 2657 2211 sex
2702 2139 3077 2212 codicibus
3106 2146 3190 2213 A.
3235 2148 3308 2213 B.
3346 2148 3431 2215 N.

261 2276 350 2341 R.
392 2276 466 2343 S.
520 2275 602 2340 Y.
659 2276 911 2367 Itaque
967 2273 1399 2366 interrogavi
1434 2272 1860 2343 Dubnerum
1886 2324 1904 2359 ,
1965 2272 2107 2367 qui·
2133 2296 2297 2343 meo
2340 2287 2591 2368 rogatu
2625 2271 2764 2344 hos
2799 2273 3085 2344 codices
3122 2273 3431 2371 inspexit

253 2394 594 2491 mihique
644 2396 1052 2491 respondit,
1111 2421 1236 2466 eos
1280 2420 1532 2467 omnes
1569 2422 1720 2467 esse
1761 2396 2197 2468 recentiores
2224 2450 2242 2485 ,
2301 2396 2647 2467 nimirum
2702 2402 2758 2469 A
2810 2411 2880 2467 et
2924 2402 2976 2467 B
3022 2421 3165 2469 sec.
3226 2400 3379 2469 XV.
3407 2448 3427 2486 ,

251 2542 609 2623 quattuor
641 2528 960 2622 reliquos
995 2550 1128 2597 sec.
1171 2532 1349 2598 XVI.

359 2666 585 2732 Porro
622 2684 849 2755 quum
901 2657 1308 2730 'evolverem
1344 2662 1770 2757 scriptores,
1816 2663 1945 2760 qui
1983 2661 2186 2732 locos
2221 2662 2589 2757 longiores
2632 2661 3148 2760 brevioresque
3183 2677 3429 2759 poeta·

256 2817 428 2862 rum
460 2791 970 2863 bucolicorum
1023 2794 1443 2881 laudarunt,
1490 2818 1672 2891 saepe
1724 2793 2245 2864 recurrendum
2292 2793 2470 2863 mihi
2522 2792 2657 2864 suit
2712 2794 3175 2891 potissimum
3225 2795 3428 2893 apud

249 2926 562 2998 Bionem
593 2941 664 2996 et
705 2926 1082 2997 Moschum
1125 2925 1216 2997 ad
1267 2927 1536 2997 Stobaei
1584 2926 2043 3022 Florilegium
2082 2925 2695 2997 Gaisfordianum.
2756 2929 2915 3012 Qua
2954 2951 3030 2997 re
3062 2935 3437 3026 permotus

247 3059 530 3128 litteras
561 3055 730 3127 dedi
763 3057 1306 3145 Vindobonam,
1345 3082 1515 3127 num
1546 3073 1947 3128 accuratam
1979 3058 2437 3129 collationem
2467 3058 2722 3154 egregii
2758 3057 3028 3129 codicis
3062 3058 3431 3132 Vindobo-

255 3190 508 3260 nensis
550 3191 1025 3261 nanciscerer.
1059 3190 1424 3260 Habemus
1460 3191 1550 3259 de
1583 3191 1856 3260 codicis
1896 3206 2099 3262 aetate
2138 3206 2209 3261 et
2242 3193 2597 3288 scriptura
2624 3190 2925 3262 Kollarii
2966 3208 3038 3262 et
3068 3192 3426 3263 Lambecii

247 3323 650 3394 sententias
687 3323 762 3393 in
801 3323 1166 3394 Lambecii
1213 3322 1323 3392 ed.
1367 3323 1550 3392 Koll.
1585 3327 1733 3394 Vll.
1776 3323 1943 3395 306.
1984 3325 2310 3420 Scriptus
2346 3338 2451 3394 est
2486 3348 2627 3394 sec.
2655 3329 2722 3394 X
2749 3324 3004 3394 litteris
3038 3327 3423 3412 inclinauit,

537 3463 766 3526 ‹rroecci
810 3472 1148 3526 currente.
1199 3460 1429 3551 Atque
1465 3459 1786 3550 Kopitar.
1838 3457 2096 3526 eximia
2149 3480 2292 3551 qua
2344 3481 2624 3553 semper
2674 3455 3069 3528 excellebat
3116 3456 3426 3530 liberali·-

523 3513 566 3556 ο

250 3603 400 3658 tate
435 3589 676 3658 statim
729 3588 988 3658 auditis
1041 3588 1214 3658 meis
1265 3587 1604 3684 precibus
1657 3613 1911 3658 omnes
1963 3589 2164 3659 locos
2211 3588 2616 3674 Theocriti,
2674 3591 2919 3659 Bionis
2968 3591 3425 3712 Moschique‚

251 3482 477 3526 manu

243 3721 383 3818 qui
415 3718 610 3815 apud
661 3723 1022 3790 Stobaeum
1067 3720 1430 3815 leguntur,
1479 3745 1562 3790 ex
1606 3720 1860 3790 codice
1903 3720 2455 3792 vindobonensi
2495 3720 2870 3817 diligenter
2912 3745 3080 3794 cum
3108 3722 3426 3794 editione

245 3851 647 3925 Gaisfordii
699 3854 1008 3924 contulit
1049 3870 1117 3924 et
1158 3879 1314 3924 eam
1362 3853 1815 3924 collationem
1849 3853 1941 3924 ad
1976 3879 2092 3925 me
2127 3854 2541 3924 transmisit.
2582 3859 2817 3942 Quam
2853 3856 3052 3940 utilis
3088 3880 3170 3927 ea
3210 3856 3423 3928 fuerit

241 3985 453 4057 haud
497 4010 656 4056 raro
701 3984 898 4082 apud
940 3987 1237 4057 Bionem
1280 4001 1348 4056 et
1398 3986 1824 4076 Moschum,
1879 4012 1965 4057 ex
1999 3987 2137 4058 hac
2179 3986 2536 4076 editione,
2580 4001 2662 4057 ut
2701 3987 3035 4076 arbitror,
3082 3990 3179 4059 ita
3225 4005 3419 4086 pate-

239 4119 360 4189 bit
387 4171 406 4204 ,
445 4133 531 4187 ut
564 4119 865 4189 lectores
903 4118 1001 4189 illi
1045 4119 1202 4188 viro
1238 4119 1512 4214 egregie
1543 4119 1840 4191 cordato
1873 4144 2203 4216 maguam
2242 4121 2389 4190 sint
2430 4121 2726 4216 gratiam
2762 4145 3043 4192 mecum
3079 4120 3419 4194 habituri.

345 4249 751 4320 Lubentius
804 4267 1090 4321 transeo
1141 4251 1229 4321 ad
1281 4251 1490 4322 aliam
1543 4277 1694 4322 rem
1719 4229 1751 4340 ,'
1798 4250 1891 4323 ad
1918 4252 2327 4346 jucundum
2386 4252 2717 4324 officium
2763 4253 3147 4349 gratiarum
3206 4281 3417 4352 agen·

237 4385 516 4456 darum
553 4384 740 4471 vim,
784 4385 910 4478 qui
951 4408 1206 4478 magno
1247 4383 1602 4453 beneficio
1641 4408 1756 4453 me
1788 4383 1928 4454 sibi
1966 4383 2307 4455 devinxit.
2359 4390 2446 4455 H.
2486 4390 2572 4456 E.
2626 4385 2935 4456 Poeschl
2967 4387 3159 4457 enim
3184 4439 3204 4478 ,
3259 4413 3418 4460 eru-

239 4517 451 4587 ditus
481 4513 907 4586 Thusneldae
945 4516 1540 4587 Vindobonensis
1593 4515 1854 4604 editor,
1914 4541 2127 4587 suasu
2180 4517 2503 4613 Kopitari
2546 4518 2622 4587 in
2670 4542 2915 4587 meum
2965 4544 3174 4589 usum
3208 4545 3415 4592 accu-

241 4650 647 4736 ratissime,
731 4674 822 4720 ne
885 4651 1207 4720 minimis
1270 4649 1566 4745 quidem
1640 4648 1853 4719 rebus
1920 4649 2203 4720 omissis
2231 4703 2250 4738 ,
2329 4649 2639 4721 contulit
2718 4665 3063 4747 quattuor
3128 4651 3416 4726 codices

243 4780 904 4870 vindobonenses,
956 4807 1270 4880 quorum
1337 4782 1756 4852 collationes
1815 4781 1963 4874 jam
2026 4780 2423 4852 Brunokius
2466 4759 2823 4852 habuisse*
2854 4807 2930 4852 se
2971 4783 3279 4855 affirmat
3322 4782 3411 4863 in

240 4912 546 4984 Theocr.
595 4917 642 4981 l.
700 4911 846 4984 103.
889 4918 970 4983 II.
1035 4941 1092 4984 1.
1151 4913 1452 4984 Codices
1484 4929 1652 4984 sunt
1689 4912 1812 4982 hi:

327 5178 576 5240 vindob.
606 5182 742 5256 289.
779 5179 1054 5258 (vindob.
1086 5181 1161 5260 a.)
1191 5181 1447 5241 eontinet
1468 5221 1484 5252 ,
1527 5195 1730 5260 praeter
1770 5180 1912 5241 alios
1946 5182 2283 5261 scriptoreS,
2312 5181 2579 5244 undecim
2624 5185 2819 5262 priora
2859 5183 3057 5262 idyllia
3088 5182 3405 5249 Theocriti.

3102 5310 3161 5353 a.
