3767 5825
418 345 493 397 40
1469 333 1912 395 ΘΕΟΚΡΙΤΟΥ
1953 331 2360 391 ΕΙΔΥΛΛῙΟΝ
2405 330 2502 389 ΚΑ
2515 372 2527 384 .

416 472 560 555 ἔῤῥεέ
585 495 675 550 μοι
701 470 847 555 φωνὰ
872 470 1289 553 γλυκερωτέραῆ
1320 472 1439 550 μέλι
1457 477 1621 553 κηρῶ.

417 561 514 622 ἁδὺ
542 561 599 622 δέ
621 585 711 639 μοι
735 560 794 620 τὸ
819 560 1079 638 μέλισμα,
1108 560 1197 618 καὶ
1218 558 1281 632 ἢν
1306 560 1509 641 σύριγγι
1537 561 1765 639 μελίσδω

414 650 512 722 κῆν
542 652 684 731 αὐλῷ
705 648 880 709 λαλέω
905 646 1002 719 κῆν
1029 647 1222 707 δῶνακι
1248 648 1344 720 κῆν
1370 648 1698 729 πλαγιαύλῳ.

337 760 391 799 ao
416 737 505 797 καὶ
529 746 698 795 πᾶσαι
718 736 876 797 καλόν
909 760 973 812 με
994 736 1114 795 κατ’
1142 734 1281 815 ὤρεά
1311 759 1464 817 φαντι
1490 744 1761 817 γυναῖκες,

418 824 509 882 καὶ
535 825 705 883 πᾶσαί
733 848 797 901 με
826 826 1078 906 φιλεῦντι·
1107 822 1175 881 τὰ
1202 822 1246 881 δ’
1280 824 1468 883 ἀστικά
1502 827 1556 899 μ’
1588 827 1681 883 οὐκ
1705 822 1963 902 ἐφίλασεν,

418 914 534 970 ἀλλ’
559 910 637 971 ὅτι
664 911 892 993 βωκόλος
913 910 1042 989 ἐμμὶ
1068 912 1397 992 παρέδραμε,
1421 914 1512 971 κοῦ
1539 910 1843 971 ποτακούει·

416 1003 499 1079 χὼ
517 999 672 1065 καλὸς
689 998 934 1065 Διόνυσος
964 1001 1016 1057 ἐν
1047 998 1231 1077 ἄγκεσι
1258 998 1437 1079 πόρτιν
1457 999 1677 1059 ἐλαύνει.

416 1089 509 1145 οὐκ
537 1084 669 1163 ἔγνω
701 1087 767 1158 δ’,
786 1084 865 1145 ὅτι
889 1086 1087 1167 Κύπρις
1115 1089 1197 1145 ἐπ’
1218 1086 1358 1167 ἀνέρι
1387 1085 1590 1163 μήνατο
1622 1084 1765 1165 βώτα

339 1194 391 1234 as
417 1172 508 1232 καὶ
526 1172 776 1252 Φρυγίοις
805 1175 1077 1251 ἐνόμευσεν
1101 1175 1153 1232 ἐν
1186 1172 1370 1254 ὤρεσι,
1389 1173 1479 1231 καὶ
1512 1172 1597 1231 τὸν
1616 1170 1831 1231 Ἄδωνιν

416 1262 469 1317 ἐν
498 1260 736 1340 δρυμοῖσι
762 1261 949 1343 φίλασε
979 1260 1069 1321 καὶ
1098 1264 1151 1319 ἐν
1176 1261 1441 1342 δρυμοῖσιν
1470 1260 1739 1319 ἔκλαυσεν.

418 1346 709 1424 Ἐνδυμίων
746 1346 800 1407 δὲ
827 1348 904 1415 τίς
930 1340 1027 1421 ἧν;
1059 1350 1119 1408 οὗ
1142 1350 1395 1428 βωκόλοςς
1427 1347 1483 1407 ὅν
1506 1371 1566 1426 γε
1586 1346 1793 1407 Σελάνα

420 1434 741 1513 βωκολέοντα
762 1434 999 1517 φίλασεν,
1021 1434 1113 1494 ἀπ’
1148 1434 1424 1511 Οὐλύμπω
1446 1434 1501 1493 δὲ
1529 1437 1751 1510 μολοῖσα

416 1520 651 1598 Λάτμιον
674 1522 894 1588 αννάπος
918 1512 1043 1593 ἦλθε
1065 1522 1154 1581 καὶ
1177 1526 1246 1588 εἷς
1270 1522 1382 1600 ἅμα
1404 1522 1555 1580 παιδὶ
1581 1522 1840 1581 καθεῦδεν.

337 1629 393 1668 40
418 1608 507 1667 καὶ
530 1608 592 1667 τύ
606 1654 623 1682 ,
649 1607 806 1680 Ῥέα,
828 1608 1024 1675 κλαίεις
1050 1608 1136 1667 τὸν
1170 1610 1417 1688 βωκόλον.
1438 1608 1555 1687 οὗχὶ
1576 1606 1629 1665 δὲ
1658 1606 1746 1665 καὶ
1765 1604 1826 1665 τύ
1840 1650 1854 1677 ,

416 1685 461 1753 ὦ
491 1696 749 1777 Κρονίδα,
772 1696 859 1754 διὰ
884 1698 1048 1755 παῖδα
1080 1696 1334 1776 βοηνόμον
1357 1696 1490 1777 ὄρνις
1514 1694 1845 1773 ἐπλάγχθης;

496 1783 723 1843 Εὖνείκα
742 1783 798 1843 δὲ
821 1782 976 1861 μόνον
1000 1784 1088 1842 τὸν
1115 1784 1346 1863 βωκόλον
1363 1786 1457 1843 οὔκ
1474 1783 1737 1862 ἐφίλασεν,

419 1870 454 1928 ἃ
481 1871 718 1939 Κυὸέλας
745 1870 978 1949 κρέσσων
1006 1872 1096 1930 καὶ
1116 1870 1404 1952 Κύπριδος,
1430 1872 1465 1929 ἁ
1492 1870 1549 1928 δὲ
1578 1870 1829 1935 Σελάνας.

418 1957 606 2031 μηκέτι
621 1957 751 2033 μηδὲ
780 1955 877 2035 τύ,
905 1958 1111 2036 Κύπρι,
1139 1957 1226 2017 τὸν
1250 1954 1406 2037 Ἄρεα
1433 1956 1566 2034 μήτε
1588 1958 1705 2014 κατ’
1730 1954 1862 2013 ἄστυ

338 2064 393 2103 45
423 2044 547 2121 μήτ’
572 2046 623 2103 ἐν
652 2044 757 2125 ὄρει
780 2044 999 2127 φιλέοις,
1028 2044 1191 2123 μούνη
1212 2046 1259 2103 δ’
1283 2043 1384 2103 ἀνὰ
1409 2044 1569 2104 νύκτα
1593 2043 1873 2109 καθεύδοις.

1041 2212 1365 2236 ⁴000·-

990 2318 1372 2395 ΑΛΙΕΙΣ.

938 2484 1281 2531 sunnon
1320 2477 1444 2533 Μ’.

693 2602 1096 2661 ΑΣΦΑΛῙΩΝ
1141 2604 1272 2662 ΚΑΙ
1316 2603 1664 2663 ΕΤΑΙΡΟΣ.

418 2738 469 2799 Ἄ
496 2740 675 2811 πενία,
694 2738 979 2819 Διόφαντε,
1000 2738 1133 2817 μόνα
1162 2742 1253 2808 τὰς
1280 2741 1467 2821 τέχνας
1494 2740 1704 2822 ἐγείρει,

418 2827 555 2885 αὐτὰ
575 2831 649 2886 τῶ
674 2827 889 2905 μόχθοιο
912 2829 1246 2896 διδάσκαλος·
1278 2830 1393 2888 οὐδὲ
1420 2829 1521 2910 γὰρ
1547 2830 1707 2889 εὕδειν

417 2914 663 2994 ἀνδράσιν
686 2915 1005 2996 ἑργατίναισι
1029 2917 1189 2976 κακαὶ
1214 2918 1494 2996 παρέχοντι
1523 2917 1788 2999 μέριμναι.

398 3001 515 3074 ’κῆν
538 3003 709 3082 ὀλίγον
734 3003 913 3071 νυκτός
934 3029 1011 3070 τις
1038 3004 1363 3086 ἐπιψαύσῃσι
1394 3006 1481 3064 τὸν
1504 3005 1661 3066 ὕπνον

362 3109 391 3148 ι
418 3089 667 3170 αἰφνίδιον
690 3091 989 3170 θορυὸεῧσιν
1008 3093 1345 3173 ἐφιστάμεναι
1370 3096 1673 3169 μελεδῶναι.

498 3177 670 3257 ἰχθύος
690 3181 999 3261 ἃγρευτῆρες
1020 3185 1158 3254 ὁμῶς
1176 3179 1267 3239 δύο
1294 3186 1461 3240 κεῖντο
1484 3181 1744 3261 γέροντες,

420 3265 777 3345 στρωσάμενοι
807 3265 960 3346 βρύον
994 3259 1116 3325 αὖον
1146 3267 1243 3325 ὑπὸ
1274 3270 1518 3334 πλεκταῖς
1550 3270 1886 3346 καλύὸαισιν,

418 3351 709 3430 κεκλιμένοι
738 3352 900 3433 τοίχῳ
924 3358 1000 3433 τῷ
1028 3354 1255 3437 φυλλίνῳ
1271 3378 1284 3392 ·
1300 3354 1473 3435 ἐγγύθι
1497 3357 1541 3414 δ’
1570 3359 1742 3416 αὐτοῖν

420 3447 561 3500 κεῖτο
586 3439 653 3498 τὰ
673 3442 790 3500 ταῖν
815 3445 1010 3521 χειροῖν
1040 3439 1346 3517 ἀθλήματα,
1366 3443 1447 3500 τοὶ
1469 3445 1805 3517 καλαθίσκοι,

344 3549 398 3588 ln
419 3526 501 3586 τοὶ
528 3527 788 3605 κάλαμοι,
810 3527 1098 3607 τᾶγκιστρα
1112 3572 1127 3599 ,
1149 3531 1217 3587 τὰ
1246 3529 1519 3608 φυκιόεντα
1548 3531 1739 3603 δέλητα
1758 3577 1775 3608 ,

420 3615 599 3695 δρμιαὶ
625 3613 801 3696 κύρτοι
825 3639 881 3674 τε
899 3616 989 3674 καὶ
1017 3619 1077 3674 ἐκ
1102 3617 1318 3696 σχοίνων
1345 3616 1667 3699 λαὸύρινθοι,

422 3702 656 3782 μήρινθοι
679 3702 832 3762 κώπα
865 3727 921 3763 τε
944 3702 1105 3784 γέρων
1130 3707 1177 3763 τ’
1203 3707 1287 3762 ἐπ’
1316 3705 1587 3782 ἐρείσμασι
1608 3705 1827 3784 λε’μὸος,

419 3789 593 3867 νέρθεν
616 3799 709 3856 τᾶς
736 3793 965 3871 κεφαλᾶς
986 3791 1178 3873 φορμὸς
1202 3792 1429 3873 βραχύς,
1454 3784 1579 3869 εἷμα
1607 3795 1775 3865 τάπης
1794 3787 1875 3866 ἦν.

419 3870 567 3945 οὗτος
591 3883 696 3944 τοῖς
716 3877 944 3938 ἁλιεῦσιν
968 3884 997 3939 δ
1014 3889 1115 3946 πᾶς
1134 3880 1309 3952 πόνος,
1336 3873 1483 3946 οὗτος
1510 3885 1537 3938 ὁ
1566 3884 1799 3949 πλοῦτος.

348 3983 394 4021 ιο
421 3966 565 4032 οὐδὸς
588 3967 633 4023 δ’
658 3965 775 4045 οὐχὶ
802 3965 961 4046 θύραν
984 3958 1105 4048 εἶχ’,
1132 3970 1190 4027 οὗ
1210 3968 1342 4027 κύνα
1358 3993 1371 4006 ·
1398 3969 1567 4028 πάντα
1589 3971 1838 4049 περισσά,

419 4055 572 4114 πάντ’
601 4055 767 4114 ἐδόκει
792 4054 991 4126 τήνοις·
1012 4057 1046 4114 ἁ
1074 4056 1175 4135 γὰρ
1201 4056 1352 4114 πενία
1378 4080 1511 4138 σφας
1540 4058 1729 4137 ἐτήρει.

419 4141 581 4208 οὐδεὶς
598 4143 641 4200 δ’
673 4145 726 4201 ἐν
746 4143 925 4223 μέσσῳ
941 4143 1125 4221 γείτων
1139 4167 1152 4181 ·
1172 4143 1325 4224 πενίᾳ
1348 4143 1403 4202 δὲ
1432 4147 1558 4225 παρ’
1586 4144 1747 4203 αὐτὰν

312 4289 323 4300 ,
420 4228 729 4305 θλιὸομέναν
755 4227 993 4288 καλύὸαν
1019 4231 1269 4313 τρυφερὸν
1302 4232 1583 4314 προςέναχε
1612 4233 1874 4294 θάλασσα.

420 4315 565 4375 οὔπω
588 4315 677 4375 τὸν
700 4315 927 4392 μέσατον
947 4316 1138 4398 δρόμον
1162 4317 1311 4378 άνυεν
1342 4319 1483 4399 ἅρμα
1508 4321 1741 4388 Σελάνας
1756 4366 1771 4393 ,

341 4424 397 4464 to
418 4401 535 4470 τοὺς
558 4403 602 4461 δ’
634 4403 797 4469 ἁλιεῖς
816 4401 993 4484 ἤγειρε
1020 4403 1165 4485 φίλος
1190 4405 1370 4478 πόνος,
1400 4409 1458 4465 ἐκ
1485 4407 1752 4488 βλεφάρων
1780 4407 1835 4466 δέ

420 4489 577 4550 ὕπνον
602 4489 941 4569 ἀπωσάμενοι
966 4490 1233 4574 σφετέραις
1261 4493 1437 4574 φρεσὶν
1462 4493 1643 4572 ἤρεθον
1671 4496 1827 4574 ᾠδάν.

1031 4593 1371 4644 ΔΣΦΑΔῙΩΝ.

420 4662 674 4744 ψεύδοντ’,
698 4651 743 4723 ὖ
769 4662 885 4744 φίλε
898 4709 917 4738 ,
940 4663 1129 4734 πάντες
1154 4663 1264 4726 ὅσοι
1292 4666 1384 4735 τὰς
1410 4666 1595 4738 νύκτας
1621 4671 1843 4752 ἔφασκον

419 4755 497 4811 τῶ
519 4750 687 4832 θέρεος
717 4750 961 4829 μινύθειν,
983 4753 1068 4812 ὅτε
1090 4753 1302 4832 τᾶματα
1328 4755 1507 4837 μακρὰ
1529 4757 1785 4840 φέρωσιν.

422 4835 525 4910 ἤδη
550 4837 693 4919 μυρί’
723 4839 907 4906 ἐςεῖδον
930 4839 1169 4921 ὀνείρατα
1186 4885 1203 4915 ,
1226 4842 1463 4903 κούδέπω
1491 4845 1612 4912 ἆώς.

344 4947 398 4988 8⁶
423 4922 498 5002 μὴ
517 4923 643 4984 λάθε
658 4928 739 5004 μ’,
758 4923 861 4998 ἢτί
870 4925 931 4986 τὸ
949 4930 1151 5007 χρῆμα,
1169 4927 1352 5007 χρόνον
1371 4931 1419 4988 δ’
1435 4933 1490 4988 αἱ
1509 4930 1684 5001 νύκτες
1704 4933 1890 5013 ἔχοντι.

1054 5027 1339 5076 ΈΤΑῙΡΟΣ.

427 5094 733 5177 Ἀσφαλίων,
759 5095 939 5177 μέμφῃ
969 5097 1027 5156 τὸ
1054 5099 1211 5156 καλὸν
1232 5099 1398 5180 θέρος;
1431 5103 1489 5159 οὗ
1516 5100 1617 5181 γὰρ
1643 5107 1670 5160 δ
1698 5107 1872 5184 καιρός

2047 484 2227 534 fluebat
2243 484 2358 533 mibi
2379 497 2477 533 vox
2489 482 2690 544 dulcior,
2711 494 2858 545 quam
2874 481 2972 531 mel
2990 494 3052 531 ex
3071 494 3197 531 cera.

2046 572 2190 622 dulce
2208 584 2372 621 meum
2390 574 2466 620 est
2486 583 2678 619 carmen
2691 608 2706 633 ,
2733 570 2834 618 sive
2850 568 3012 618 fistula
3033 568 3257 617 modulor

2046 660 2146 709 sive
2157 659 2276 709 tibia
2290 671 2411 708 cano
2433 658 2534 709 sive
2551 657 2783 707 arundine
2807 669 2892 707 seu
2906 656 3102 719 obliqua
3123 656 3259 706 tibia.

2047 748 2097 795 et
2121 759 2286 796 omnes
2303 759 2381 795 me
2397 746 2618 808 pulcrum
2637 747 2814 793 vocant
2825 744 2875 793 in
2895 744 3137 793 montibus
3153 744 3329 807 puellre
3341 780 3356 806 ‚
3487 742 3597 807 [oet,

2047 837 2097 883 et
2117 847 2284 883 omnes
2308 846 2386 883 me
2403 834 2708 894 osculantur3
2729 832 2819 881 ista
2837 845 2952 881 vero
2975 832 3160 880 urbana
3177 845 3255 881 me
3271 844 3368 880 non
3387 833 3600 881 osculata

2049 936 2237 983 verum,
2253 920 2383 984 quod
2400 920 2642 970 bubulcus
2658 933 2784 981 sum,
2803 920 3145 982 praetercurrit,
3165 932 3252 967 nec
3267 932 3346 967 me
3363 918 3500 968 audit
3515 933 3600 968 vo-

2050 1008 2358 1071 ciferantem
2371 1008 2405 1072 ι]
2415 1008 2558 1057 etiam
2571 1007 2736 1070 pulcer
2749 1007 3022 1057 Bacchusin
3034 1006 3238 1056 vallibus
3247 1006 3424 1057 vitulas
3433 1007 3599 1069 pascit.

2051 1109 2148 1145 non
2174 1099 2336 1145 autem
2356 1095 2606 1158 cognovit,
2624 1098 2860 1144 Venerem
2877 1093 3076 1143 bubulci
3092 1106 3256 1143 amore
3279 1094 3526 1143 insaniisse

2052 1187 2101 1233 et
2120 1183 2332 1245 Phrygiis
2345 1184 2395 1232 in
2410 1182 2653 1232 montibus
2668 1184 2939 1245 pascentem
2955 1192 3142 1244 gregem
3159 1195 3370 1231 servasse
3380 1218 3397 1244 ,
3407 1184 3460 1231 et
3472 1181 3603 1231 Ado-

2053 1270 2234 1335 nidem]
2251 1272 2302 1319 in
2325 1270 2524 1321 saltibus
2540 1270 2804 1319 osculatam
2827 1282 2929 1319 esse
2950 1272 3001 1318 et
3025 1269 3073 1317 in
3093 1269 3296 1319 saltibus
3312 1269 3603 1332 deplorasse.

2055 1358 2318 1421 Endymion
2336 1360 2497 1407 autem
2529 1357 2638 1421 quis
2653 1359 2786 1407 erat?
2817 1370 2915 1406 non
2944 1356 3214 1407 bubulcus?
3240 1370 3386 1419 quem
3405 1358 3606 1421 quidem

2051 1446 2199 1495 boves
2210 1448 2485 1508 pascentem
2502 1444 2717 1493 osculata
2734 1446 2807 1493 est
2820 1480 2836 1507 ,
2851 1443 3010 1507 deque
3021 1444 3226 1507 Olympo
3240 1444 3433 1507 delapsa

2055 1532 2208 1597 Luna]
2223 1532 2460 1583 Latinium
2477 1532 2527 1581 in
2539 1544 2711 1581 nemus
2725 1532 2859 1580 venit
2876 1532 2926 1580 et
2945 1544 3041 1580 una
3059 1544 3172 1580 cum
3192 1544 3341 1594 puero
3354 1531 3606 1582 dormivit.

2053 1622 2196 1671 etiam
2223 1624 2278 1670 tu
2291 1658 2306 1683 ,
2323 1621 2452 1671 Rhea
2465 1658 2478 1682 ,
2498 1620 2717 1682 deploras
2739 1618 3020 1668 bubulcum.
3042 1632 3200 1669 nonne
3221 1632 3338 1669 vero
3356 1622 3504 1669 etiam
3531 1624 3608 1682 tu,

2049 1721 2080 1758 o
2107 1688 2348 1769 Saturnis,
2365 1708 2428 1757 ob
2441 1720 2648 1770 puerum
2663 1706 2814 1756 boum
2825 1708 3065 1769 pastorem
3077 1706 3176 1757 ales
3187 1710 3388 1769 vagatus
3400 1710 3483 1757 es?

2115 1796 2296 1845 Eunica
2321 1808 2434 1845 vero
2459 1796 2617 1844 solum
2642 1793 2910 1843 bubulcum
2934 1808 3032 1843 uon
3053 1796 3266 1843 osculata
3283 1798 3385 1857 est,

2053 1882 2143 1933 ista
2163 1886 2364 1932 Eunica
2386 1882 2565 1945 cybele
2589 1881 2757 1931 melior
2784 1884 2834 1931 et
2850 1884 3038 1931 Venere
3053 1884 3200 1944 atque
3217 1884 3366 1931 Luna.

2054 1983 2116 2019 ne
2138 1970 2341 2032 amplius
2365 1972 2416 2019 et
2431 1972 2486 2019 tu
2501 2006 2516 2031 ,
2553 1970 2726 2019 altera
2750 1972 2940 2031 Venus,
2966 1972 3116 2019 tuum
3137 1972 3338 2018 Martem
3369 1982 3532 2033 neque
3564 1972 3613 2019 in

2055 2056 2193 2121 urbe]
2215 2070 2372 2120 neque
2393 2057 2445 2107 in
2457 2058 2622 2106 monte
2633 2057 2889 2120 osculeris,
2909 2058 2958 2105 et
2969 2055 3072 2105 sola
3091 2060 3236 2105 noctu
3255 2056 3484 2107 dormias,

2685 2218 3000 2242 qm...-

2481 2333 3163 2420 PISCATORES.

2537 2482 2888 2538 1DYLLION
2920 2484 3081 2538 XXI.

2366 2605 2786 2665 ASPHALloN
2833 2607 2932 2665 ET
2974 2607 3300 2667 somus.

2057 2762 2341 2823 Paupertas,
2361 2774 2391 2809 o
2413 2760 2678 2824 Diophante
2689 2798 2704 2824 ‚
2719 2762 2820 2811 sola
2833 2764 2960 2812 artes
2976 2763 3154 2813 excitat
3165 2800 3180 2825 ,

2055 2847 2157 2910 ipsa
2185 2848 2361 2897 laboris
2381 2849 2606 2911 magistra
2623 2852 2727 2912 εει,
2748 2863 2907 2912 neque
2925 2849 3052 2899 enim
3081 2850 3288 2900 dormire

2055 2936 2324 2986 bominibus
2341 2936 2568 3000 operariis
2588 2937 2728 2987 malae
2752 2938 3036 3000 permittunt
3052 2952 3198 2990 curm.

2054 3037 2304 3086 quumque
2319 3025 2522 3086 paulum
2545 3026 2692 3074 noctu
2715 3025 2823 3088 quis
2847 3039 3082 3076 somma-m
3104 3027 3357 3090 raniserit,
3382 3041 3618 3078 minuunt

1933 3115 1954 3138 ⁰
2054 3111 2212 3161 subito
2243 3113 2441 3162 turbant
2455 3112 2686 3163 instantes
2703 3127 2850 3163 curae.

2117 3212 2320 3262 piscium
2337 3203 2588 3251 venatores
2601 3215 2698 3250 una
2721 3201 2820 3250 duo
2843 3202 3082 3252 cubabant
3105 3217 3240 3254 senes
3257 3240 3272 3266 ,

2054 3289 2138 3350 qul
2163 3288 2251 3336 sibi
2275 3289 2546 3339 straverant
2569 3290 2735 3338 sucum
2761 3290 2950 3338 aridum
2963 3291 3053 3340 sub
3069 3292 3224 3340 textili
3251 3293 3442 3353 tugurio
3455 3329 3470 3354 ,

2055 3374 2266 3424 reclinati
2285 3375 2346 3424 ad
2361 3376 2588 3438 parietem
2608 3377 2858 3426 soliaceum
2871 3414 2886 3438 ‚
2907 3380 2956 3427 et
2970 3391 3118 3441 prope
3135 3392 3217 3428 eos

2055 3462 2206 3525 posim
2223 3465 2358 3513 erant
2377 3477 2609 3512 manuum
2631 3477 2776 3526 opera
2789 3501 2804 3526 ,
2833 3465 3076 3514 calathisci
3091 3503 3104 3526 ,

2054 3549 2336 3610 arundineS‚
2357 3549 2487 3598 hami
2500 3587 2515 3611 ,
2532 3551 2694 3599 sum
2711 3565 2818 3600 esca
2834 3588 2851 3614 ,

2055 3637 2280 3698 funiculi,
2299 3649 2451 3686 nassoe
2466 3674 2479 3699 ,
2501 3640 2550 3686 ct
2561 3637 2724 3700 Juncei
2750 3638 3034 3702 labyrinthi,

2055 3723 2134 3773 tila
2152 3726 2202 3773 et
2220 3725 2337 3773 remi
2354 3727 2639 3787 vetustaque
2656 3739 2798 3789 super
2816 3727 3070 3790 phalangas
3095 3729 3266 3790 cymba
3278 3765 3293 3790 ,

2054 3813 2144 3860 sub
2171 3813 2326 3875 capite
2338 3813 2494 3863 storea
2521 3813 2680 3863 brevis
2693 3851 2708 3876 ,
2722 3815 2868 3864 vestis
2885 3829 2972 3877 pro
2989 3817 3199 3878 stragulo
3219 3821 3340 3866 erat.

2057 3899 2133 3947 hic
2149 3903 2268 3949 erat
2284 3900 2596 3963 piscatoribus
2607 3901 2764 3951 omnis
2785 3902 2937 3964 labor,
2958 3903 3034 3952 hae
3059 3903 3257 3953 divitiae.

2055 3987 2200 4036 limen
2219 4001 2354 4036 σασα.»
2375 4001 2531 4050 neque
2551 3987 2748 4050 ianuam
2773 3990 3008 4053 babebat,
3033 4003 3192 4054 neque
3225 4005 3423 4053 canem;
3451 3995 3632 4043 omnia

2059 4075 2169 4124 leaec
2203 4075 2460 4140 superflua]
2483 4077 2644 4126 omnia
2669 4076 2762 4126 illis
2783 4077 3068 4128 videbantur
3089 4099 3100 4128 :
3121 4093 3236 4128 nam
3254 4084 3518 4142 paupertas
3543 4096 3636 4130 ens

2059 4163 2392 4227 custodiebam]
2416 4164 2578 4214 nullus
2606 4164 2771 4215 aderat
2801 4166 2987 4216 vicinus
2997 4183 3013 4228 ;
3031 4166 3094 4216 ad
3119 4168 3272 4230 ipsam
3297 4171 3461 4218 autem
3493 4183 3626 4232 pau-

2055 4249 2258 4314 pertate]
2277 4263 2487 4313 pressam
2507 4253 2718 4302 casulam
2737 4253 2906 4302 leniter
2923 4251 3182 4304 adnatabat
3204 4267 3356 4305 mare.

2057 4338 2268 4388 nondum
2292 4338 2503 4388 medium
2521 4353 2718 4390 cursum
2745 4341 3014 4390 confecerat
3031 4354 3202 4392 currus
3219 4345 3370 4393 Lunae
3381 4381 3397 4404 ,

2054 4439 2206 4488 quum
2224 4425 2486 4489 piscatores
2503 4428 2744 4478 excitabat
2759 4428 2946 4478 amicus
2969 4428 3124 4491 labor,
3145 4431 3196 4479 et
3207 4443 3236 4480 e
3249 4430 3494 4493 palpebris

2054 4527 2220 4563 somno
2244 4527 2444 4563 excusso
2459 4515 2555 4564 suis
2569 4515 2934 4577 cogitationibus
2955 4517 3218 4566 incitabant
3241 4531 3428 4568 vocem.

2645 4621 3004 4664 ASPHALION.

2055 4689 2422 4752 mentiebantur,
2443 4703 2474 4739 o
2497 4691 2676 4752 amice,
2703 4703 2872 4742 omnes
2886 4692 3179 4756 quicumque
3203 4697 3369 4744 noctes
3383 4695 3642 4748 dicebant

2054 4779 2220 4827 aestate
2235 4777 2475 4827 brevtorae
2495 4777 2600 4827 tieri
2615 4814 2630 4840 ,
2649 4778 2842 4847 quando
2867 4783 3035 4830 noctes
3058 4780 3158 4831 dies
3187 4779 3355 4844 longos
3379 4783 3620 4834 afferunt

2049 4863 2148 4925 jam
2173 4864 2422 4914 innumera
2438 4865 2534 4914 vidi
2553 4866 2763 4929 somnia,
2783 4869 2832 4917 et
2851 4867 3068 4918 nondum
3083 4881 3258 4918 aurora
3281 4873 3376 4920 est.

2054 4965 2170 5001 num
2189 4966 2268 5002 me
2283 4953 2422 5003 latuit
2443 4958 2672 5004 aurora?
2697 4957 2783 5004 aut
2801 4954 2917 5018 quid
2937 4955 3030 5006 hoc
3057 4957 3126 5006 rei
3139 4959 3162 5006 P
3188 4959 3396 5021 spatium
3408 4959 3642 5024 longum

2696 5062 2962 5104 somus.
3045 5043 3207 5108 [etiam
3225 5047 3390 5094 noctes
3405 5045 3638 5102 nahmi.

2055 5127 2307 5190 Asphalion
2323 5163 2336 5188 ,
2361 5141 2558 5178 accusas
2574 5131 2788 5192 pulcram
2803 5133 3049 5181 aestatem?
3065 5144 3160 5181 non
3177 5133 3306 5184 enim
3319 5133 3538 5196 tempus
