3767 5825
1111 413 1369 476 morus
1412 411 1772 474 ιονιιιοιν
1826 409 2101 471 vn-x.
2791 385 2795 390 ’
3133 411 3206 462 η

110 555 155 622 ἦν
175 551 249 628 μὲν
271 549 359 630 γὰρ
378 549 549 630 βροτὸν
576 547 731 608 ἄλλον
760 544 1067 618 ἢᾶθοίνατόν
1090 569 1207 604 τινα
1230 543 1415 622 μέλπω
1431 587 1449 616 ,

113 639 333 753 βαμῗαίκι
348 659 429 714 μοι
448 639 653 714 γλῶσσα
672 636 765 695 και
778 638 845 702 ὥς
862 635 1025 714 πάρος
1044 632 1209 694 οὐκέτ’
1242 631 1432 690 ἀείδει·

66 753 93 790 ιι
112 731 191 799 ἧνδ
190 722 269 785 ’ὦ
270 752 295 784 τ
295 725 369 794 ’ἐς
390 724 472 785 τὸν
488 723 697 805 Ἔρωτα
714 723 807 783 καὶ
831 725 880 790 ἐς
903 722 1131 784 Λυκίδαν
1152 745 1203 779 τι
1230 719 1487 796 μελίσδω,

110 817 174 874 καὶ
194 815 302 874 τόκα
326 838 407 893 μοι
425 813 663 893 χαίροισα
691 811 777 871 διὰ
797 810 1055 889 στόματος
1086 808 1185 892 ῥέει
1210 807 1339 889 ᾠδοί.

524 1031 861 1079 mansion
898 1026 965 1081 z'.
999 1022 1120 1091 [Est]

112 1151 195 1210 (Hx
214 1139 399 1207 οἶδόὗδ
420 1145 646 1206 ἐπέοικεν
668 1146 703 1204 ἃ
730 1146 805 1220 μὴ
836 1146 1069 1223 μάθομεν
1103 1141 1399 1203 πονέεσθαι.

114 1235 145 1292 εἷ
162 1259 231 1311 μοι
257 1233 376 1292 καλὰ
399 1233 539 1293 πέλει
563 1233 632 1292 τὰ
655 1233 935 1314 μελύδρια,
963 1233 1052 1290 καὶ
1079 1229 1204 1288 τάδε
1232 1231 1381 1305 μῶνα

113 1324 223 1388 κῦδος
236 1321 333 1397 ἐμοὶ
356 1319 583 1394 θήσοντι,
611 1319 672 1379 τό
696 1345 784 1398 μοι
806 1320 971 1400 πάρος
1002 1316 1185 1376 ὤπασε
1214 1321 1408 1396 Μοῖρα.

113 1413 143 1466 εἷ
162 1411 196 1466 δ’
212 1412 289 1487 οὐχ.
305 1409 421 1466 ἃδέα
445 1413 609 1468 ταῦτα
631 1453 651 1484 ,
678 1408 731 1466 τί
749 1433 837 1485 μοι
856 1407 989 1468 πολὺ
1014 1406 1217 1486 πλῇονα
1254 1404 1499 1484 μοχθεῖν,

78 1502 141 1556 δεῖ
152 1496 221 1573 μὲν
238 1497 321 1576 γὰρ
348 1498 493 1576 βιότω
510 1496 721 1556 διπλόον
740 1496 924 1576 χρόνον
951 1495 1117 1572 ἄμμιν
1140 1492 1329 1552 ἔδωκεν

110 1585 133 1654 ἢ
156 1584 411 1664 Κρονίδαςῆ
438 1588 612 1666 Μοιρα
638 1585 989 1665 πολύτροπος,
1012 1581 1112 1649 ὥςτ
1113 1582 1394 1641 ’ἀνύεσθαι

110 1673 171 1730 τὸν
191 1673 239 1748 μὲ
242 1699 265 1730 ν
284 1676 328 1740 ἐς
346 1675 651 1754 εὐφροσύναν
671 1673 762 1732 καὶ
790 1672 1069 1752 χάρματα,
1093 1693 1179 1729 τον
1200 1671 1243 1728 δ’
1264 1669 1336 1728 ἔνι
1368 1667 1548 1747 μόχθῳ
1565 1708 1581 1738 ,

112 1767 189 1830 ἠν.
172 1762 281 1841 τάχα
298 1763 601 1842 μοχθτσαντι
624 1763 739 1822 ποθ’
763 1761 974 1842 υστερον
1003 1759 1160 1820 ἐσθλὰ
1181 1759 1440 1840 δέχεσθαι.

114 1850 199 1908 :lei
218 1850 301 1910 θεοὶ
324 1850 627 1910 κατένευσαν
660 1849 751 1910 ἕνα
770 1849 954 1930 χρόνον
981 1853 1031 1916 ἐς
1056 1847 1163 1928 βίον
1179 1849 1343 1906 ἐλθεῖν

68 1951 99 1988 Ιῠ
117 1937 358 2016 ἆνθρώποις,
392 1937 477 1997 καὶ
498 1939 646 1997 τόνδε
673 1937 873 2018 βραχυν
897 1960 986 1996 και
1010 1935 1181 2014 μῄονα
1208 1934 1437 2008 πάντων,

111 2027 147 2090 ἐς
164 2025 312 2101 πόσον,
338 2018 368 2082 ἆ
394 2025 573 2099 δειλοί,
594 2025 847 2103 καμάτως
868 2028 972 2090 κείς
992 2024 1119 2105 ἔργα
1144 2028 1425 2101 πονεῦμες;

110 2112 237 2190 ψυχὰν
256 2115 297 2171 δ’
319 2114 433 2193 ἄχρι
459 2114 595 2180 τίνος
622 2113 742 2172 ποτὶ
770 2113 957 2194 κέρδεα
982 2112 1071 2170 καὶ
1094 2111 1215 2170 ποτὶ
1243 2108 1428 2190 τέχνας

114 2201 331 2278 βάλλομες,
368 2201 648 2282 ἱμείροντες
676 2202 771 2272 ἀεὶ,
790 2199 921 2261 πολὺ
957 2199 1181 2279 πλῄονος
1199 2199 1370 2271 ὄλ6ω;

110 2289 293 2365 λαθόμεθ’
318 2281 350 2362 ἦ
382 2291 480 2368 ἄρα
502 2290 694 2357 πάντες
721 2289 799 2349 ὅτι
829 2289 1001 2348 θνατοὶ
1030 2287 1315 2366 γενόμεσθα
1336 2332 1350 2359 ,

66 2395 96 2433 ιε
110 2381 187 2456 [ὡς
206 2378 372 2458 βραχὺν
398 2383 455 2439 ἐκ
478 2379 682 2460 Μοίρας
697 2377 931 2458 λάχομεν
956 2375 1160 2458 χρόνον.

780 2596 863 2652 11¹.

114 2705 270 2770 026202
288 2716 329 2770 οἱ
356 2713 637 2792 φιλέοντες,
674 2711 802 2782 ἐπὴν
829 2709 941 2770 ἴσον
974 2709 1347 2792 ἀντερᾶωντοιι.

114 2791 291 2864 Mun*
260 2825 313 2871 ην
330 2799 529 2869 Θασευς
550 2825 629 2859 τω
651 2799 909 2879 Πειριθόω
934 2798 1212 2877 παρεόντος
1230 2842 1246 2872 ,

114 2889 144 2943 εἰ
165 2911 233 2945 και
254 2890 555 2965 ἀμειλίκτοιο
588 2889 875 2962 κατηλυθεν
905 2889 977 2954 εἷς
1004 2887 1196 2948 Ἀίδαο.

114 2974 241 3043 δ’)ἕιος
262 2969 317 3049 ’ἦν
339 2982 645 3058 χαλεποῖσιν
679 2982 731 3037 ἐν
752 2978 1017 3047 ἄξείνοισιν
1040 2976 1322 3057 Ὀρέστας,

80 3080 99 3115 ⁵
118 3086 175 3153 ’ss
162 3066 251 3123 εκά
280 3071 321 3125 οἱ
342 3066 485 3136 ξυνᾶς
510 3067 765 3134 Πυλαδας
791 3066 1063 3145 συνάροιτο
1088 3065 1373 3133 κελεύθους.

116 3156 158 3219 ἡν
176 3154 321 3234 μάκαρ
346 3157 599 3223 Αἰακίδας
621 3156 789 3236 ἑτάρω
822 3154 1036 3224 ζώοντος
1062 3152 1361 3233 Ἀχιλλεύς,

116 3212 289 3310 heito<
259 3270 313 3315 ην
339 3246 590 3317 θνάσκων,
619 3244 699 3304 ὅτι
719 3247 765 3303 οἱ
795 3243 950 3325 μόρον
978 3242 1118 3302 αἶνον
1149 3241 1360 3319 ἄμυνεν.

702 3461 781 3515 0¹.
823 3460 954 3529 [ις’.]

112 3560 293 3646 'Empe
309 3613 325 3641 ‚
348 3577 440 3636 τᾶς
463 3572 657 3650 ἐρατᾶς
678 3566 897 3648 χρύσεον
920 3567 1049 3649 φάος
1080 3566 1432 3647 Ἀφρογενείας
1448 3611 1463 3637 ,

112 3650 297 3732 Ἕσπερε
321 3656 537 3724 κυανέας
566 3655 699 3735 ἱερὸν
731 3656 847 3737 φίλε
872 3654 1056 3722 νυκτὸς
1088 3654 1303 3733 ἄγαλμα
1321 3699 1336 3726 ,

116 3740 255 3799 τόσσον
277 3744 615 3824 ἀφαυρότερος
646 3742 814 3821 μήνας
832 3789 847 3816 ,
868 3742 987 3802 ὅσον
1012 3741 1187 3822 ἔξοχος
1206 3742 1431 3821 ἄστρων,

114 3828 225 3905 χαῖρε
241 3830 369 3910 φίλος
382 3878 398 3903 ,
418 3832 511 3891 καί
528 3855 623 3909 μοι
640 3831 761 3890 ποτὶ
779 3830 1001 3907 ποιμένα
1022 3834 1199 3907 κῶμον
1222 3829 1397 3907 ἄγοντι

76 3934 93 3969 ι
114 3916 197 3973 ἀντὶ
223 3920 479 3987 σελαναίας
500 3918 565 3979 τὺ
594 3920 736 3979 δίδου
764 3919 911 4001 φάος,
937 3917 1109 3978 ὥνεκα
1138 3917 1269 3989 ιιήνα

114 4004 292 4085 σάμερον
324 4008 595 4087 ἅρχομένα
618 4008 802 4086 τάχιον
828 4005 965 4066 δύεν.
999 4008 1093 4065 οὗκ
1124 4006 1211 4064 ἐπὶ
1233 4006 1411 4086 φωράν

116 4092 319 4169 ἔρχομαι,
343 4099 443 4154 οὔδ’
470 4095 564 4153 ἵνα
591 4094 771 4161 νυκτὸς
793 4094 1177 4174 ὁδοιπορέοντας
1198 4091 1421 4172 ἐνοχλὲω
1440 4112 1451 4125 ·

117 4179 201 4235 ἀλλ’
219 4182 357 4263 ἐράω·
386 4183 551 4243 καλὸν
578 4184 635 4243 δέ
661 4187 709 4241 τ’
733 4182 1071 4263 ἐρασσαμένῳ
1099 4179 1430 4259 συνέρασθαι.

735 4408 793 4463 Ῑ’.
813 4410 953 4478 [ῘΖ’.]

117 4508 267 4594 'Ay-cpe
296 4516 649 4597 Κυπρογένεια
672 4558 689 4587 ,
711 4513 830 4581 Διὸς
849 4512 996 4581 τέκος
1033 4512 1097 4585 ἠὲ
1126 4511 1388 4579 θαλάσσας
1404 4558 1417 4583 ,

115 4599 227 4659 τίπτε
247 4604 385 4662 τόσον
410 4612 639 4663 θνατοῖσι
662 4602 752 4661 καὶ
777 4602 1078 4661 ἀθανάτοισι
1109 4600 1414 4680 χαλέπτεις;

115 4690 257 4747 τυτθὸν
280 4692 421 4773 ἔφαν·
443 4692 499 4751 τί
516 4692 577 4750 τὺ
601 4691 785 4749 τόσσον
814 4690 1051 4769 ἀπήχθεο
1078 4690 1167 4747 καὶ
1204 4685 1313 4747 τεῒν
1338 4691 1497 4768 αὐτᾷ,

116 4776 335 4835 ‘tutunus‘
309 4804 375 4847 ως
400 4802 655 4838 παντεσσι
684 4801 842 4836 κακον
871 4800 957 4836 τον
988 4773 1206 4856 Ἔρωτα
1230 4775 1439 4848 τέκηαι,

84 4862 261 4941 ἰἄγριον
287 4866 555 4948 ἄστοργον,
591 4874 765 4947 μορφα
793 4864 906 4924 νόον
934 4864 1077 4924 οὐδὲν
1098 4868 1309 4941 ὅμοῖον;

116 4951 153 5011 ἐς
172 4976 214 5008 τι
202 4951 277 5011 ’δέ
292 4978 366 5012 νιν
391 4955 587 5014 πτανὸν
610 4953 701 5013 καὶ
728 4950 1045 5012 ἐκαὸόλον”
1006 4975 1223 5017 ωπασας
1244 4942 1407 5026 ημεν,

113 5040 293 5114 ι’-ιςιμὴ
276 5064 453 5123 πικρον
478 5041 629 5102 ἐόντα
652 5040 933 5119 δυναίμεθα
955 5043 1106 5111 τῆνον
1138 5038 1351 5109 ἀλύξαι,

1660 540 1849 590 sienim
1865 539 2110 589 bominem
2134 536 2283 586 alium
2313 535 2400 585 aut
2414 533 2738 584 immortalem
2765 531 2978 595 aliquem
2999 531 3213 582 carmine

1661 627 1851 678 celebro
1862 626 1900 691 ,]
1917 625 2124 676 balbutit
2151 623 2270 674 mibi
2290 622 2452 685 lingua
2468 633 2560 672 nec
2583 620 2642 670 ut
2657 621 2770 671 ante
2787 618 2986 671 solebat
3009 619 3215 682 amplius

1663 715 1820 777 canit3
1840 715 1914 765 sin
1945 715 2113 764 contra
2139 713 2189 762 in
2207 715 2434 762 Amorem
2447 710 2498 759 et
2512 707 2566 758 in
2589 707 2819 771 Lycidam
2843 707 3024 771 aliquid
3043 709 3186 758 canto
3198 743 3214 771 ‚

1662 805 1770 854 tum
1788 802 1906 853 mibi
1927 815 2040 852 cum
2057 799 2226 852 laetitia
2243 811 2326 848 ore
2338 795 2533 860 profluit
2546 807 2760 847 carmen.

2143 1028 2435 1072 wuston
2475 1026 2590 1072 vn.
2635 1007 2746 1088 [v.]

1666 1140 1773 1188 Non
1790 1135 1888 1186 scio
1907 1147 2063 1198 neque
2077 1133 2217 1184 decet
2227 1144 2288 1182 ea
2309 1143 2422 1196 quae
2439 1143 2539 1180 non
2560 1127 2816 1180 didicimus
2825 1127 3063 1179 laborare.

1666 1222 1707 1274 si
1731 1223 1847 1272 mibi
1865 1222 2034 1284 pulcra
2045 1220 2159 1270 sunt
2173 1217 2386 1269 earmina
2395 1229 2530 1281 ntea,
2548 1215 2695 1268 etiam
2710 1215 2818 1266 blec
2827 1215 2932 1266 sola

1666 1309 1864 1372 gloriam
1889 1307 2006 1358 mibi
2030 1307 2244 1370 parient,
2271 1317 2420 1368 qnam
2435 1304 2556 1354 mibi
2569 1304 2710 1356 antea
2723 1302 2978 1354 destinavit
2995 1306 3158 1354 Parca.

1668 1399 1741 1448 sin
1771 1397 1938 1447 autem
1962 1409 2060 1446 non
2086 1393 2254 1445 suavia
2265 1395 2393 1444 sunt
2408 1391 2548 1457 ,base
2566 1391 2686 1456 quid
2709 1391 2828 1442 mihi
2852 1389 3047 1455 prodest
3062 1393 3220 1442 multo

1668 1488 1807 1551 plura
1822 1486 1987 1537 labore
2015 1484 2266 1548 exquirere
2278 1483 2328 1548 P]
2359 1482 2401 1534 si
2421 1483 2553 1533 enim
2577 1482 2692 1532 vitm
2717 1482 3014 1544 geminatum
3033 1482 3226 1544 tempus

1669 1572 1807 1625 nobis
1827 1572 2063 1638 dedisset]
2088 1572 2166 1622 vel
2195 1570 2448 1622 Saturnius
2473 1570 2550 1620 vel
2577 1573 2725 1620 Parca
2760 1569 3016 1632 multiplex
3031 1604 3048 1630 ,
3075 1569 3143 1618 ita
3175 1569 3226 1618 ut

1670 1663 1920 1728 ageretur]
1944 1663 2148 1713 altemm
2175 1662 2226 1712 in
2242 1659 2412 1711 loetitla
2429 1660 2479 1711 et
2494 1659 2668 1724 gaudio
2684 1695 2699 1722 ,
2719 1659 2932 1709 alterum
2957 1659 3011 1708 in
3036 1658 3201 1708 labore
3213 1695 3226 1716 ‚

1672 1752 1836 1804 liceret
1870 1751 2070 1801 fortasse
2096 1749 2345 1801 laboribus
2366 1747 2619 1812 perfuncto
2643 1748 2810 1810 postea
2828 1746 3083 1810 aliquando
3102 1746 3227 1796 bona

1672 1837 1890 1903 capere]
1907 1838 1980 1888 sin
1998 1839 2160 1889 autem
2184 1837 2251 1886 dii
2271 1835 2548 1886 annuerunt
2563 1837 2622 1885 ut
2641 1848 2797 1884 unum
2814 1834 3084 1885 duntaxat
3101 1835 3228 1883 tcm-

1674 1939 1763 1989 pus
1786 1925 1849 1975 ad
1879 1925 2032 1974 vitam
2048 1923 2265 1988 veniret]
2285 1922 2584 1985 bominibus,
2601 1921 2750 1986 idque
2764 1921 2914 1972 breve
2928 1923 2978 1972 et
2999 1921 3231 1972 omnibus

1672 2012 1984 2076 transigendis
1991 2011 2171 2076 impar]
2178 2048 2192 2074 ,
2208 2024 2356 2074 quam
2368 2009 2452 2060 diu
2464 2045 2480 2072 ,
2495 2009 2560 2060 ah
2571 2008 2749 2071 miseri,
2765 2009 2816 2059 in
2826 2008 3014 2059 labores
3026 2012 3077 2059 et
3088 2021 3231 2071 opera

1674 2115 1763 2152 nos
1786 2101 2038 2163 fatigamus
2049 2099 2100 2163 Ρ]
2117 2099 2332 2148 anirnum
2346 2098 2511 2147 autem
2524 2109 2775 2161 quousque
2788 2095 2851 2146 ad
2871 2094 3008 2145 lucra
3027 2098 3079 2146 et
3095 2098 3222 2145 artes

1676 2189 1751 2251 adj
1758 2189 1943 2250 icimus,
1963 2200 2150 2250 semper
2163 2185 2484 2236 desiderantes
2493 2183 2650 2234 multo
2659 2183 2892 2245 majorem
2901 2182 3230 2246 opulentiam?

1676 2277 1813 2329 obliti
1830 2277 2044 2340 profecto
2060 2288 2230 2324 sumus
2251 2285 2418 2324 omnes
2435 2308 2450 2335 ,
2470 2285 2563 2322 nos
2578 2273 2809 2322 mortales
2826 2284 2928 2323 esse
2939 2272 3081 2322 natos
3092 2307 3107 2335 ,

1678 2369 1728 2418 et
1758 2367 1902 2416 breve
1918 2366 2108 2428 tempus
2122 2376 2153 2414 a
2179 2367 2326 2414 Parca
2339 2361 2532 2412 sortitos
2544 2373 2664 2412 esse.

2359 2503 2573 2516 ⁸—-

2375 2604 2518 2648 vm.

1684 2723 1815 2774 Beati
1830 2724 1957 2773 sunt
1973 2719 2057 2784 qui
2073 2719 2256 2781 amant,
2275 2729 2428 2782 quum
2444 2714 2622 2780 pariter
2639 2715 2960 2764 redamantur.
3045 2705 3056 2716 '

1682 2811 1853 2860 beatus
1871 2811 1976 2860 erat
1991 2809 2202 2859 Theseus
2219 2819 2374 2868 quum
2395 2803 2640 2854 Pirithous
2658 2801 2869 2862 adesset,

1684 2897 1771 2950 etsi
1784 2896 2030 2950 descendit
2049 2895 2100 2945 in
2121 2892 2435 2959 implacabilis
2449 2889 2668 2942 Plutonis
2679 2889 2901 2939 domum.

1684 2989 1853 3038 beatus
1869 2988 1974 3036 erat
1987 2985 2112 3034 inter
2135 2979 2569 3045 asper-osberbaros
2590 2978 2782 3028 Orestes
2793 3012 2810 3040 ,

1686 3076 1875 3139 quoties
1889 3086 2000 3125 cum
2017 3086 2074 3122 eo
2092 3069 2368 3122 communia
2389 3065 2594 3131 Pylades
2609 3064 2882 3128 susceperat
2899 3062 3083 3113 itinera.

1688 3165 1791 3214 erat
1806 3163 1922 3212 felix
1935 3159 2152 3212 AEacides
2163 3158 2294 3209 socio
2317 3156 2516 3207 vivente
2533 3152 2742 3205 Achilles
2753 3189 2768 3215 ,

1688 3251 1970 3313 beatns‚erat
1981 3248 2208 3311 moriens,
2227 3244 2359 3311 quod
2370 3244 2416 3297 ei
2427 3244 2638 3296 mortem
2650 3241 2889 3293 infelicem
2905 3240 3238 3318 ulciscebatur.

2313 3483 2404 3527 ιι.
2451 3464 2628 3543 [xv1.]

1695 3594 1900 3655 Hoepere
1915 3627 1930 3654 ,
1959 3591 2132 3640 amatoe
2159 3600 2307 3639 aurea
2335 3586 2426 3636 lux
2435 3584 2636 3637 Veneris
2646 3620 2663 3646 ,

1694 3694 1803 3730 care
1816 3682 2022 3743 uespere
2034 3716 2050 3741 ,
2069 3676 2294 3727 caeruleae
2311 3672 2468 3725 noctis
2487 3684 2680 3723 sacrum
2693 3670 2858 3733 decus,

1692 3769 1881 3817 tantum
1904 3766 2052 3816 obscu
2059 3765 2154 3814 rior
2170 3763 2286 3813 luna
2296 3799 2315 3826 ,
2334 3761 2570 3825 quantum
2582 3758 2885 3823 praestantior
2895 3758 3035 3808 astris
3049 3795 3065 3818 ,

1695 3856 1826 3907 salve
1842 3854 2016 3905 dilecte
2028 3891 2043 3917 ,
2059 3852 2242 3903 etmihi
2255 3887 2272 3913 ,
2290 3850 2376 3915 qui
2392 3849 2456 3900 ad
2472 3852 2714 3913 pastorem
2731 3848 2968 3897 comastes
2998 3846 3124 3895 vado
3136 3883 3151 3908 ‚

1696 3945 1803 3994 loco
1816 3943 1946 3993 luna:
1959 3944 2015 3992 tu
2043 3941 2203 4005 praebe
2214 3940 2376 3990 lucem
2391 3974 2408 4002 ,
2437 3938 2672 4001 quoniam
2699 3935 2784 3985 illa

1698 4031 1840 4082 bodie
1855 4032 2018 4081 lucere
2033 4027 2262 4091 incipiens
2274 4025 2416 4075 citius
2428 4022 2622 4074 occidit.
2641 4035 2741 4072 non
2753 4021 2816 4072 ad
2833 4020 3092 4071 furandum

1698 4134 1755 4171 eo
1768 4156 1784 4181 ,
1802 4128 1960 4181 neque
1977 4118 2034 4165 ιιι
2057 4117 2206 4165 noctu
2232 4114 2321 4164 iter
2335 4111 2560 4163 facientes
2571 4110 2820 4170 infestem3

1646 4228 1649 4233 ·
1698 4208 1783 4263 sed
1800 4220 1910 4259 amo
1933 4224 1947 4255 ι
1973 4205 2200 4270 pulcrum
2217 4202 2381 4253 autem
2403 4202 2477 4250 est
2493 4200 2734 4251 amantem
2757 4200 2806 4251 in
2824 4212 2987 4251 amore
3008 4196 3249 4261 adjuvare.

2321 4420 2384 4463 x.
2427 4400 2636 4481 [ma]

1704 4530 1747 4577 Ο
1766 4526 1950 4590 placida
1972 4528 2158 4587 Venus,
2184 4522 2319 4574 Jovis
2343 4522 2429 4571 aut
2451 4520 2599 4571 maris
2621 4520 2747 4583 filia,

1706 4614 1821 4678 quid
1840 4612 2035 4663 landem
2051 4612 2300 4674 tantopere
2317 4608 2590 4659 hominibus
2606 4609 2656 4658 et
2670 4606 2761 4657 diis
2777 4606 2898 4657 dura
2911 4607 2996 4656 es?

1706 4716 1875 4766 parum
1891 4700 1992 4751 dixi
2005 4717 2020 4763 ;
2034 4698 2152 4763 quid
2167 4700 2224 4749 tu
2240 4697 2358 4747 adeo
2375 4697 2726 4747 insensserasct
2739 4694 2936 4759 quidem
2953 4694 3138 4745 tibimet
3151 4693 3257 4758 ipsi,

1708 4791 1871 4840 uitale
1893 4789 2076 4837 malum
2089 4785 2314 4835 omnibus
2329 4790 2556 4835 Amorem
2573 4784 2814 4847 pepereris
2824 4820 2840 4847 ,

1709 4878 1863 4927 ferum
1876 4914 1891 4939 ,
1917 4875 2150 4925 immitem
2165 4910 2180 4937 ,
2205 4872 2396 4935 ingenio
2421 4872 2590 4922 sermm
2608 4872 2726 4921 nihil
2743 4871 2921 4922 simili?

1710 4981 1795 5015 cur
1818 4979 1931 5015 vcro
1950 4976 2064 5013 eum
2090 4963 2147 5011 ut
2163 4962 2318 5011 alatus
2330 4962 2379 5010 et
2400 4960 2540 5022 longe
2557 4959 2780 5021 iaculans
2796 4962 2920 5011 esset
2941 4960 3130 5022 dedisti,

1713 5056 1765 5103 ut
1790 5066 1848 5101 ne
1866 5051 2122 5101 molestum
2140 5060 2386 5113 possemus
2407 5047 2552 5097 illum
2574 5048 2814 5111 effingere?
