3767 5825
861 297 1403 360 ARCHESTRATI
1444 295 1675 356 GELOI
1718 295 1900 368 QUAE
1939 294 2408 355 SUPERSUNT.
2735 317 2762 384 ὀ
3200 306 3268 354 81

201 435 283 493 Ἐν
308 437 467 503 συκῆς
490 429 697 511 φύλλοις
716 429 909 510 σχοίνῳ
934 428 1229 500 κατάδησον
1261 429 1451 487 ἄνωθεν
1466 451 1477 464 ·

1728 432 1865 482 Foliis
1886 433 2002 480 licus
2020 431 2306 480 obvolutum
2325 432 2538 481 funiculo
2559 444 2764 493 superne
2781 429 2937 491 obliga

200 513 301 582 Εἶθ’
326 520 425 578 ὑπὸ
448 517 641 598 θερμὴν
662 507 797 576 ὦσον
826 515 931 575 ἔσω
952 517 1160 588 σποδὸν,
1190 519 1243 574 ἐν
1264 516 1421 598 φρεσὶ
1445 515 1625 593 καιρὸν
1726 520 1904 568 Deinde
1920 521 2010 569 sub
2035 520 2240 568 calidum
2253 520 2462 568 cinerem
2479 519 2664 581 penitus
2681 519 2832 568 subde
2845 554 2859 579 ,
2881 521 3040 566 mente
3060 522 3248 580 tempus

138 630 177 668 ιιι
204 607 523 684 Γιγνώσκων,
544 605 690 663 ὁπότ’
714 607 819 662 ἐστ’
843 603 1005 676 ὀπτὴ,
1031 603 1122 662 καὶ
1143 603 1217 680 μὴ
1242 603 1602 682 κατακαύσῃς.

198 695 375 756 Ἔστω
394 695 440 752 δ’
467 692 599 763 αὕτη
620 716 703 750 σοι
722 691 1006 760 Βυζαντίου
1027 691 1081 758 ἐξ
1103 692 1362 771 ἐρατεινοῦ
1376 733 1392 760 ,

200 785 351 860 Εἴπερ
380 781 519 859 ἔχειν
544 781 743 858 ἀγαθὴν
768 780 985 846 ἐθέλεις·
1013 778 1113 836 κᾶν
1133 777 1285 855 ἐγγὺς
1305 778 1419 855 ἁλῷ
1442 778 1553 848 ’,που

195 872 351 930 Τοῦδε
370 869 559 940 τόπου,
583 865 768 938 κεδνὴν
794 866 977 945 λήψεις
992 891 1003 901 ·
1027 868 1186 936 τηλοῦ
1213 864 1267 922 δὲ
1289 865 1554 934 θαλάσσης

199 957 667 1028 Ἑλλησποντιάδος
685 954 901 1034 χείρων·
936 953 1033 1013 κᾶν
1061 953 1260 1012 κλεινὸν
1288 953 1515 1031 ἀμείψῃς

134 1071 173 1107 15
199 1045 415 1122 Αἰγαίου
442 1043 699 1122 πελάγους
726 1041 909 1101 ἔναλον
924 1041 1102 1122 πόρον,
1120 1043 1214 1099 οὐκ
1242 1041 1312 1098 ἔθ’
1338 1040 1491 1117 ὁμοία

195 1133 457 1210 Γίγνεται,
479 1131 616 1188 ἀλλὰ
638 1131 977 1208 καταισχύνει
1005 1129 1091 1187 τὸν
1108 1128 1329 1208 πρόσθεν
1358 1128 1585 1186 ἔπαινον.

110 1247 194 1304 (lb.
212 1248 315 1302 Vll,
339 1257 385 1306 p.
414 1247 505 1292 278
524 1242 605 1302 b.)

733 1321 951 1379 XXlll.

199 1411 347 1472 Ἀλλὰ
366 1413 495 1472 λαὸὲ
523 1413 687 1494 ξιφίου
711 1413 959 1492 τέμαχος,
990 1411 1271 1480 Βυζάντιον
1296 1410 1474 1482 ἐλθὼν,

193 1502 417 1579 Οὐραίου
442 1500 489 1558 τ’
514 1501 667 1561 αὐτὸν
686 1501 773 1560 τὸν
798 1500 1079 1581 σφόνδυλον
1096 1523 1110 1538 ·
1132 1499 1242 1558 ἔστι
1273 1497 1326 1558 δὲ
1347 1497 1519 1562 κεδνὸς

198 1591 307 1646 Κάν
327 1593 546 1668 πορθμῷ
565 1589 691 1666 πρὸς
712 1587 923 1667 ἄκραισι
948 1587 1279 1666 Πελωριάδος
1294 1593 1627 1666 προχοαῑσιν.

108 1700 209 1762 (lb.,
234 1715 278 1763 p.
301 1705 393 1752 ³14
412 1703 493 1764 e.)
1045 1757 1053 1766 ,

752 1781 964 1840 XXlV.

202 1875 303 1936 Καὶ
331 1881 516 1955 νεαροῦ
534 1877 763 1954 μεγάλου
788 1880 835 1933 τ’
853 1874 1097 1933 αὐλωπία
1117 1876 1171 1932 ἐν
1194 1873 1328 1952 θέρει
1346 1874 1477 1930 ὠνοῦ

206 1965 447 2042 Κρανίον,
469 1965 533 2023 ἂν
550 1966 777 2025 Φαέθων
802 1963 1047 2041 πυμάτην
1068 1963 1233 2043 ἁψῖδα
1259 1961 1477 2038 διφρεύῃ
1503 2006 1517 2030 ,

200 2051 299 2108 Καὶ
312 2052 543 2131 παράθες
556 2052 742 2132 θερμὸν
766 2050 967 2129 ταχέως
984 2050 1075 2107 καὶ
1092 2049 1300 2129 τρίμμα
1322 2047 1433 2124 μετ’
1452 2048 1633 2102 αὐτοῦ·

199 2133 379 2197 Ὄπτα
402 2141 445 2198 δ’
478 2140 607 2221 ἀμφ’
632 2139 900 2198 ὀὸελίσκον
926 2137 1057 2196 ἑλὼν
1087 2136 1429 2214 ὑπογάστριον
1456 2136 1633 2194 αὐτοῦ.

108 2241 209 2302 (lh,
232 2257 277 2305 p.
308 2251 399 2294 326
419 2245 509 2307 b.)

766 2325 949 2384 XXV.

198 2417 297 2477 Τὸν
316 2419 365 2475 δ’
379 2418 523 2476 ἔλοπ’
545 2418 658 2498 ἔσθε
677 2419 906 2496 μάλιστα
934 2415 1297 2496 Συρακούσαις
1318 2414 1391 2472 ἐνὶ
1417 2415 1641 2480 κλειναῖς

197 2507 297 2564 Τόν
322 2531 382 2584 γε
400 2506 805 2586 κρατιστεύονθ’·
835 2497 978 2571 οὗτος
1001 2505 1101 2582 γὰρ
1134 2495 1198 2561 αὗ
1226 2507 1363 2562 ἐστιν
1391 2504 1587 2560 ἐκεῖθεν

194 2595 301 2664 Τὴν
324 2593 492 2672 ἀρχὴν
516 2593 737 2672 γεγονώς
761 2599 853 2663 θην
868 2593 896 2622 *
922 2591 1019 2650 κᾶν
1047 2590 1082 2662 ἢ
1102 2592 1223 2671 περὶ
1241 2592 1449 2662 νήσους,
1572 2589 1579 2595 ’

203 2676 273 2739 Ἦ
295 2681 419 2759 περὶ
433 2682 529 2753 τὴν
559 2681 723 2750 ἄλλην
748 2703 851 2738 που
879 2681 989 2760 ἁλῷ
1010 2684 1129 2758 γῆν,
1150 2678 1185 2748 ἢ
1207 2679 1329 2758 περὶ
1365 2679 1601 2756 Κρήτην,

141 2789 163 2824 s
202 2767 402 2834 Λεπτὸς
428 2767 517 2827 καὶ
540 2767 742 2849 στερεὸς
764 2767 855 2826 καὶ
876 2765 1221 2844 κυματοπλὴξ
1244 2767 1558 2847 ἀφικνεῖται.

106 2871 212 2935 (Κλ,
233 2887 279 2935 p.
302 2881 395 2925 300
429 2874 509 2935 e.)

762 2954 967 3015 XXVI.

202 3049 309 3109 Καὶ
322 3049 504 3108 λεὸίαν
524 3048 655 3107 λαὸὲ
668 3092 685 3120 ,
698 3048 907 3127 Μόσχε,
923 3048 1009 3108 τὸν
1029 3048 1231 3121 ἥπατον
1250 3052 1302 3107 ἐν
1315 3048 1645 3128 περικλύστῳ

200 3138 357 3217 Δήλῳ
387 3138 476 3195 καὶ
505 3136 688 3216 Τήνῳ.

103 3250 217 3312 (lh.,
238 3266 285 3314 p.
301 3257 389 3301 301
421 3251 505 3313 d.)

748 3330 988 3390 XXVII.

358 3423 643 3503 Ἶππουρος
668 3424 723 3483 δὲ
751 3425 1041 3505 Καρύστιός
1065 3426 1200 3481 ἐστιν
1233 3426 1459 3503 ἄριστος·

195 3510 397 3579 Ἄλλως
424 3516 471 3569 τ’
502 3513 683 3593 εὔοψον
714 3514 911 3593 σφόδρα
930 3512 1120 3593 χωρίον
1140 3514 1247 3571 ἐστὶ
1271 3515 1561 3593 Κάρυστος.

100 3626 211 3687 (ln,
228 3640 277 3689 p.
300 3631 393 3677 304
416 3627 465 3676 d.
487 3629 506 3690 )

742 3710 1004 3769 Xxvlll.

200 3803 471 3882 Βοσπόρου
484 3803 842 3863 ἐκπλεύσαντα
852 3803 919 3861 τὰ
930 3801 1217 3873 λευκότατ’,
1228 3802 1363 3859 ἀλλὰ
1379 3800 1649 3882 προσέστω

204 3888 383 3959 Μηδὲν
403 3892 511 3947 ἐκεῖ
530 3898 741 3967 στερεᾶς
761 3889 950 3968 σαρκὸς
971 3890 1233 3949 Μαιώτιδι
1254 3889 1409 3967 λίμνῃ

197 3974 399 4056 Ἰχθύος
424 3976 752 4049 αὐξηθέντος,
782 3976 839 4033 ὃν
856 3981 907 4034 ἐν
938 3976 1113 4055 με’τρῳ
1132 3981 1189 4034 οὐ
1216 3977 1363 4053 θέμις
1386 3980 1566 4036 εἰπεῖν.

101 4088 213 4149 (ιιι,
234 4104 283 4152 p.
314 4096 407 4141 234
426 4104 470 4140 e.
488 4090 509 4153 )

770 4170 985 4228 XXIX.

198 4264 385 4343 Αὐτὰρ
411 4268 461 4331 ἐς
484 4263 807 4343 Ἀμὸρακίαν
829 4262 1014 4339 ἐλθὼν,
1044 4264 1324 4341 εὐδαίμονα
1344 4265 1547 4343 χώραν,

202 4354 425 4432 Κάπρον
448 4352 537 4409 ἐὰν
558 4351 728 4431 ἐσίδῃς
745 4398 760 4428 ,
787 4356 939 4425 ὠνοῦ,
964 4352 1053 4411 καὶ
1080 4355 1154 4429 μὴ
1181 4353 1465 4411 κατάλειπε
1486 4398 1502 4429 ,

200 4439 317 4497 Κᾶν
344 4438 618 4518 ἰσόχρυσος
642 4438 699 4518 ἔῃ
716 4485 731 4511 ,
763 4440 836 4517 μή
868 4464 949 4499 σοι
968 4440 1173 4516 νέμεσις
1196 4439 1531 4517 καταπνεύσῃ

196 4528 360 4597 Δεινὴ
383 4527 475 4585 ἀπ’
500 4530 771 4586 ἀθανάτων
790 4545 804 4559 ·
839 4528 896 4585 τὸ
923 4528 1023 4608 γάρ
1045 4530 1183 4586 ἐστιν
1214 4529 1455 4609 νέκταρος
1479 4528 1647 4591 ἄνθος.

196 4614 407 4673 Τούτου
431 4616 489 4673 οὗ
511 4618 653 4690 θέμις
675 4614 787 4673 ἐστὶ
811 4619 993 4696 φαγεῖν
1018 4620 1278 4686 θνητοῖσιν
1301 4614 1521 4688 ἅπασιν,

134 4725 161 4760 s
202 4704 343 4761 Οὐδ’
368 4704 556 4761 ἐσιδεῖν
576 4703 833 4779 ὄσσοισιν,
869 4700 980 4762 ὅσοι
1008 4702 1082 4779 μὴ
1110 4704 1332 4762 πλεκτὸν
1358 4702 1573 4785 ὕφασμα

196 4790 433 4867 Σχοίνου
462 4788 787 4869 ἑλειοτρόφου
814 4790 987 4848 κοῖλον
1007 4790 1269 4869 χείρεσσιν
1294 4790 1496 4869 ἔχοντες

198 4877 447 4937 Εἷὼθασι
474 4878 637 4937 δονεῖν
668 4877 867 4958 ψήφους
889 4876 1351 4959 αἴθωνιλογισμῷ,

196 4960 439 5043 Ἄρθρων
465 4962 693 5041 μηλείων
725 4966 811 5023 ἐπὶ
828 4968 926 5042 γῆν
950 4965 1240 5045 δωρήματα
1260 4964 1493 5044 βάλλων.

96 5078 215 5139 (lb.,
232 5092 285 5141 p.
314 5084 409 5129 ³05
434 5092 477 5128 e.
496 5079 635 5128 conf.
661 5080 898 5141 Eustath„
918 5094 964 5143 p.
988 5084 1127 5143 1872,
1146 5080 1181 5130 1.
1206 5081 1311 5141 ¹7.)

455 5166 845 5213 Amnestum
1148 5172 1155 5179 '

1721 612 1977 673 Cognitum
1996 611 2201 672 habens,
2224 624 2323 673 qno
2343 624 2450 660 assa
2463 611 2578 672 erit,
2599 623 2756 672 neque
2773 622 2879 659 eam
2901 623 3092 658 exuras.

1723 699 1795 748 sit
1818 702 1981 748 autem
2010 699 2097 748 tihi
2117 699 2222 748 haec
2244 711 2305 747 ex
2326 699 2554 760 Byzantio
2577 710 2786 756 amoeno,

1722 786 1771 837 Si
1796 787 1974 835 bonam
2000 786 2175 835 habere
2197 787 2340 847 velis;
2362 787 2527 835 itidem
2555 782 2593 834 si
2618 799 2714 847 qua
2732 785 2872 846 capta
2887 783 3028 833 fuerit
3052 797 3198 846 prope

1724 878 1867 925 Himc
1889 875 2046 923 locum
2061 910 2075 934 ,
2099 873 2274 922 bonam
2295 873 2610 933 nancisceris;
2641 872 2806 935 procul
2827 885 2941 920 vero
2965 885 2994 918 a
3013 871 3134 920 mari

1728 963 2110 1023 Hellespontiaco
2129 961 2338 1011 deterior
2355 965 2454 1020 σείς
2476 964 2622 1023 atque
2645 959 2727 1008 ubi
2751 960 2986 1022 inclytum
3010 958 3252 1020 traieceris

1726 1050 1870 1111 AEgaei
1891 1049 2041 1112 pelagi
2061 1050 2298 1098 marinum
2319 1049 2495 1098 fretum
2512 1085 2528 1109 ,
2547 1061 2644 1097 non
2663 1046 2870 1110 amplius
2891 1061 2976 1109 par

1728 1141 1836 1198 Est,
1854 1137 1939 1186 sed
1958 1137 2206 1200 pristinam
2227 1136 2486 1186 dedecorat
2503 1136 2711 1185 laudem.

2397 1330 2616 1388 xxm.

1726 1423 1816 1472 Sed
1841 1424 2122 1485 Byzantium
2145 1423 2228 1472 ubi
2248 1424 2456 1482 veneris,
2479 1422 2621 1484 gladii
2643 1435 2758 1484 cape
2781 1423 2985 1472 frustum

1725 1512 2001 1572 Caudaeqne
2019 1512 2168 1573 ipsam
2199 1511 2498 1570 vertebram;
2518 1513 2591 1559 est
2611 1513 2773 1559 autem
2793 1510 2964 1558 nobilis

1728 1599 1886 1648 Etiam
1904 1599 1954 1648 in
1973 1601 2094 1648 l'reto
2112 1601 2350 1648 extnemos
2373 1611 2520 1661 prope
2547 1597 2802 1648 Peloriadis
2823 1597 3046 1660 gurgites.

2395 1793 2608 1852 XXIV.

1728 1888 1790 1934 Et
1812 1886 2020 1936 recentis
2043 1885 2201 1948 magni
2223 1885 2426 1948 aulopiae
2448 1889 2614 1936 aestate
2635 1898 2740 1934 eme

1727 1974 2024 2034 calvariam,
2047 1973 2129 2022 ubi
2168 1973 2414 2023 Phaethon
2443 1977 2713 2022 extremum
2738 1985 2902 2024 arcum
2940 1985 3086 2020 curru
3116 1984 3282 2034 perva-

1727 2065 1883 2124 Atque
1900 2062 2021 2110 inser
2039 2061 2247 2110 calidum
2265 2041 2698 2122 cito’intritumque
2721 2074 2833 2108 cum
2855 2073 2942 2120 eo;
3163 2057 3287 2120 [elit3

1728 2149 1976 2198 Abdomen
1994 2152 2158 2199 autem
2177 2150 2401 2211 elegeris,
2426 2151 2476 2198 et
2495 2147 2631 2198 verui
2650 2147 2954 2196 circumdans
2974 2159 3096 2196 assa.

1732 2430 1930 2492 Elopem
1955 2431 2152 2480 comede
2175 2430 2384 2479 maxime
2405 2430 2651 2492 Syracusis
2677 2429 2725 2477 in
2743 2428 3015 2478 celebribus

1733 2517 2178 2567 Praestantissimum
2203 2517 2396 2580 utiquc,
2413 2531 2524 2566 nam
2549 2517 2682 2566 hicce
2698 2529 2862 2565 rursus
2885 2515 2948 2564 ibi

1733 2606 1861 2656 Olim
1880 2607 2022 2654 natus
2039 2607 2110 2654 est
2135 2606 2376 2668 prosect03
2401 2608 2546 2667 atque
2564 2604 2602 2653 si
2628 2604 2754 2652 circa
2779 2603 2958 2652 insulas

1735 2695 1827 2742 Aut
1841 2693 2075 2754 reliquam
2095 2695 2276 2741 terram
2303 2692 2480 2741 alicubi
2499 2691 2734 2754 capiatur,
2755 2691 2829 2740 vel
2858 2691 2987 2739 circa
3011 2691 3226 2746 Cretam.

1734 2785 1891 2830 Macer
1914 2782 1962 2830 et
1979 2780 2130 2829 durus
2161 2783 2209 2829 et
2229 2780 2456 2829 fluctibus
2485 2782 2688 2829 vexatus
2715 2777 2924 2827 advenit.

2408 2958 2622 3018 XXVI.

1737 3052 1925 3102 Lebiam
1950 3066 2090 3113 vero,
2111 3051 2322 3113 mosche,
2347 3052 2430 3113 qui
2448 3054 2498 3101 et
2507 3050 2777 3113 jecoriuus‚
2807 3050 2856 3097 in
2870 3048 3151 3097 circumflua
3169 3061 3288 3110 cape

1738 3142 1854 3190 Delo
1874 3144 1960 3190 aut
1979 3144 2129 3190 Tenc.

2402 3322 2632 3383 xxvn.

1924 3428 2168 3489 Hippurus
2185 3440 2299 3475 vero
2323 3427 2534 3489 optimus
2555 3426 2804 3488 carystius
2829 3428 2904 3476 est
2930 3447 2944 3476 ε

1737 3518 1797 3565 Et
1831 3516 2046 3578 alioquin
2065 3515 2302 3577 exquisito
2323 3517 2522 3577 opsonio
2555 3515 2768 3565 abundat
2785 3517 3032 3578 carystus.

2381 3668 2650 3785 xxv'm.

1740 3822 1777 3867 E
1800 3821 2010 3880 Bosporo
2033 3820 2251 3867 evectum
2271 3818 2514 3867 albissima
2532 3854 2545 3876 ,
2566 3817 2649 3866 sed
2670 3816 2784 3865 nihil
2806 3816 2930 3865 adsit

1738 3906 1809 3955 lbi
1837 3906 2000 3968 rigidae
2027 3904 2346 3967 carnis'piscis
2369 3905 2416 3953 in
2439 3904 2661 3953 Maeotide
2684 3903 2858 3965 palude

1739 3994 1883 4043 Aucti
1904 4028 1918 4053 ,
1933 4006 2080 4055 quem
2099 3994 2346 4041 nominare
2363 3992 2413 4039 in
2431 3992 2644 4040 carmine
2665 4004 2761 4039 non
2786 3988 2914 4040 licet.

2409 4149 2616 4234 xxix.

1739 4280 1831 4330 Sed
1856 4279 2124 4329 Ambraciae
2144 4291 2256 4326 cum
2282 4280 2470 4327 veneris
2488 4278 2679 4327 beatam
2700 4277 2750 4326 in
2774 4278 3014 4340 regionem
3033 4312 3046 4338 ,

1742 4372 1924 4430 Aprum
1948 4369 1984 4416 si
2011 4365 2340 4427 conspexeris,
2369 4380 2474 4414 eme
2489 4380 2577 4415 nec
2596 4366 2812 4427 relinque
2827 4401 2841 4425 ,

1742 4454 1938 4505 Etiamsi
1956 4467 2075 4502 auro
2092 4455 2259 4502 contra
2281 4456 2458 4502 veneat
2473 4490 2486 4513 ‚
2507 4468 2570 4503 ne
2585 4456 2636 4503 te
2657 4454 2868 4503 vindicta
2887 4454 3018 4502 afflet

1743 4544 1857 4591 Dira
1874 4542 1938 4591 ab
1961 4541 2338 4601 immortalibus;
2358 4544 2432 4591 est
2453 4541 2582 4591 enim
2597 4542 2806 4591 nectaris
2823 4542 2902 4590 hic
2919 4541 3024 4591 llos.

1744 4634 1884 4680 Hunc
1907 4630 2048 4679 edere
2067 4642 2164 4678 non
2181 4629 2408 4678 omnihus
2431 4630 2546 4679 licet
2559 4629 2841 4682 mortalibus

1742 4722 1803 4767 Et
1824 4732 1883 4766 ne
1901 4717 2052 4767 oculis
2069 4716 2264 4779 quidem
2289 4715 2524 4777 aspicere,
2543 4715 2636 4765 nisi
2661 4716 2748 4777 qui
2763 4715 2947 4764 textam
2967 4715 3113 4765 telam

1744 4810 1779 4855 Ε
1799 4806 1947 4867 junco
1965 4804 2198 4867 paludum
2221 4804 2420 4853 alumno
2446 4816 2615 4851 cavam
2635 4801 2860 4851 manibus
2881 4804 3101 4850 tenentes

1744 4894 1966 4955 calculos
1988 4894 2166 4954 agitare
2183 4894 2536 4941 consueverunt
2561 4890 2662 4939 acri
2687 4890 3054 4953 supputatione,

1744 4986 1951 5031 Arluum
1969 4980 2223 5031 ovinorum
2241 4979 2370 5029 dona
2385 4979 2438 5029 in
2457 4980 2636 5029 terram
2657 4977 2962 5041 projicientes
2985 4979 3063 5038 (Ρ).
