3767 5825
542 259 649 310 iss

635 411 697 472 ‘A
723 410 903 493 κ’ρίνα,
924 410 1095 492 λείρια
1122 411 1167 470 δ’
1199 409 1349 470 ἄλλοι
1372 409 1770 491 ἐπιφθέγγονται
1795 411 2012 482 ἀοιδῶν,

635 503 683 559 οἱ
702 499 757 559 δὲ
780 498 870 559 καὶ
890 499 1201 582 ἀμὸροσίην,
1218 497 1401 568 πολέες
1416 500 1472 559 δέ
1485 522 1543 577 γε
1566 499 1733 582 χάρμ’
1755 499 2078 582 Ἀφροδίτης·

642 589 792 671 ἤρισε
816 587 917 670 γὰρ
941 593 1122 670 χροιῇ·
1150 587 1211 648 τὸ
1240 587 1298 647 δέ
1319 612 1421 648 που
1451 589 1537 648 ἐπὶ
1564 589 1759 699 μέσσον
1786 589 1976 658 ὄνειδος

543 699 595 738 ao
634 676 795 737 ὅπλον
822 676 1107 759 βρωμήταο
1130 673 1291 736 διέκτ·
1272 679 1418 737 ..λλον
1445 677 1779 759 πεφάτισται.

634 757 767 847 Ἶρις
790 766 834 824 δ’
864 767 917 825 ἐν
942 766 1141 846 ῥίζῃσιν
1166 765 1411 845 ἀγαλλίδι
1434 767 1517 838 ἠδ’
1541 767 1768 850 ὑακίνθῳ

638 857 830 935 αἰαστῃ
857 853 1157 936 προσέοικε,
1180 852 1512 934 χελιδονίοισι
1541 851 1597 912 δὲ
1623 827 1795 912 τέλλει

641 943 864 1015 ἄνθεσιν,
897 943 1243 1024 ἰσοδρομεῦσα
1264 941 1551 1022 χελιδόσιν·
1580 940 1640 999 αἵ
1662 966 1694 1000 τ
1694 939 1833 998 ἀ’νὰ
1863 939 2045 1022 κόλπῳ

642 1032 1113 1197 *ff*
1135 1116 1769 1197 ...0

644 1206 751 1269 Σὺν
778 1206 869 1266 καί
897 1230 996 1288 περ
1022 1205 1167 1274 τοξία
1193 1211 1351 1287 χροιῇ
1376 1205 1581 1286 λυχνὶς,
1608 1203 1727 1265 οὐδὲ
1757 1205 2028 1288 θρυαλλὶς,

632 1295 751 1355 οὐδὲ
780 1293 873 1373 μὲν
896 1294 1182 1374 ἀνθεμίδων
1206 1293 1359 1367 κενεὴ
1386 1296 1670 1408 γηρύσεται
1698 1293 1873 1371 ἀκμὴ,

641 1382 757 1444 οὐδὲ
785 1382 1046 1464 βοάνθεμα
1080 1388 1254 1458 κεῖνα,
1283 1382 1350 1442 τά
1374 1383 1420 1441 τ’
1445 1381 1730 1442 αἰπύτατον
1759 1383 1896 1466 κάρη
1940 1385 2086 1464 ὓψοῖ,

644 1471 769 1552 φλὸξ
796 1471 850 1531 δὲ
880 1476 993 1531 θεοῦ
1024 1474 1244 1553 αὐγῇσιν
1269 1470 1618 1553 ανερχομένῃς
1640 1474 1873 1534 ἀνιοῦσα.

1514 1562 1543 1592 ιι
1622 1562 1653 1593 4

551 1671 603 1712 su
640 1648 717 1712 F
722 1651 947 1730 ρπυλλον
967 1647 1187 1733 φρέατος
1207 1647 1371 1716 πέλας
1392 1650 1444 1707 ἐν
1470 1648 1686 1727 βώλοισι
1712 1647 2007 1732 φυτεύσεις,

644 1739 778 1820 ὄφρα
806 1736 1014 1804 κλάδοις
1042 1745 1317 1818 μακροῖσιν
1344 1737 1640 1819 ἐφερπύζων
1666 1737 1910 1812 διάηται,

646 1825 707 1897 ἠὲ
730 1823 1133 1943 κριτακρεμάηῖι
1161 1824 1442 1945 ἐφιμεῆίρωγι
1463 1824 1600 1943 ποῖὰ
1626 1827 1891 1908 νυμφέων.

652 2000 758 2062 Και
780 2002 827 2060 δ’
858 1991 925 2060 αυ
954 2005 1047 2072 τῆς
1074 2000 1313 2079 μήκωνος
1341 2001 1447 2060 ἄπο
1472 1999 1815 2081 πλαταγώνια
1850 1999 2092 2080 βάλλοις,

650 2088 885 2170 άὸρωτον
910 2085 1129 2147 κώδειαν
1163 2087 1297 2170 ὄφρα
1324 2087 1586 2149 κνώπεσσι
1615 2089 1815 2172 φυλάξῃ
1829 2113 1842 2126 ·

555 2199 607 2238 ιε
648 2179 928 2260 φυλλοσινῇ
952 2177 1054 2256 γὰρ
1077 2176 1249 2236 πάντα
1278 2177 1677 2256 διοιγομέναισιν
1702 2179 1862 2260 ἐφίζει

650 2265 869 2348 ἑρπετά·
892 2265 987 2338 τὴν
1016 2263 1071 2324 δὲ
1096 2265 1351 2345 δρόσοισιν
1376 2265 1681 2344 ἑϊσκομένην
1708 2265 1974 2346 βοτέονται

649 2355 890 2428 κώδειαν,
915 2361 1139 2435 καρποῖο
1168 2352 1537 2435 μελιχροτέρου
1561 2353 1880 2425 πλήθουσαν.

642 2443 821 2524 Θρίων
846 2444 892 2502 δ’
920 2440 1224 2522 οἰχομένων,
1257 2443 1349 2525 ῥέα
1379 2440 1472 2519 μὲν
1497 2441 1706 2523 φλόγες,
1734 2443 1919 2503 ἄλλοτε
1947 2444 2093 2524 ῥιπαὶ

649 2531 850 2602 πλῆξαν
880 2530 1051 2612 σάρκα
1078 2535 1300 2610 τυπῇσι·
1328 2530 1395 2588 τὰ
1424 2529 1469 2588 δ’
1496 2533 1553 2590 οὖ
1580 2531 1732 2610 βάσιν
1760 2531 2051 2612 ἐστήριξαν,

562 2642 614 2681 ω
652 2617 772 2680 οὔτε
794 2619 847 2679 τί
867 2643 953 2680 πω
979 2617 1197 2700 βρώμην
1218 2617 1591 2696 ποτιδέγμενα·
1620 2619 1847 2678 πολλάκι
1876 2621 1921 2678 δ’
1947 2619 2067 2700 ἰ’χνη

652 2716 881 2790 στιφροῖς
908 2707 1203 2778 ὠλίσθησαν
1235 2706 1616 2789 ἐνιχρίμψαντα
1644 2705 1891 2788 καρείοις·

650 2795 856 2879 ἁδρύνει
884 2796 940 2856 δὲ
975 2797 1179 2876 βλάστα
1212 2801 1358 2876 βαθεῖ
1387 2799 1494 2855 ἐν
1468 2795 1645 2874 τεύχει
1664 2797 1883 2878 καρπόν.

652 2889 678 2915 ιι
758 2889 789 2918 4
870 2887 901 2918 4
982 2888 1012 2919 -v-
1089 2887 1119 2919 «ιι
1308 2887 1335 2912 ο
1415 2886 1445 2916 4
1523 2886 1553 2915 -ιι

652 2976 949 3056 Σαμψύχου
974 2974 1191 3035 λιὸάνου
1212 2998 1271 3034 τε
1295 2975 1411 3042 νέας
1429 2973 1651 3047 κλάδοις,
1673 2974 1757 3045 ἠδ’
1781 2972 1879 3033 ὅσα
1908 2978 2069 3047 κ’ῆποι

653 3064 898 3145 ἀνδράσιν
924 3063 1214 3146 ἐργοπόνοις
1236 3062 1516 3143 στεφάνους
1539 3060 2012 3142 ἔπιπορσαίνουσιν·

560 3174 611 3211 55
652 3142 688 3224 ἦ
717 3151 821 3233 γὰρ
842 3150 932 3211 καὶ
964 3151 1156 3212 λεπταὶ
1178 3151 1438 3232 πτερίδες,
1464 3149 1556 3209 καὶ
1578 3149 1763 3218 παιδὸς
1790 3148 1976 3231 ἔρωτες

651 3239 811 3319 λεύκῃ
835 3238 1117 3317 ἰσαιομένοι
1130 3238 1242 3313 ,συν
1271 3238 1362 3298 καὶ
1388 3236 1570 3319 κρόκος
1592 3236 1728 3319 εἴαρι
1753 3236 1917 3315 μύων,

652 3327 847 3420 κύπρος
868 3328 933 3400 τ’,
964 3327 1195 3409 ὀσμηρόν
1218 3350 1275 3386 τε
1298 3325 1625 3406 σισύμὸριον,
1656 3324 1788 3384 ὅσσα
1816 3348 1873 3383 τε
1903 3326 2097 3392 κοίλοις

655 3402 863 3496 ἄσπορα
885 3415 1181 3493 ναομένοισι
1208 3414 1385 3482 τόποις
1409 3413 1728 3495 ἀνεθρέψατο
1751 3411 1948 3490 λειμὼν

652 3503 878 3575 κάλλεα,
910 3503 1243 3585 βούφθαλμόν
1265 3525 1324 3561 τε
1351 3500 1443 3560 καὶ
1470 3502 1655 3568 εὐῶδες
1681 3500 1801 3569 Διὸς
1824 3500 2004 3578 ανθος,

566 3612 618 3651 uo
655 3591 886 3671 χάλκας,
916 3589 1007 3649 συν
1037 3590 1082 3648 δ’
1110 3589 1367 3661 ὕάκινθον,
1396 3588 1637 3655 ἰωνιάδας
1658 3612 1714 3646 τε
1737 3590 2013 3667 χαμηλὰς,

654 3677 962 3762 ὀρφνοτέρας
983 3677 1042 3746 ἃς
1072 3677 1224 3746 στύξε
1251 3676 1364 3756 μετ’
1393 3676 1565 3735 ἄνθεσι
1590 3676 1943 3757 Περσεφόνεια
1962 3702 1974 3715 ·

654 3766 748 3827 σὺν
774 3764 828 3827 δὲ
855 3766 947 3827 καὶ
973 3766 1202 3849 ὑψήεντα
1226 3763 1542 3842 πανόσμεον,
1565 3763 1699 3823 ὅσσα
1726 3788 1783 3823 τε
1802 3763 1994 3843 τύμὸοι

654 3854 897 4002 Σῗῖἶῗζῗ
910 3851 2004 4016 ἡῖἔῖἷῖνὲκῖἷζῗὲῗωῖσῗιξῖτῗφζῖῗοπαι’

1144 3968 1170 4001 ν
1394 3968 1417 4010 ς
1716 3967 1746 4001 υ

560 4053 613 4092 ss
650 4032 867 4103 τηλόθεν
892 4031 1187 4114 ὀξυτέρῃσιν
1202 3964 1866 4114 ἓφελκόμεναιρχροιῇσινζ,

654 4124 773 4189 Πᾶς
795 4121 853 4180 δέ
872 4145 949 4190 τις
973 4120 1009 4194 ἢ
1032 4120 1251 4181 ἑλένειον
1278 4120 1314 4193 ἢ
1341 4118 1533 4201 ἀστέρα
1558 4118 1841 4199 φωτίζοντα

602 4208 844 4291 δρέψας
870 4208 1127 4269 εἰνοδίοισι
1157 4212 1285 4267 θεων
1313 4206 1701 4289 παρακάὸὅαλε
1729 4204 1910 4277 σηκοῖς

533 4326 542 4332 ·
652 4295 687 4369 ἢ
713 4300 885 4365 αὐτοῖς
915 4297 1240 4379 βρετάεσσιν,
1268 4297 1361 4357 ἅτε
1384 4294 1671 4377 πρώτιστον
1694 4294 1935 4353 ἴδωνται·

652 4386 878 4446 πολλάκι
900 4385 1080 4446 θέλκια
1107 4385 1273 4459 καλὰ,
1298 4385 1358 4445 τό
1384 4408 1441 4443 τε
1462 4378 1746 4467 χρυσανθὲς
1776 4380 2035 4461 ἀμέργων,

560 4494 614 4535 70
653 4472 822 4556 λείριά
844 4498 903 4533 τε
930 4474 1205 4547 σκήλαισιν
1228 4472 1556 4557 ἐπιφθίνοντα
1584 4468 1874 4548 καμόντων,

654 4559 744 4618 καὶ
766 4561 953 4643 γεραὸν
979 4560 1236 4641 πώγωνα,
1260 4561 1350 4621 καὶ
1372 4558 1661 4643 εὐτραπέας
1683 4556 2055 4635 κυκλαμίνους,

656 4646 855 4730 σαύρην
884 4652 951 4723 θ’,
972 4674 1007 4722 η
980 4648 1235 4729 *χθονίου
1260 4649 1493 4731 πέφαται
1520 4646 1702 4729 στέφος
1725 4644 2059 4724 Ἡγεσιλάου.

554 4760 714 4813 hillen.
742 4764 850 4813 xv.
877 4777 927 4827 p.
950 4768 1060 4815 683.
1085 4764 1214 4827 (490.
1244 4763 1320 4822 S.)

1265 4886 1369 4945 111

660 5009 979 5090 Γογγυλίδας
1004 5010 1313 5094 σπείροιςΰὲ
1341 5010 1689 5093 κυλινδρωτῆς
1715 5008 1793 5090 ἐφ’
1818 5006 2013 5088 ἅλωος,

661 5098 772 5181 ὄφρ’
802 5098 865 5158 ἂν
893 5099 1005 5160 ἴσαι
1030 5100 1343 5161 πλαθάνοισι
1366 5096 1729 5181 χαμηλότεραι
1754 5093 2034 5155 θαλέθωσι.

2151 1769 2160 1778 ·
2179 1755 2234 1801 ut
2252 1751 2398 1800 ramis
2415 1750 2567 1813 longis
2589 1763 2786 1813 serpeus
2805 1749 3048 1812 perfletur,

2167 1842 2266 1890 aut
2287 1838 2554 1902 dependeat
2573 1843 2804 1902 expetens
2825 1840 2996 1902 potum
3011 1836 3352 1900 nympharum.

1664 278 2046 344 NICANDRI
2089 277 2589 344 FRAGMENTA.

2123 409 2302 476 'Qum
2321 419 2478 481 crina,
2499 421 2579 472 alli
2599 433 2714 471 vero
2735 421 3280 484 lillavocantcantores,

2171 508 2254 558 alil
2269 509 2388 559 item
2403 509 2723 570 ambrosiam,
2747 511 2888 561 multi
2903 515 3067 562 autern
3083 511 3472 562 oblectamentum
3485 515 3649 563 ven-ers

2173 597 2418 648 contendit
2435 598 2563 648 enim
2579 598 2716 661 (cum
2725 598 2806 660 ea)
2821 597 2882 650 de
2897 599 3086 650 colore·
3100 611 3250 663 quare
3259 611 3310 648 ιιι
3323 600 3472 650 medio
3479 601 3654 664 prohmm,
3701 595 3703 668 ἢ

2173 685 2444 736 membrum
2469 686 2686 737 rudentis
2707 687 2955 749 animalis,
2977 700 3230 750 assurgere
3245 687 3434 737 dicimr.

2175 775 2263 824 lris
2285 778 2447 825 autem
2467 774 2711 825 radicibus
2727 775 2915 837 agallidi
2933 779 2986 826 et
3007 774 3268 838 hyacintho

2176 861 2331 926 Aiacis
2351 876 2380 913 e
2397 876 2568 914 cruore
2585 867 2693 914 orto
2711 863 2884 914 similis
2901 865 3002 924 est;
3025 863 3366 914 hirundinaiiis
3381 875 3482 913 vero
3505 863 3654 924 adsumi
3702 905 3703 926 ¹

2173 950 2400 1012 floribus,
2419 951 2563 1002 simul
2581 964 2693 1001 cum
2724 951 3057 1002 hirundinibus
3083 951 3386 1015 proveniens.
3411 954 3486 1002 liae
3501 964 3522 1000 e
3537 953 3661 1014 greum

2175 1039 2288 1088 solia
2307 1052 2437 1090 saeva
2460 1039 2739 1101 effundun23
2759 1053 2928 1090 recens
2948 1039 3050 1090 nati
3071 1053 3190 1090 vero

2174 1128 2535 1192 conspiciuntur
2559 1127 2701 1178 dores
2725 1128 2964 1178 inclinatis
2985 1141 3175 1192 semper
3197 1127 3406 1178 orificiis.
3702 1177 3703 1192 ¹

2175 1215 2354 1276 Simul,
2378 1215 2600 1279 quamvis
2625 1227 2870 1266 venenosa
2891 1217 3052 1266 colore
3072 1215 3286 1280 lychnis,
3321 1229 3467 1278 neque
3483 1215 3661 1276 thryallis,
3702 1225 3703 1280 ᾗ

2176 1316 2265 1353 nec
2281 1303 2610 1354 anthemidum
2631 1317 2788 1354 vanus
2799 1303 2987 1354 dicetur
3003 1317 3112 1355 esse
3133 1303 3284 1366 vigor,
3702 1285 3703 1310 ἦ

2176 1404 2266 1450 nec
2287 1391 2576 1442 boanthema
2597 1393 2704 1454 illa,
2725 1406 2931 1456 queque
2953 1392 3184 1443 altissime
3201 1395 3346 1456 caput
3359 1391 3576 1451 attollunt,

2177 1479 2422 1531 flammula
2437 1493 2548 1533 cum
2572 1481 2651 1531 dei
2673 1481 2820 1532 radiis
2839 1480 3150 1531 redeuntibus
3167 1493 3381 1542 surgens.

2303 1571 2940 1599 ******

2177 1659 2447 1724 serpyllum
2469 1672 2617 1724 prope
2637 1664 2838 1724 puteum
2854 1659 2903 1710 in
2923 1658 3074 1722 glebis
3095 1657 3355 1722 plantabis,

2273 1925 2902 1952 ******

2177 2017 2286 2065 Jam
2305 2027 2423 2064 vero
2441 2014 2690 2078 papaveris
2713 2013 2823 2063 folia
2841 2014 2992 2076 abjice
3003 2049 3020 2076 ,

2181 2104 2365 2154 salvum
2391 2107 2446 2153 ut
2467 2105 2614 2164 caput
2629 2117 2659 2152 a
2676 2102 2911 2152 culicibus
2933 2106 3111 2152 servet.

2181 2195 2313 2246 Folia
2329 2195 2458 2245 enim
2474 2208 2586 2258 quae
2607 2194 2787 2244 rodunt
2799 2231 2815 2257 ,
2833 2193 2995 2243 omnia
3017 2193 3194 2257 apertis
3209 2191 3416 2242 insident

2181 2283 2389 2345 insecta,
2410 2285 2462 2335 et
2481 2281 2667 2334 mribus
2693 2281 2850 2332 simile
2869 2282 3194 2346 depascuntur

2183 2373 2354 2434 caput,
2377 2370 2532 2421 fructu
2553 2370 2738 2422 mellito
2759 2370 3014 2434 repletum.

2183 2459 2327 2509 Foliis
2343 2472 2460 2509 vero
2473 2459 2698 2510 detractis
2709 2494 2724 2520 ,
2742 2459 2876 2508 facile
2891 2457 3084 2508 ardores
3103 2455 3282 2519 (solis),
3301 2451 3496 2504 subinde
3515 2448 3616 2498 renti
3702 2455 3703 2464 ³

2183 2549 2456 2610 percutiunt
2471 2560 2663 2597 carnem
2684 2547 2858 2596 ictibus
2893 2561 2908 2596 ι
2939 2545 3020 2595 illa
3055 2557 3169 2594 vero
3189 2543 3388 2607 gradum
3411 2553 3500 2590 nou
3517 2537 3703 2598 linunt,

2183 2635 2384 2698 neniam
2403 2635 2668 2700 quidquam
2686 2635 2782 2686 cibi
2799 2633 3121 2684 nanciscentis
3143 2646 3156 2682 ε
3183 2644 3312 2696 saepe
3333 2643 3448 2680 vero
3467 2625 3632 2686 vestigia
3702 2643 3703 2702 3

2183 2724 2353 2774 fallunt
2370 2724 2536 2788 rigidis
2557 2722 2981 2788 appropinquantia
2997 2720 3250 2784 capitibus.
3702 2721 3703 2724 ’

2183 2814 2368 2874 Augeat
2387 2824 2502 2862 vero
2537 2811 2750 2874 germina
2779 2808 3016 2874 prosuudo
3039 2808 3088 2858 in
3109 2806 3314 2871 (capitis)
3349 2804 3532 2856 vasculo
3549 2801 3703 2850 semen-³

2308 2898 2942 2927 ******
3702 2897 3703 2904 ¹

2181 2988 2399 3038 Amaraci
2423 3000 2534 3037 sere
2551 2992 2602 3037 et
2623 2986 2746 3036 roris
2769 2984 2940 3035 marini
2963 2997 3114 3034 novos
3139 2982 3380 3043 ramulos,
3400 2984 3450 3031 et
3465 2978 3657 3042 quotquot

2183 3075 2328 3139 horti]
2351 3076 2468 3126 viris
2483 3073 2752 3125 cultoribus
2773 3084 2974 3124 coronas
2995 3069 3320 3134 suppeditant.
3702 3070 3703 3117 ]

2185 3168 2310 3215 Sane
2332 3162 2436 3214 huc
2462 3161 2756 3225 referenda
2773 3161 2918 3211 etiam
2933 3164 3106 3210 tenues
3125 3158 3273 3208 filices
3285 3195 3300 3220 ,
3319 3160 3372 3207 et
3387 3152 3642 3219 prandemus

2183 3254 2359 3318 populo
2381 3251 2588 3312 similes,
2607 3249 2753 3301 simul
2769 3230 2912 3300 etiam
2933 3260 3104 3297 crocus
3120 3259 3235 3297 vere
3253 3258 3306 3295 se
3329 3240 3626 3294 abscondens,
3702 3274 3703 3315 γ

2183 3345 2232 3392 et
2253 3354 2456 3405 cyprus,
2481 3344 2532 3389 et
2551 3340 2764 3401 fragrans
2787 3335 3124 3399 sisymbrium,
3151 3334 3201 3384 et
3223 3344 3528 3397 quoscunque
3548 3326 3651 3376 mis
3702 3322 3703 3349 ³

2182 3433 2352 3493 sponte
2367 3430 2638 3479 crescentes
2655 3426 2705 3475 in
2724 3425 2840 3475 locis
2861 3430 2911 3474 et
2931 3423 3121 3485 irriguis
3137 3422 3222 3471 alit
3239 3426 3429 3485 pratum

2183 3520 2412 3569 venustos
2428 3516 2590 3576 liores,
2605 3520 2660 3565 ut
2673 3512 3066 3577 buphthalmum,
3083 3515 3132 3562 et
3149 3510 3406 3560 odoratum
3419 3506 3546 3558 Jovis
3559 3504 3703 3567 norm*

2183 3608 2372 3657 chalcas
2385 3642 2400 3669 ,
2425 3610 2476 3656 et
2492 3603 2830 3668 hyacinthum,
2850 3604 2900 3651 et
2923 3600 3078 3651 violas
3099 3599 3332 3660 humiles,

2182 3708 2304 3761 quas
2325 3694 2626 3745 obscuriores
2643 3692 2767 3743 inter
2793 3690 2936 3740 flores
2954 3688 3124 3738 oderat
3145 3686 3466 3750 Proserpina:

2181 3783 2350 3835 adhaec
2371 3784 2523 3834 altum
2542 3780 2842 3845 panosmium
2854 3814 2869 3839 ,
2888 3779 2939 3828 et
2955 3789 3078 3841 quos
3101 3773 3276 3825 tumuli

2183 3871 2412 3935 gladiolos
2433 3868 2699 3931 virginibus
2719 3880 2886 3919 recens
2911 3864 3115 3915 mortuis
3139 3860 3532 3913 circumfundunt
3543 3874 3558 3917 ;

2183 3961 2398 4025 ipsoeque
2415 3960 2616 4021 §invenes
2635 3954 2946 4007 anemonides
2965 3954 3226 4015 fulgentes,

2183 4049 2349 4113 procul
2371 4045 2776 4111 splendidioribus
2797 4042 3060 4095 allicientes
3081 4038 3342 4090 coloribus.

2183 4137 2411 4200 Quisquis
2431 4148 2546 4184 vero
2567 4136 2654 4184 aut
2675 4130 2917 4182 helenium
2938 4132 3026 4179 aut
3047 4130 3204 4179 astera
3221 4124 3548 4189 splendentem

2184 4224 2368 4287 colligis
2380 4259 2395 4283 ,
2431 4222 2584 4272 triviis
2603 4220 2806 4271 deorum
2825 4217 2979 4281 adJice
2999 4214 3219 4265 sediculis

2183 4314 2267 4363 aut
2287 4312 2405 4375 ipsis
2429 4309 2725 4370 simulacris,
2743 4320 2896 4371 quum
2923 4305 3132 4368 primum
3154 4300 3490 4363 conspexeris3

2185 4414 2312 4463 saepe
2333 4400 2498 4463 pulcra
2521 4397 2820 4461 placamenta
2837 4406 3064 4458 carpens,
3081 4395 3144 4442 ut
3161 4388 3602 4452 chrysanthemum,
3702 4384 3703 4399 ¹

2182 4493 2231 4541 et
2247 4488 2371 4549 lilia,
2389 4500 2500 4551 quae
2522 4486 2573 4536 in
2592 4485 2747 4549 cippis
2767 4483 3065 4533 marcescant
3085 4477 3454 4535 detunctorum,

2182 4582 2232 4628 et
2248 4577 2708 4640 gerontopogonem,
2729 4575 2778 4623 et
2799 4570 2984 4622 tortiles
3001 4566 3324 4631 cyclaminos,

2183 4669 2233 4716 et
2251 4676 2442 4716 sauram
2467 4660 2826 4727 (nasturtium)
2848 4672 2958 4723 quae
2971 4656 3107 4707 inferi
3127 4664 3308 4705 corona
3330 4650 3514 4701 dicitur
3532 4634 3704 4705 Agesim

2914 4872 3012 4929 111.

2185 5012 2341 5071 Rapas
2359 5018 2473 5057 vero
2489 5016 2620 5055 seras
2641 5003 2692 5052 in
2713 5014 2824 5051 area
2843 4998 3061 5063 cylindro
3079 4994 3388 5059 complanata
3407 5028 3420 5050 ,

2187 5101 2245 5148 ut
2261 5095 2312 5146 in
2328 5094 2495 5145 orbem
2515 5096 2734 5158 patentes
2753 5089 3032 5140 humiliores
3055 5082 3442 5149 progerminari.
