3767 5825
263 438 442 461 2...—

1247 938 1687 1159 PRAE
1716 938 2338 1086 FATIO.

329 1788 401 1851 ln
432 1783 550 1852 his
593 1784 822 1879 poetis
867 1780 1164 1851 edendis
1187 1805 1406 1875 quam
1445 1795 1578 1848 stm
1619 1801 1975 1849 rationem
2012 1790 2340 1863 secutuS,
2382 1772 2516 1842 etsi
2550 1770 2956 1843 laterenon
2991 1778 3229 1863 potest
3258 1761 3380 1858 qui

249 1913 444 2007 hujus
466 1914 922 1984 bibliothecae
942 1894 1325 1983 consilium
1349 1925 1704 2007 spectant,
1741 1909 2057 1979 breviter
2075 1923 2310 1978 tamen
2335 1900 2855 2002 exponendum
2874 1897 3181 1969 videtur.
3202 1900 3384 1965 Ante

248 2048 476 2116 omnia
513 2046 584 2115 id
615 2072 748 2142 pro
776 2047 1026 2139 exigua
1049 2045 1313 2121 virium
1349 2067 1670 2113 mearum
1707 2039 2041 2111 facultate
2080 2038 2347 2135 curavi,
2386 2052 2465 2107 ut
2503 2035 2717 2106 verba
2755 2046 3128 2130 poetarum
3156 2028 3383 2099 buco-

245 2176 537 2248 licorum
573 2192 926 2273 quantum
965 2176 1120 2245 fieri
1154 2190 1398 2271 posset
1438 2173 2024 2245 emendatissima
2068 2170 2600 2241 exhiberentur.
2644 2170 3105 2261 Quapropter
3154 2186 3385 2257 quum

247 2335 494 2379 novam
561 2310 1056 2378 recensionem
1114 2307 1556 2378 constituere
1613 2330 1748 2375 nec
1798 2306 2084 2375 animus
2148 2326 2386 2397 neque
2434 2298 2734 2371 facultas
2792 2311 3007 2385 esset,
3072 2292 3385 2365 fundum

245 2439 443 2533 hujus
482 2440 822 2510 editionis
858 2439 994 2509 feci
1030 2424 1342 2509 Auens-'n
1385 2442 1724 2508 Mannum
1765 2436 2361 2530 recognitionem,
2415 2455 2576 2527 quae
2604 2428 2921 2500 Berolini
2972 2452 3034 2497 a.
3092 2424 3275 2499 1836
3313 2425 3386 2495 in

189 2573 194 2580 '
245 2570 462 2641 lucem
509 2572 766 2641 emissa
799 2570 1052 2641 ceteris
1082 2570 1485 2651 editoribus
1514 2569 1828 2666 palmam
1866 2566 2260 2663 praeripuit.
2300 2562 2443 2634 Sed
2472 2557 3385 2657 quamquamMeinekium

245 2702 306 2771 in
357 2702 691 2797 plurimis
735 2701 916 2771 locis
957 2700 1414 2796 sequendum
1451 2699 1734 2795 putavi,
1769 2712 2005 2768 tamen
2042 2722 2157 2767 me
2195 2720 2343 2767 non
2382 2696 2482 2764 ita
2512 2693 2578 2764 ei
2612 2693 2818 2789 quasi
2864 2692 2940 2761 in
2977 2676 3387 2761 serritutem

240 2831 499 2920 addixi,
545 2846 624 2901 ut
664 2856 956 2903 omnem
1009 2833 1470 2928 scripturam,
1509 2854 1727 2925 quam
1769 2829 1881 2898 vir
1941 2824 2394 2897 acutissimus
2433 2827 2507 2895 in
2544 2823 2803 2920 quovis
2858 2821 3025 2892 loco
3074 2819 3383 2916 recepit,

243 2972 574 3041 intactam
609 2971 1117 3064 relinquerem.
1151 2973 1384 3038 Meum
1417 2969 1662 3064 potius
1678 2965 2037 3061 judicium
2061 2980 2350 3036 secutus
2378 2963 2767 3060 saepissime
2788 2959 2882 3032 ab
2911 2959 3036 3030 illo
3064 2957 3386 3045 discessi,

241 3102 374 3170 sive
403 3098 614 3196 quod
656 3101 942 3170 codices
975 3099 1188 3169 bouae
1226 3115 1417 3168 notae
1446 3099 1656 3167 aliam
1689 3097 2122 3192 scripturam
2160 3093 2804 3182 commendabant,
2846 3092 2994 3164 sive
3032 3089 3236 3187 quod
3273 3090 3388 3160 alii

242 3227 562 3299 homines
600 3229 840 3316 docti,
904 3229 1143 3325 quiin
1197 3227 1312 3298 his
1371 3229 1602 3322 poetis
1639 3225 2114 3297 emendandis
2157 3229 2725 3324 enarrandisque
2782 3250 2998 3296 suum
3064 3221 3389 3294 studium

239 3377 660 3454 posuerunt,
713 3361 804 3432 de
859 3361 1134 3430 selectis
1197 3359 1632 3456 quibusdam
1682 3361 1860 3430 locis
1923 3361 2031 3430 vel
2092 3363 2352 3432 rectius
2409 3361 2739 3432 statuisse
2800 3358 2911 3428 vel
2956 3358 3146 3428 viam
3200 3369 3391 3428 certe

243 3509 671 3564 monstrasse
716 3492 1176 3580 videbantur,
1234 3518 1394 3587 quae
1444 3493 1530 3562 ad
1585 3519 1820 3562 veram
1860 3489 2242 3565 lectionem
2298 3495 2746 3591 perduceret.
2802 3499 2885 3563 Iu
2918 3492 3099 3564 locis
3150 3506 3390 3562 autem

237 3625 321 3693 ita
357 3625 722 3721 corruptis
750 3677 770 3712 ,
839 3640 914 3693 ut
953 3623 1136 3694 nihil
1174 3624 1421 3694 auxilii
1467 3650 1552 3694 ex
1595 3625 1799 3695 libris
1850 3651 2068 3697 manu
2115 3629 2399 3723 scriptis
2437 3641 2851 3722 suppeteret
2880 3678 2899 3713 ,
2958 3625 3172 3696 etiam
3227 3647 3393 3695 con-

227 3758 568 3851 jecturaS,
605 3782 766 3855 quae
803 3760 1112 3829 maxime
1151 3758 1558 3855 probabiles
1586 3785 1737 3829 esse
1766 3759 2208 3856 viderentur,
2234 3762 2308 3831 in
2342 3760 2676 3832 ordinem
2704 3759 3100 3829 verborum
3131 3757 3389 3853 recepi.

233 3893 332 3960 De
373 3891 716 3980 dialecto,
763 3917 909 3988 qua
947 3893 1054 3962 usi
1115 3906 1285 3960 sunt
1336 3907 1563 3986 poetae
1618 3891 1979 3981 bucolici,
2036 3893 2335 3963 uberius
2388 3893 2757 3990 disputare
2806 3916 2959 3962 non
3024 3905 3133 3962 est
3167 3890 3392 3984 hujus

233 4019 394 4108 loci,
433 4023 833 4117 praesertim
863 4047 1088 4116 quum
1133 4021 1283 4091 haec
1325 4021 1716 4118 disputatio
1756 4025 2154 4094 etiamnum
2208 4025 2587 4121 permultis
2634 4022 3216 4094 dubitationibus
3264 4021 3393 4094 ob·

234 4154 444 4223 noxia
483 4153 576 4222 sit
611 4153 920 4248 ideoque
957 4177 1104 4224 non
1137 4168 1353 4248 queat
1399 4154 1649 4249 paucis
1694 4155 1994 4226 absolvi.
2046 4159 2343 4226 Interim
2392 4155 2584 4226 hanc
2630 4156 2809 4226 mihi
2842 4155 3069 4250 legem
3110 4155 3388 4252 scripsi,

231 4299 346 4370 ut,
383 4285 446 4355 si
483 4310 524 4354 a
563 4287 886 4355 minutiis
936 4284 1376 4382 quibusdam
1415 4285 1542 4354 ubi
1583 4302 1929 4358 constans
1981 4313 2132 4358 esse
2171 4289 2368 4358 volui
2420 4288 2869 4377 discesseri5‚
2920 4287 3100 4359 nihil
3150 4288 3391 4358 invitis

229 4417 606 4489 codicibus
646 4420 808 4490 loco
847 4445 1235 4490 moverem.
1277 4419 1539 4513 Majora
1578 4420 1943 4515 praestabit
1999 4427 2086 4490 H.
2130 4427 2198 4490 L.
2250 4421 2558 4508 Alcrem,
2600 4423 2725 4516 qui
2767 4422 3018 4494 eximia
3057 4421 3389 4495 doctrina

233 4565 298 4619 et
329 4553 715 4645 sagacitate
751 4550 841 4621 de
883 4551 1373 4648 dialectologia
1411 4551 1560 4644 jam
1607 4555 1886 4646 egregie
1926 4557 2221 4623 meritus
2265 4569 2393 4624 est.

323 4687 536 4752 Hanc
571 4684 783 4777 igitur
806 4684 1157 4758 rationem
1189 4685 1454 4766 inivijn
1497 4699 1645 4753 arte
1682 4686 1929 4755 critica
1970 4685 2381 4755 factitanda.
2408 4689 2564 4755 Jam
2591 4687 3019 4780 sequiturut
3044 4685 3278 4759 dicam
3299 4687 3391 4760 de

229 4813 570 4883 subsidiis
603 4813 797 4884 meis.
837 4817 1094 4884 Praeter
1135 4815 1492 4884 editiones
1529 4815 1829 4902 Heinsii‚
1863 4815 2268 4902 Sheldonii,
2310 4816 2602 4906 Reiskii,
2628 4820 2982 4908 Wartoni,
3020 4821 3387 4902 Brunckii.

235 4943 720 5030 Valckenarii‚
758 4946 1104 5034 Harlesii,
1149 4947 1432 5040 Pileneji
1460 5001 1476 5032 ,
1532 4947 1864 5033 Strothii,
1900 4948 2165 5035 Dahlii,
2202 4949 2574 5039 Schaeferi,
2619 4951 3068 5048 Kiesslingii,
3116 4955 3339 5027 Geelii
3370 5008 3387 5042 ,

233 5075 548 5170 Briggsii,
585 5075 957 5172 utriusque
994 5077 1337 5165 Jacobsii,
1383 5081 1928 5167 Wi'lstemanni,
1992 5079 2277 5167 Didoti‚
2334 5082 2789 5169 Boissonadi,
2869 5087 3156 5178 Weisii,
3213 5113 3393 5184 quas

231 5231 490 5276 omnes
539 5223 866 5277 accurate
905 5209 1178 5304 inspexi
1225 5235 1371 5278 non
1414 5211 1567 5280 sine
1603 5211 1849 5290 aliquo
1910 5211 2192 5296 fructu,
2248 5214 2524 5284 etiamsi
2582 5214 2951 5287 interdum
3008 5239 3158 5288 non
3210 5219 3391 5290 alius

467 5331 781 5380 Tutocmwt.
3116 5358 3163 5400 fl
