<?xml version="1.0" encoding="UTF-8"?>
<!DOCTYPE html PUBLIC "-//W3C//DTD XHTML 1.0 Transitional//EN"
    "http://www.w3.org/TR/xhtml1/DTD/xhtml1-transitional.dtd">
<html xmlns="http://www.w3.org/1999/xhtml" xml:lang="en" lang="en">
 <head>
  <title>
</title>
<meta http-equiv="Content-Type" content="text/html;charset=utf-8" />
  <meta name='ocr-system' content='tesseract 3.04.00' />
  <meta name='ocr-capabilities' content='ocr_page ocr_carea ocr_par ocr_line ocrx_word'/>
</head>
<body>
  <div class='ocr_page' id='page_1' title='image "./poetbucolicietd00ameigoog_0137.png"; bbox 0 0 3767 5825; ppageno 0'>
   <div class='ocr_carea' id='block_1_1' title="bbox 140 321 3258 3120">
    <p class='ocr_par' dir='ltr' id='par_1_1' title="bbox 140 321 3258 3120">
     <span class='ocr_line' id='line_1_1' title="bbox 1455 321 3258 416; baseline -0.005 -2"><span class='ocrx_word' id='word_1_1' title='bbox 1455 354 1883 416; x_wconf 71' lang='lat' dir='ltr'><strong>PflAErAno.</strong></span> <span class='ocrx_word' id='word_1_2' title='bbox 2363 321 2366 326; x_wconf 76' lang='grc'><strong>’</strong></span> <span class='ocrx_word' id='word_1_3' title='bbox 3225 371 3258 405; x_wconf 66' lang='grc' dir='ltr'>ν</span> 
     </span>
     <span class='ocr_line' id='line_1_2' title="bbox 197 475 3252 589; baseline -0.002 -29"><span class='ocrx_word' id='word_1_4' title='bbox 197 497 319 586; x_wconf 62' lang='grc' dir='ltr'>μαλε</span> <span class='ocrx_word' id='word_1_5' title='bbox 348 495 541 574; x_wconf 75' lang='grc' dir='ltr'>πάντες</span> <span class='ocrx_word' id='word_1_6' title='bbox 590 496 832 572; x_wconf 82' lang='grc' dir='ltr'>ἀολλέες</span> <span class='ocrx_word' id='word_1_7' title='bbox 866 496 1037 589; x_wconf 81' lang='grc' dir='ltr'>ἐγγὺς</span> <span class='ocrx_word' id='word_1_8' title='bbox 1075 475 1345 566; x_wconf 65' lang='grc' dir='ltr'>ἕπονται.</span> <span class='ocrx_word' id='word_1_9' title='bbox 1420 496 1601 562; x_wconf 88' lang='lat' dir='ltr'><strong>Usus</strong></span> <span class='ocrx_word' id='word_1_10' title='bbox 1652 491 1777 562; x_wconf 85' lang='lat' dir='ltr'><strong>illo</strong></span> <span class='ocrx_word' id='word_1_11' title='bbox 1830 493 2000 585; x_wconf 86' lang='grc' dir='ltr'><strong>μάλα</strong></span> <span class='ocrx_word' id='word_1_12' title='bbox 2035 492 2296 584; x_wconf 76' lang='grc' dir='ltr'>πάμπαν</span> <span class='ocrx_word' id='word_1_13' title='bbox 2337 491 2546 560; x_wconf 80' lang='lat' dir='ltr'><strong>etiam</strong></span> <span class='ocrx_word' id='word_1_14' title='bbox 2580 489 2890 576; x_wconf 74' lang='lat' dir='ltr'><strong>Quintus</strong></span> <span class='ocrx_word' id='word_1_15' title='bbox 2931 491 3032 578; x_wconf 86' lang='lat' dir='ltr'><strong>V,</strong></span> <span class='ocrx_word' id='word_1_16' title='bbox 3093 487 3252 561; x_wconf 82' lang='grc'>505.</span> 
     </span>
     <span class='ocr_line' id='line_1_3' title="bbox 198 627 3246 728; baseline -0.001 -28"><span class='ocrx_word' id='word_1_17' title='bbox 198 630 357 719; x_wconf 86' lang='lat' dir='ltr'><strong>Quod</strong></span> <span class='ocrx_word' id='word_1_18' title='bbox 386 635 429 715; x_wconf 86' lang='grc' dir='ltr'><strong>Ι,</strong></span> <span class='ocrx_word' id='word_1_19' title='bbox 460 629 590 700; x_wconf 78' lang='lat'><strong>306</strong></span> <span class='ocrx_word' id='word_1_20' title='bbox 617 645 717 700; x_wconf 84' lang='lat' dir='ltr'><strong>est</strong></span> <span class='ocrx_word' id='word_1_21' title='bbox 766 637 967 702; x_wconf 62' lang='grc' dir='ltr'>ἵππων</span> <span class='ocrx_word' id='word_1_22' title='bbox 1025 631 1252 728; x_wconf 75' lang='grc' dir='ltr'>ἄρμενα</span> <span class='ocrx_word' id='word_1_23' title='bbox 1300 633 1500 704; x_wconf 77' lang='grc' dir='ltr'>πολλὰ</span> <span class='ocrx_word' id='word_1_24' title='bbox 1548 631 1639 702; x_wconf 84' lang='lat' dir='ltr'><strong>ab</strong></span> <span class='ocrx_word' id='word_1_25' title='bbox 1700 630 1856 702; x_wconf 87' lang='lat' dir='ltr'><strong>aliis</strong></span> <span class='ocrx_word' id='word_1_26' title='bbox 1921 629 2313 726; x_wconf 80' lang='lat' dir='ltr'><strong>scriptum,</strong></span> <span class='ocrx_word' id='word_1_27' title='bbox 2370 628 2461 699; x_wconf 86' lang='lat' dir='ltr'><strong>ab</strong></span> <span class='ocrx_word' id='word_1_28' title='bbox 2523 629 2679 700; x_wconf 86' lang='lat' dir='ltr'><strong>aliis</strong></span> <span class='ocrx_word' id='word_1_29' title='bbox 2737 633 2942 699; x_wconf 85' lang='grc' dir='ltr'>ἵππων</span> <span class='ocrx_word' id='word_1_30' title='bbox 3002 627 3246 724; x_wconf 66' lang='grc' dir='ltr'>ἄρμενα,</span> 
     </span>
     <span class='ocr_line' id='line_1_4' title="bbox 196 767 3252 868; baseline -0.001 -26"><span class='ocrx_word' id='word_1_31' title='bbox 196 771 342 842; x_wconf 73' lang='grc' dir='ltr'>πολλὰ</span> <span class='ocrx_word' id='word_1_32' title='bbox 380 787 605 843; x_wconf 87' lang='lat' dir='ltr'><strong>neutra</strong></span> <span class='ocrx_word' id='word_1_33' title='bbox 646 773 923 846; x_wconf 82' lang='lat' dir='ltr'><strong>ratione</strong></span> <span class='ocrx_word' id='word_1_34' title='bbox 974 771 1267 866; x_wconf 73' lang='lat' dir='ltr'>intelligi</span> <span class='ocrx_word' id='word_1_35' title='bbox 1315 787 1577 868; x_wconf 79' lang='lat' dir='ltr'><strong>potest,</strong></span> <span class='ocrx_word' id='word_1_36' title='bbox 1626 771 1771 842; x_wconf 89' lang='lat' dir='ltr'><strong>sive</strong></span> <span class='ocrx_word' id='word_1_37' title='bbox 1817 769 2016 841; x_wconf 80' lang='lat' dir='ltr'><strong>deest</strong></span> <span class='ocrx_word' id='word_1_38' title='bbox 2067 794 2311 840; x_wconf 82' lang='lat' dir='ltr'><strong>versus</strong></span> <span class='ocrx_word' id='word_1_39' title='bbox 2347 769 2492 840; x_wconf 86' lang='lat' dir='ltr'><strong>sive</strong></span> <span class='ocrx_word' id='word_1_40' title='bbox 2543 769 2680 840; x_wconf 83' lang='lat' dir='ltr'><strong>alia</strong></span> <span class='ocrx_word' id='word_1_41' title='bbox 2723 785 2876 866; x_wconf 85' lang='lat' dir='ltr'><strong>eget</strong></span> <span class='ocrx_word' id='word_1_42' title='bbox 2915 767 3252 839; x_wconf 88' lang='lat' dir='ltr'><strong>emenda·</strong></span> 
     </span>
     <span class='ocr_line' id='line_1_5' title="bbox 191 905 3248 1008; baseline -0.002 -26"><span class='ocrx_word' id='word_1_43' title='bbox 191 914 339 984; x_wconf 78' lang='lat' dir='ltr'><strong>lione</strong></span> <span class='ocrx_word' id='word_1_44' title='bbox 372 911 470 1007; x_wconf 80' lang='lat' dir='ltr'><strong>(an</strong></span> <span class='ocrx_word' id='word_1_45' title='bbox 510 923 648 985; x_wconf 79' lang='grc' dir='ltr'>τοῖα</span> <span class='ocrx_word' id='word_1_46' title='bbox 697 912 959 983; x_wconf 77' lang='lat' dir='ltr'><strong>sufficit</strong></span> <span class='ocrx_word' id='word_1_47' title='bbox 995 937 1130 1008; x_wconf 88' lang='lat' dir='ltr'><strong>pro</strong></span> <span class='ocrx_word' id='word_1_48' title='bbox 1162 909 1603 1006; x_wconf 50' lang='lat' dir='ltr'><strong>econamdv,</strong></span> <span class='ocrx_word' id='word_1_49' title='bbox 1648 909 1785 982; x_wconf 81' lang='lat'><strong>253</strong></span> <span class='ocrx_word' id='word_1_50' title='bbox 1835 917 2017 1007; x_wconf 81' lang='grc' dir='ltr'>μελλε</span> <span class='ocrx_word' id='word_1_51' title='bbox 2063 912 2203 1007; x_wconf 79' lang='grc' dir='ltr'><strong>γὰρ,</strong></span> <span class='ocrx_word' id='word_1_52' title='bbox 2245 905 2364 988; x_wconf 74' lang='grc' dir='ltr'><strong>ἤδη</strong></span> <span class='ocrx_word' id='word_1_53' title='bbox 2417 917 2628 1006; x_wconf 80' lang='grc' dir='ltr'>μέλλεν</span> <span class='ocrx_word' id='word_1_54' title='bbox 2689 914 2976 1006; x_wconf 67' lang='grc' dir='ltr'>ἀνήμερος</span> <span class='ocrx_word' id='word_1_55' title='bbox 3029 919 3068 988; x_wconf 75' lang='grc' dir='ltr'>ἡ</span> <span class='ocrx_word' id='word_1_56' title='bbox 3113 911 3248 1005; x_wconf 82' lang='grc' dir='ltr'>πρὶν</span> 
     </span>
     <span class='ocr_line' id='line_1_6' title="bbox 186 1045 3248 1152; baseline -0.001 -30"><span class='ocrx_word' id='word_1_57' title='bbox 186 1061 322 1124; x_wconf 80' lang='grc' dir='ltr'>ἐοῦσα</span> <span class='ocrx_word' id='word_1_58' title='bbox 345 1065 467 1152; x_wconf 77' lang='grc' dir='ltr'><strong>γαῖα</strong></span> <span class='ocrx_word' id='word_1_59' title='bbox 496 1060 889 1151; x_wconf 79' lang='grc' dir='ltr'>φυτηκομέειν</span> <span class='ocrx_word' id='word_1_60' title='bbox 921 1056 1227 1146; x_wconf 81' lang='lat' dir='ltr'><strong>editum,</strong></span> <span class='ocrx_word' id='word_1_61' title='bbox 1266 1082 1415 1127; x_wconf 87' lang='lat' dir='ltr'><strong>non</strong></span> <span class='ocrx_word' id='word_1_62' title='bbox 1451 1058 1625 1127; x_wconf 86' lang='lat' dir='ltr'><strong>utin</strong></span> <span class='ocrx_word' id='word_1_63' title='bbox 1649 1052 1962 1128; x_wconf 86' lang='lat' dir='ltr'><strong>secunda</strong></span> <span class='ocrx_word' id='word_1_64' title='bbox 1989 1055 2472 1127; x_wconf 74' lang='lat' dir='ltr'><strong>Schneider-us</strong></span> <span class='ocrx_word' id='word_1_65' title='bbox 2498 1059 2678 1151; x_wconf 78' lang='grc' dir='ltr'>μέλλε</span> <span class='ocrx_word' id='word_1_66' title='bbox 2705 1055 2821 1150; x_wconf 80' lang='grc' dir='ltr'><strong>γὰρ</strong></span> <span class='ocrx_word' id='word_1_67' title='bbox 2849 1045 3000 1140; x_wconf 74' lang='grc' dir='ltr'><strong>ἤδη,</strong></span> <span class='ocrx_word' id='word_1_68' title='bbox 3038 1057 3248 1148; x_wconf 81' lang='grc' dir='ltr'>μέλλεν</span> 
     </span>
     <span class='ocr_line' id='line_1_7' title="bbox 186 1193 3244 1296; baseline -0 -34"><span class='ocrx_word' id='word_1_69' title='bbox 186 1199 375 1282; x_wconf 84' lang='lat' dir='ltr'><strong>...Qua</strong></span> <span class='ocrx_word' id='word_1_70' title='bbox 409 1196 982 1294; x_wconf 72' lang='lat' dir='ltr'><strong>interpunctione</strong></span> <span class='ocrx_word' id='word_1_71' title='bbox 1022 1200 1189 1270; x_wconf 84' lang='lat' dir='ltr'><strong>item</strong></span> <span class='ocrx_word' id='word_1_72' title='bbox 1224 1224 1411 1296; x_wconf 90' lang='lat' dir='ltr'><strong>opus</strong></span> <span class='ocrx_word' id='word_1_73' title='bbox 1452 1211 1557 1268; x_wconf 85' lang='lat' dir='ltr'><strong>est</strong></span> <span class='ocrx_word' id='word_1_74' title='bbox 1599 1197 1671 1267; x_wconf 89' lang='lat' dir='ltr'><strong>in</strong></span> <span class='ocrx_word' id='word_1_75' title='bbox 1713 1197 1952 1268; x_wconf 88' lang='lat' dir='ltr'><strong>Nonni</strong></span> <span class='ocrx_word' id='word_1_76' title='bbox 1988 1221 2192 1267; x_wconf 85' lang='lat' dir='ltr'><strong>versu</strong></span> <span class='ocrx_word' id='word_1_77' title='bbox 2224 1200 2424 1285; x_wconf 88' lang='lat' dir='ltr'><strong>XXI,</strong></span> <span class='ocrx_word' id='word_1_78' title='bbox 2467 1193 2582 1284; x_wconf 82' lang='lat'><strong>51,</strong></span> <span class='ocrx_word' id='word_1_79' title='bbox 2612 1197 2790 1290; x_wconf 81' lang='grc' dir='ltr'>μίμνε</span> <span class='ocrx_word' id='word_1_80' title='bbox 2837 1221 2966 1288; x_wconf 80' lang='grc' dir='ltr'>μοι,</span> <span class='ocrx_word' id='word_1_81' title='bbox 3012 1193 3244 1278; x_wconf 74' lang='grc' dir='ltr'><strong>αὐτόθι,</strong></span> 
     </span>
     <span class='ocr_line' id='line_1_8' title="bbox 180 1335 3246 1438; baseline 0 -34"><span class='ocrx_word' id='word_1_82' title='bbox 180 1341 314 1432; x_wconf 70' lang='grc' dir='ltr'>μίμνε</span> <span class='ocrx_word' id='word_1_83' title='bbox 360 1364 477 1436; x_wconf 89' lang='lat' dir='ltr'><strong>pro</strong></span> <span class='ocrx_word' id='word_1_84' title='bbox 508 1366 621 1428; x_wconf 85' lang='lat' dir='ltr'><strong>ec,</strong></span> <span class='ocrx_word' id='word_1_85' title='bbox 653 1340 850 1438; x_wconf 89' lang='lat' dir='ltr'><strong>quod</strong></span> <span class='ocrx_word' id='word_1_86' title='bbox 887 1366 1082 1412; x_wconf 89' lang='lat' dir='ltr'><strong>nunc</strong></span> <span class='ocrx_word' id='word_1_87' title='bbox 1125 1341 1447 1436; x_wconf 77' lang='lat' dir='ltr'><strong>legimu5‚</strong></span> <span class='ocrx_word' id='word_1_88' title='bbox 1498 1344 1675 1436; x_wconf 84' lang='grc' dir='ltr'>μίμνε</span> <span class='ocrx_word' id='word_1_89' title='bbox 1722 1370 1819 1434; x_wconf 77' lang='grc' dir='ltr'>μοι</span> <span class='ocrx_word' id='word_1_90' title='bbox 1866 1341 2113 1424; x_wconf 79' lang='grc' dir='ltr'><strong>αὐτόθι,</strong></span> <span class='ocrx_word' id='word_1_91' title='bbox 2165 1343 2368 1434; x_wconf 80' lang='grc' dir='ltr'>μίμνε.</span> <span class='ocrx_word' id='word_1_92' title='bbox 2402 1339 2636 1425; x_wconf 86' lang='lat' dir='ltr'><strong>-1v‚</strong></span> <span class='ocrx_word' id='word_1_93' title='bbox 2668 1335 3110 1433; x_wconf 64' lang='grc' dir='ltr'><strong>393,θάμὸος,</strong></span> <span class='ocrx_word' id='word_1_94' title='bbox 3141 1339 3246 1430; x_wconf 75' lang='grc' dir='ltr'><strong>ἔφυ</strong></span> 
     </span>
     <span class='ocr_line' id='line_1_9' title="bbox 173 1472 3234 1578; baseline 0.001 -31"><span class='ocrx_word' id='word_1_95' title='bbox 173 1472 280 1548; x_wconf 76' lang='grc' dir='ltr'>τόδε</span> <span class='ocrx_word' id='word_1_96' title='bbox 313 1481 515 1576; x_wconf 65' lang='grc' dir='ltr'>θάμέος</span> <span class='ocrx_word' id='word_1_97' title='bbox 570 1485 934 1578; x_wconf 80' lang='grc' dir='ltr'>ἀθέσφατον,</span> <span class='ocrx_word' id='word_1_98' title='bbox 978 1508 1156 1566; x_wconf 86' lang='lat' dir='ltr'><strong>non,</strong></span> <span class='ocrx_word' id='word_1_99' title='bbox 1197 1498 1275 1553; x_wconf 79' lang='lat' dir='ltr'><strong>ut</strong></span> <span class='ocrx_word' id='word_1_100' title='bbox 1314 1481 1705 1578; x_wconf 69' lang='lat' dir='ltr'><strong>legebatur,</strong></span> <span class='ocrx_word' id='word_1_101' title='bbox 1756 1477 1990 1574; x_wconf 66' lang='grc' dir='ltr'>θάμὸος</span> <span class='ocrx_word' id='word_1_102' title='bbox 2054 1486 2158 1576; x_wconf 77' lang='grc' dir='ltr'><strong>ἔφυ</strong></span> <span class='ocrx_word' id='word_1_103' title='bbox 2210 1475 2402 1566; x_wconf 79' lang='grc' dir='ltr'>τόδε,</span> <span class='ocrx_word' id='word_1_104' title='bbox 2452 1475 2686 1575; x_wconf 61' lang='grc' dir='ltr'>θάμὲος</span> <span class='ocrx_word' id='word_1_105' title='bbox 2742 1481 3108 1576; x_wconf 83' lang='grc' dir='ltr'>ἀθέσφατον.</span> <span class='ocrx_word' id='word_1_106' title='bbox 3146 1510 3234 1526; x_wconf 91' lang='grc'><strong>-·-</strong></span> 
     </span>
     <span class='ocr_line' id='line_1_10' title="bbox 178 1617 3247 1724; baseline -0.001 -33"><span class='ocrx_word' id='word_1_107' title='bbox 178 1623 219 1686; x_wconf 91' lang='lat' dir='ltr'>V</span> <span class='ocrx_word' id='word_1_108' title='bbox 242 1674 257 1704; x_wconf 90' lang='lat'>‚</span> <span class='ocrx_word' id='word_1_109' title='bbox 304 1623 423 1693; x_wconf 78' lang='lat'><strong>226</strong></span> <span class='ocrx_word' id='word_1_110' title='bbox 456 1620 717 1721; x_wconf 73' lang='grc' dir='ltr'>ἔδραμε,</span> <span class='ocrx_word' id='word_1_111' title='bbox 748 1631 847 1696; x_wconf 80' lang='grc' dir='ltr'><strong>καὶ</strong></span> <span class='ocrx_word' id='word_1_112' title='bbox 880 1629 1043 1724; x_wconf 86' lang='grc' dir='ltr'>Θόρεν</span> <span class='ocrx_word' id='word_1_113' title='bbox 1082 1631 1151 1698; x_wconf 80' lang='grc' dir='ltr'><strong>οὔ</strong></span> <span class='ocrx_word' id='word_1_114' title='bbox 1176 1635 1288 1695; x_wconf 84' lang='grc' dir='ltr'>τιν’</span> <span class='ocrx_word' id='word_1_115' title='bbox 1333 1633 1618 1721; x_wconf 81' lang='grc' dir='ltr'>ὀϊσαμένη</span> <span class='ocrx_word' id='word_1_116' title='bbox 1672 1619 1849 1694; x_wconf 80' lang='grc' dir='ltr'>δόλον</span> <span class='ocrx_word' id='word_1_117' title='bbox 1884 1621 2034 1693; x_wconf 77' lang='grc' dir='ltr'>εἶναι</span> <span class='ocrx_word' id='word_1_118' title='bbox 2085 1621 2259 1693; x_wconf 79' lang='lat' dir='ltr'><strong>scite</strong></span> <span class='ocrx_word' id='word_1_119' title='bbox 2300 1618 2607 1718; x_wconf 87' lang='lat' dir='ltr'><strong>legendo</strong></span> <span class='ocrx_word' id='word_1_120' title='bbox 2629 1617 3050 1692; x_wconf 86' lang='lat' dir='ltr'><strong>leniendum</strong></span> <span class='ocrx_word' id='word_1_121' title='bbox 3078 1618 3247 1690; x_wconf 84' lang='lat' dir='ltr'><strong>erit:</strong></span> 
     </span>
     <span class='ocr_line' id='line_1_11' title="bbox 172 1750 3250 1854; baseline 0.001 -34"><span class='ocrx_word' id='word_1_122' title='bbox 172 1752 279 1823; x_wconf 87' lang='lat' dir='ltr'><strong>nisi</strong></span> <span class='ocrx_word' id='word_1_123' title='bbox 324 1754 495 1828; x_wconf 89' lang='lat' dir='ltr'><strong>dicas</strong></span> <span class='ocrx_word' id='word_1_124' title='bbox 553 1759 732 1854; x_wconf 89' lang='lat' dir='ltr'><strong>(ego</strong></span> <span class='ocrx_word' id='word_1_125' title='bbox 794 1783 1043 1831; x_wconf 78' lang='lat' dir='ltr'><strong>vereor</strong></span> <span class='ocrx_word' id='word_1_126' title='bbox 1109 1783 1200 1828; x_wconf 89' lang='lat' dir='ltr'><strong>ne</strong></span> <span class='ocrx_word' id='word_1_127' title='bbox 1263 1782 1407 1830; x_wconf 87' lang='lat' dir='ltr'><strong>non</strong></span> <span class='ocrx_word' id='word_1_128' title='bbox 1486 1759 1713 1854; x_wconf 78' lang='lat' dir='ltr'><strong>recte)</strong></span> <span class='ocrx_word' id='word_1_129' title='bbox 1771 1755 1844 1827; x_wconf 90' lang='lat' dir='ltr'><strong>id</strong></span> <span class='ocrx_word' id='word_1_130' title='bbox 1913 1753 2001 1825; x_wconf 92' lang='lat' dir='ltr'><strong>ad</strong></span> <span class='ocrx_word' id='word_1_131' title='bbox 2067 1779 2219 1826; x_wconf 83' lang='lat' dir='ltr'><strong>rem</strong></span> <span class='ocrx_word' id='word_1_132' title='bbox 2289 1752 2634 1851; x_wconf 83' lang='lat' dir='ltr'>rhythmo</span> <span class='ocrx_word' id='word_1_133' title='bbox 2709 1750 3250 1850; x_wconf 80' lang='lat' dir='ltr'>exprimendam</span> 
     </span>
     <span class='ocr_line' id='line_1_12' title="bbox 166 1889 3248 1994; baseline 0.003 -38"><span class='ocrx_word' id='word_1_134' title='bbox 166 1889 482 1980; x_wconf 81' lang='lat' dir='ltr'><strong>quaesitum</strong></span> <span class='ocrx_word' id='word_1_135' title='bbox 515 1915 693 1963; x_wconf 86' lang='lat' dir='ltr'><strong>esse.</strong></span> <span class='ocrx_word' id='word_1_136' title='bbox 750 1892 967 1978; x_wconf 85' lang='lat' dir='ltr'><strong>Quod</strong></span> <span class='ocrx_word' id='word_1_137' title='bbox 1035 1893 1328 1964; x_wconf 74' lang='lat' dir='ltr'><strong>fortasse</strong></span> <span class='ocrx_word' id='word_1_138' title='bbox 1375 1894 1683 1966; x_wconf 81' lang='lat' dir='ltr'><strong>ad·i11ud</strong></span> <span class='ocrx_word' id='word_1_139' title='bbox 1718 1919 2009 1994; x_wconf 87' lang='lat' dir='ltr'><strong>quoque</strong></span> <span class='ocrx_word' id='word_1_140' title='bbox 2039 1895 2174 1966; x_wconf 83' lang='lat' dir='ltr'><strong>erit</strong></span> <span class='ocrx_word' id='word_1_141' title='bbox 2216 1895 2344 1991; x_wconf 90' lang='lat' dir='ltr'><strong>qui</strong></span> <span class='ocrx_word' id='word_1_142' title='bbox 2387 1893 2748 1965; x_wconf 77' lang='lat' dir='ltr'><strong>transferri</strong></span> <span class='ocrx_word' id='word_1_143' title='bbox 2791 1891 3000 1983; x_wconf 84' lang='lat' dir='ltr'><strong>velit,</strong></span> <span class='ocrx_word' id='word_1_144' title='bbox 3047 1891 3248 1990; x_wconf 88' lang='lat' dir='ltr'><strong>quod</strong></span> 
     </span>
     <span class='ocr_line' id='line_1_13' title="bbox 166 2023 3244 2134; baseline 0 -30"><span class='ocrx_word' id='word_1_145' title='bbox 166 2031 351 2108; x_wconf 56' lang='lat' dir='ltr'><strong>restat,</strong></span> <span class='ocrx_word' id='word_1_146' title='bbox 382 2024 488 2110; x_wconf 75' lang='grc' dir='ltr'><strong>ΠΙ,</strong></span> <span class='ocrx_word' id='word_1_147' title='bbox 524 2023 700 2120; x_wconf 79' lang='grc'><strong>369,</strong></span> <span class='ocrx_word' id='word_1_148' title='bbox 752 2035 916 2105; x_wconf 79' lang='grc' dir='ltr'>κατὰ</span> <span class='ocrx_word' id='word_1_149' title='bbox 963 2029 1021 2102; x_wconf 76' lang='grc' dir='ltr'><strong>δ’</strong></span> <span class='ocrx_word' id='word_1_150' title='bbox 1060 2041 1306 2130; x_wconf 78' lang='grc' dir='ltr'>αὐχένος</span> <span class='ocrx_word' id='word_1_151' title='bbox 1365 2039 1533 2131; x_wconf 84' lang='grc' dir='ltr'>ὀρθαὶ</span> <span class='ocrx_word' id='word_1_152' title='bbox 1596 2043 1910 2134; x_wconf 80' lang='grc' dir='ltr'>φρίσσουσι</span> <span class='ocrx_word' id='word_1_153' title='bbox 1977 2039 2218 2132; x_wconf 79' lang='grc' dir='ltr'><strong>τρίχες,</strong></span> <span class='ocrx_word' id='word_1_154' title='bbox 2278 2034 2377 2106; x_wconf 85' lang='grc' dir='ltr'><strong>οἷα</strong></span> <span class='ocrx_word' id='word_1_155' title='bbox 2428 2038 2874 2131; x_wconf 83' lang='grc' dir='ltr'>περισσολόφων</span> <span class='ocrx_word' id='word_1_156' title='bbox 2930 2039 3244 2112; x_wconf 71' lang='grc' dir='ltr'>πηλῆκων.</span> 
     </span>
     <span class='ocr_line' id='line_1_14' title="bbox 163 2169 3248 2276; baseline 0.004 -40"><span class='ocrx_word' id='word_1_157' title='bbox 163 2169 295 2238; x_wconf 72' lang='lat' dir='ltr'><strong>Mihi</strong></span> <span class='ocrx_word' id='word_1_158' title='bbox 329 2173 554 2268; x_wconf 77' lang='lat' dir='ltr'><strong>potius</strong></span> <span class='ocrx_word' id='word_1_159' title='bbox 581 2175 1049 2273; x_wconf 67' lang='lat' dir='ltr'><strong>quaerendum</strong></span> <span class='ocrx_word' id='word_1_160' title='bbox 1089 2175 1374 2248; x_wconf 76' lang='lat' dir='ltr'><strong>videtur</strong></span> <span class='ocrx_word' id='word_1_161' title='bbox 1418 2202 1508 2248; x_wconf 82' lang='lat' dir='ltr'><strong>an</strong></span> <span class='ocrx_word' id='word_1_162' title='bbox 1560 2178 1927 2276; x_wconf 80' lang='lat' dir='ltr'><strong>scripserit</strong></span> <span class='ocrx_word' id='word_1_163' title='bbox 1961 2179 2126 2250; x_wconf 77' lang='grc' dir='ltr'>κατὰ</span> <span class='ocrx_word' id='word_1_164' title='bbox 2157 2171 2414 2272; x_wconf 78' lang='grc' dir='ltr'>δἀὐχέν’</span> <span class='ocrx_word' id='word_1_165' title='bbox 2437 2181 2653 2272; x_wconf 78' lang='grc' dir='ltr'>ἔθειραι</span> <span class='ocrx_word' id='word_1_166' title='bbox 2674 2177 3011 2272; x_wconf 79' lang='grc' dir='ltr'>φρίσσουσι,</span> <span class='ocrx_word' id='word_1_167' title='bbox 3043 2177 3248 2273; x_wconf 76' lang='grc' dir='ltr'>τρίχες</span> 
     </span>
     <span class='ocr_line' id='line_1_15' title="bbox 154 2291 3246 2415; baseline 0.003 -36"><span class='ocrx_word' id='word_1_168' title='bbox 154 2311 231 2380; x_wconf 64' lang='grc' dir='ltr'><strong>οἶα</strong></span> <span class='ocrx_word' id='word_1_169' title='bbox 248 2322 669 2414; x_wconf 74' lang='grc' dir='ltr'>περισσολόφων</span> <span class='ocrx_word' id='word_1_170' title='bbox 709 2315 925 2402; x_wconf 73' lang='grc' dir='ltr'>αἰζηῶν</span> <span class='ocrx_word' id='word_1_171' title='bbox 959 2319 1079 2415; x_wconf 85' lang='lat' dir='ltr'><strong>(cf.</strong></span> <span class='ocrx_word' id='word_1_172' title='bbox 1114 2346 1179 2388; x_wconf 82' lang='lat' dir='ltr'><strong>v.</strong></span> <span class='ocrx_word' id='word_1_173' title='bbox 1208 2317 1417 2413; x_wconf 77' lang='lat'>335).</span> <span class='ocrx_word' id='word_1_174' title='bbox 1448 2361 1527 2374; x_wconf 93' lang='lat'>—</span> <span class='ocrx_word' id='word_1_175' title='bbox 1556 2319 1768 2392; x_wconf 83' lang='lat' dir='ltr'><strong>Falsae</strong></span> <span class='ocrx_word' id='word_1_176' title='bbox 1800 2319 2234 2415; x_wconf 73' lang='lat' dir='ltr'><strong>conjecturae</strong></span> <span class='ocrx_word' id='word_1_177' title='bbox 2263 2291 2564 2390; x_wconf 72' lang='lat' dir='ltr'><strong>debetur</strong></span> <span class='ocrx_word' id='word_1_178' title='bbox 2588 2317 2740 2390; x_wconf 86' lang='lat' dir='ltr'><strong>haec</strong></span> <span class='ocrx_word' id='word_1_179' title='bbox 2758 2340 3022 2388; x_wconf 83' lang='lat' dir='ltr'><strong>caesura</strong></span> <span class='ocrx_word' id='word_1_180' title='bbox 3049 2315 3246 2414; x_wconf 89' lang='lat' dir='ltr'><strong>apud</strong></span> 
     </span>
     <span class='ocr_line' id='line_1_16' title="bbox 152 2454 3244 2560; baseline 0.004 -38"><span class='ocrx_word' id='word_1_181' title='bbox 152 2454 603 2532; x_wconf 77' lang='lat' dir='ltr'><strong>Manethonem</strong></span> <span class='ocrx_word' id='word_1_182' title='bbox 640 2488 657 2530; x_wconf 72' lang='grc' dir='ltr'>ε</span> <span class='ocrx_word' id='word_1_183' title='bbox 692 2470 873 2534; x_wconf 81' lang='grc' dir='ltr'>πέντε</span> <span class='ocrx_word' id='word_1_184' title='bbox 907 2458 1081 2556; x_wconf 73' lang='grc' dir='ltr'>δ’ἀρ’</span> <span class='ocrx_word' id='word_1_185' title='bbox 1113 2467 1383 2558; x_wconf 75' lang='grc' dir='ltr'><strong>ἀστέρες,</strong></span> <span class='ocrx_word' id='word_1_186' title='bbox 1423 2464 1479 2534; x_wconf 81' lang='grc' dir='ltr'><strong>οἳ</strong></span> <span class='ocrx_word' id='word_1_187' title='bbox 1507 2457 1585 2544; x_wconf 72' lang='grc' dir='ltr'><strong>δὴ</strong></span> <span class='ocrx_word' id='word_1_188' title='bbox 1615 2465 2004 2560; x_wconf 84' lang='grc' dir='ltr'>ἀγαυοτάτου</span> <span class='ocrx_word' id='word_1_189' title='bbox 2039 2459 2144 2534; x_wconf 79' lang='grc' dir='ltr'><strong>διὰ</strong></span> <span class='ocrx_word' id='word_1_190' title='bbox 2179 2469 2422 2552; x_wconf 75' lang='grc' dir='ltr'><strong>κύκλου,</strong></span> <span class='ocrx_word' id='word_1_191' title='bbox 2467 2465 2549 2548; x_wconf 85' lang='grc' dir='ltr'><strong>ΙΙ,</strong></span> <span class='ocrx_word' id='word_1_192' title='bbox 2603 2466 2682 2550; x_wconf 74' lang='grc'><strong>14</strong></span> <span class='ocrx_word' id='word_1_193' title='bbox 2708 2488 2725 2532; x_wconf 88' lang='lat'>:</span> <span class='ocrx_word' id='word_1_194' title='bbox 2754 2460 3095 2534; x_wconf 77' lang='lat' dir='ltr'><strong>ducimur</strong></span> <span class='ocrx_word' id='word_1_195' title='bbox 3124 2486 3244 2560; x_wconf 85' lang='lat' dir='ltr'><strong>po·</strong></span> 
     </span>
     <span class='ocr_line' id='line_1_17' title="bbox 154 2596 1382 2700; baseline 0.007 -36"><span class='ocrx_word' id='word_1_196' title='bbox 154 2596 261 2666; x_wconf 80' lang='lat' dir='ltr'><strong>u&#39;us</strong></span> <span class='ocrx_word' id='word_1_197' title='bbox 293 2598 373 2670; x_wconf 87' lang='lat' dir='ltr'><strong>ad</strong></span> <span class='ocrx_word' id='word_1_198' title='bbox 402 2607 579 2675; x_wconf 73' lang='grc' dir='ltr'>πέντε</span> <span class='ocrx_word' id='word_1_199' title='bbox 622 2598 793 2700; x_wconf 73' lang='grc' dir='ltr'>δ’ἀρ’</span> <span class='ocrx_word' id='word_1_200' title='bbox 840 2608 1080 2700; x_wconf 79' lang='grc' dir='ltr'><strong>ἀστέρες</strong></span> <span class='ocrx_word' id='word_1_201' title='bbox 1125 2607 1382 2676; x_wconf 83' lang='grc' dir='ltr'>αἰὲν-.</span> 
     </span>
     <span class='ocr_line' id='line_1_18' title="bbox 216 2709 3243 2836; baseline 0.004 -39"><span class='ocrx_word' id='word_1_202' title='bbox 216 2729 347 2800; x_wconf 83' lang='lat' dir='ltr'><strong>Hal.</strong></span> <span class='ocrx_word' id='word_1_203' title='bbox 380 2737 434 2822; x_wconf 89' lang='grc' dir='ltr'><strong>Ι,</strong></span> <span class='ocrx_word' id='word_1_204' title='bbox 464 2733 633 2832; x_wconf 76' lang='grc'>349.</span> <span class='ocrx_word' id='word_1_205' title='bbox 693 2738 1095 2826; x_wconf 85' lang='lat' dir='ltr'><strong>Variarum,</strong></span> <span class='ocrx_word' id='word_1_206' title='bbox 1136 2761 1299 2832; x_wconf 88' lang='lat' dir='ltr'><strong>quae</strong></span> <span class='ocrx_word' id='word_1_207' title='bbox 1353 2735 1706 2826; x_wconf 79' lang='lat' dir='ltr'><strong>feruntur,</strong></span> <span class='ocrx_word' id='word_1_208' title='bbox 1739 2737 2133 2810; x_wconf 75' lang='lat' dir='ltr'><strong>lectionum</strong></span> <span class='ocrx_word' id='word_1_209' title='bbox 2185 2763 2350 2808; x_wconf 86' lang='lat' dir='ltr'><strong>sane</strong></span> <span class='ocrx_word' id='word_1_210' title='bbox 2403 2751 2471 2808; x_wconf 71' lang='lat' dir='ltr'><strong>et</strong></span> <span class='ocrx_word' id='word_1_211' title='bbox 2510 2709 2802 2836; x_wconf 70' lang='lat' dir='ltr'><strong>propter</strong></span> <span class='ocrx_word' id='word_1_212' title='bbox 2839 2760 3131 2808; x_wconf 89' lang='lat' dir='ltr'><strong>sensum</strong></span> <span class='ocrx_word' id='word_1_213' title='bbox 3169 2749 3243 2808; x_wconf 82' lang='lat' dir='ltr'><strong>et</strong></span> 
     </span>
     <span class='ocr_line' id='line_1_19' title="bbox 140 2873 3239 2976; baseline 0.003 -37"><span class='ocrx_word' id='word_1_214' title='bbox 140 2885 385 2966; x_wconf 79' lang='lat' dir='ltr'><strong>propter</strong></span> <span class='ocrx_word' id='word_1_215' title='bbox 410 2889 725 2947; x_wconf 72' lang='lat' dir='ltr'><strong>metrum</strong></span> <span class='ocrx_word' id='word_1_216' title='bbox 762 2873 954 2947; x_wconf 72' lang='lat' dir='ltr'><strong>nulla</strong></span> <span class='ocrx_word' id='word_1_217' title='bbox 988 2875 1151 2949; x_wconf 82' lang='lat' dir='ltr'><strong>ferri</strong></span> <span class='ocrx_word' id='word_1_218' title='bbox 1188 2892 1461 2975; x_wconf 82' lang='lat' dir='ltr'><strong>potest,</strong></span> <span class='ocrx_word' id='word_1_219' title='bbox 1494 2901 1631 2951; x_wconf 86' lang='lat' dir='ltr'><strong>nec</strong></span> <span class='ocrx_word' id='word_1_220' title='bbox 1677 2881 1916 2975; x_wconf 83' lang='grc' dir='ltr'>πομποί</span> <span class='ocrx_word' id='word_1_221' title='bbox 1946 2889 1999 2951; x_wconf 88' lang='grc' dir='ltr'><strong>τ’</strong></span> <span class='ocrx_word' id='word_1_222' title='bbox 2048 2893 2116 2951; x_wconf 87' lang='lat' dir='ltr'><strong>et</strong></span> <span class='ocrx_word' id='word_1_223' title='bbox 2166 2881 2403 2976; x_wconf 82' lang='grc' dir='ltr'>πομποὶ</span> <span class='ocrx_word' id='word_1_224' title='bbox 2459 2874 2515 2949; x_wconf 78' lang='grc' dir='ltr'><strong>δ’</strong></span> <span class='ocrx_word' id='word_1_225' title='bbox 2567 2903 2700 2950; x_wconf 86' lang='lat' dir='ltr'><strong>nec</strong></span> <span class='ocrx_word' id='word_1_226' title='bbox 2739 2882 2997 2975; x_wconf 80' lang='grc' dir='ltr'>πομποί.</span> <span class='ocrx_word' id='word_1_227' title='bbox 3029 2875 3239 2949; x_wconf 83' lang='lat' dir='ltr'><strong>Aliud</strong></span> 
     </span>
     <span class='ocr_line' id='line_1_20' title="bbox 142 3016 3238 3120; baseline 0.006 -43"><span class='ocrx_word' id='word_1_228' title='bbox 142 3021 441 3091; x_wconf 70' lang='lat' dir='ltr'><strong>tentatum</strong></span> <span class='ocrx_word' id='word_1_229' title='bbox 474 3018 553 3088; x_wconf 88' lang='lat' dir='ltr'><strong>in</strong></span> <span class='ocrx_word' id='word_1_230' title='bbox 590 3016 734 3089; x_wconf 86' lang='lat' dir='ltr'><strong>hac</strong></span> <span class='ocrx_word' id='word_1_231' title='bbox 766 3018 1104 3089; x_wconf 80' lang='lat' dir='ltr'><strong>editione.</strong></span> <span class='ocrx_word' id='word_1_232' title='bbox 1165 3025 1339 3093; x_wconf 89' lang='lat' dir='ltr'><strong>Nam</strong></span> <span class='ocrx_word' id='word_1_233' title='bbox 1376 3020 1575 3119; x_wconf 90' lang='lat' dir='ltr'><strong>quod</strong></span> <span class='ocrx_word' id='word_1_234' title='bbox 1614 3020 1912 3118; x_wconf 82' lang='lat' dir='ltr'><strong>Koechly</strong></span> <span class='ocrx_word' id='word_1_235' title='bbox 1942 3023 2094 3120; x_wconf 88' lang='lat' dir='ltr'><strong>ipse</strong></span> <span class='ocrx_word' id='word_1_236' title='bbox 2139 3022 2360 3093; x_wconf 83' lang='lat' dir='ltr'><strong>suasit</strong></span> <span class='ocrx_word' id='word_1_237' title='bbox 2406 3029 2712 3118; x_wconf 81' lang='grc' dir='ltr'>πομπέες,</span> <span class='ocrx_word' id='word_1_238' title='bbox 2763 3023 3040 3095; x_wconf 84' lang='lat' dir='ltr'><strong>etiamsi</strong></span> <span class='ocrx_word' id='word_1_239' title='bbox 3077 3048 3238 3097; x_wconf 89' lang='lat' dir='ltr'><strong>sen·</strong></span> 
     </span>
    </p>
   </div>
   <div class='ocr_carea' id='block_1_2' title="bbox 128 3154 3240 3394">
    <p class='ocr_par' dir='ltr' id='par_1_2' title="bbox 128 3154 3240 3394">
     <span class='ocr_line' id='line_1_21' title="bbox 134 3154 3232 3260; baseline 0.006 -42"><span class='ocrx_word' id='word_1_240' title='bbox 134 3154 330 3227; x_wconf 70' lang='lat' dir='ltr'><strong>ientiae</strong></span> <span class='ocrx_word' id='word_1_241' title='bbox 372 3158 787 3247; x_wconf 76' lang='lat' dir='ltr'><strong>satisfieret,</strong></span> <span class='ocrx_word' id='word_1_242' title='bbox 808 3158 955 3255; x_wconf 84' lang='lat' dir='ltr'><strong>jam</strong></span> <span class='ocrx_word' id='word_1_243' title='bbox 988 3176 1283 3259; x_wconf 86' lang='lat' dir='ltr'><strong>propter</strong></span> <span class='ocrx_word' id='word_1_244' title='bbox 1315 3161 1619 3235; x_wconf 84' lang='lat' dir='ltr'><strong>sormam</strong></span> <span class='ocrx_word' id='word_1_245' title='bbox 1654 3162 2118 3260; x_wconf 83' lang='lat' dir='ltr'><strong>rejiciendum</strong></span> <span class='ocrx_word' id='word_1_246' title='bbox 2154 3178 2323 3234; x_wconf 88' lang='lat' dir='ltr'><strong>erat.</strong></span> <span class='ocrx_word' id='word_1_247' title='bbox 2354 3160 2679 3234; x_wconf 87' lang='lat' dir='ltr'><strong>Debebat</strong></span> <span class='ocrx_word' id='word_1_248' title='bbox 2707 3164 2904 3235; x_wconf 89' lang='lat' dir='ltr'><strong>enim</strong></span> <span class='ocrx_word' id='word_1_249' title='bbox 2931 3178 3232 3260; x_wconf 79' lang='grc' dir='ltr'>πομπῆες.</span> 
     </span>
     <span class='ocr_line' id='line_1_22' title="bbox 128 3282 3240 3394; baseline 0.005 -41"><span class='ocrx_word' id='word_1_250' title='bbox 128 3282 255 3356; x_wconf 78' lang='lat' dir='ltr'><strong>Non</strong></span> <span class='ocrx_word' id='word_1_251' title='bbox 285 3312 445 3361; x_wconf 89' lang='lat' dir='ltr'><strong>sane</strong></span> <span class='ocrx_word' id='word_1_252' title='bbox 488 3305 781 3363; x_wconf 78' lang='lat' dir='ltr'><strong>tantum</strong></span> <span class='ocrx_word' id='word_1_253' title='bbox 813 3290 951 3364; x_wconf 87' lang='lat' dir='ltr'><strong>sibi</strong></span> <span class='ocrx_word' id='word_1_254' title='bbox 979 3292 1273 3369; x_wconf 87' lang='lat' dir='ltr'><strong>indulsit</strong></span> <span class='ocrx_word' id='word_1_255' title='bbox 1304 3298 1378 3365; x_wconf 91' lang='lat' dir='ltr'><strong>in</strong></span> <span class='ocrx_word' id='word_1_256' title='bbox 1418 3292 1560 3366; x_wconf 85' lang='lat' dir='ltr'><strong>hoc</strong></span> <span class='ocrx_word' id='word_1_257' title='bbox 1591 3320 1846 3392; x_wconf 87' lang='lat' dir='ltr'><strong>genere</strong></span> <span class='ocrx_word' id='word_1_258' title='bbox 1881 3296 2250 3394; x_wconf 82' lang='lat' dir='ltr'><strong>Oppianus</strong></span> <span class='ocrx_word' id='word_1_259' title='bbox 2277 3310 2632 3391; x_wconf 80' lang='lat' dir='ltr'><strong>quantum</strong></span> <span class='ocrx_word' id='word_1_260' title='bbox 2667 3295 3240 3387; x_wconf 89' lang='lat' dir='ltr'><strong>Manethoniani,</strong></span> 
     </span>
    </p>
   </div>
   <div class='ocr_carea' id='block_1_3' title="bbox 88 3426 3232 4813">
    <p class='ocr_par' dir='ltr' id='par_1_3' title="bbox 88 3426 3232 4813">
     <span class='ocr_line' id='line_1_23' title="bbox 122 3426 3230 3535; baseline 0.005 -42"><span class='ocrx_word' id='word_1_261' title='bbox 122 3446 271 3517; x_wconf 86' lang='lat' dir='ltr'><strong>quos</strong></span> <span class='ocrx_word' id='word_1_262' title='bbox 323 3426 633 3503; x_wconf 85' lang='lat' dir='ltr'><strong>decebat</strong></span> <span class='ocrx_word' id='word_1_263' title='bbox 688 3432 797 3503; x_wconf 84' lang='lat' dir='ltr'><strong>vel</strong></span> <span class='ocrx_word' id='word_1_264' title='bbox 860 3432 1247 3509; x_wconf 82' lang='lat' dir='ltr'><strong>dedecebat</strong></span> <span class='ocrx_word' id='word_1_265' title='bbox 1300 3442 1529 3530; x_wconf 80' lang='grc' dir='ltr'>βαφέας</span> <span class='ocrx_word' id='word_1_266' title='bbox 1579 3441 1647 3529; x_wconf 89' lang='lat'><strong>1,</strong></span> <span class='ocrx_word' id='word_1_267' title='bbox 1708 3439 1821 3525; x_wconf 89' lang='lat'><strong>80,</strong></span> <span class='ocrx_word' id='word_1_268' title='bbox 1872 3443 2124 3535; x_wconf 79' lang='grc' dir='ltr'>φθορέας</span> <span class='ocrx_word' id='word_1_269' title='bbox 2180 3444 2314 3527; x_wconf 81' lang='grc' dir='ltr'><strong>ΙΙΙ,</strong></span> <span class='ocrx_word' id='word_1_270' title='bbox 2384 3438 2542 3535; x_wconf 84' lang='lat'><strong>195,</strong></span> <span class='ocrx_word' id='word_1_271' title='bbox 2596 3432 2810 3535; x_wconf 75' lang='grc' dir='ltr'>ὑδρίας</span> <span class='ocrx_word' id='word_1_272' title='bbox 2863 3442 2991 3525; x_wconf 87' lang='lat' dir='ltr'><strong>lV,</strong></span> <span class='ocrx_word' id='word_1_273' title='bbox 3056 3436 3230 3524; x_wconf 78' lang='lat'><strong>25¹,</strong></span> 
     </span>
     <span class='ocr_line' id='line_1_24' title="bbox 120 3581 3232 3684; baseline 0.002 -32"><span class='ocrx_word' id='word_1_274' title='bbox 120 3581 339 3675; x_wconf 70' lang='grc' dir='ltr'><strong>γλυφέας</strong></span> <span class='ocrx_word' id='word_1_275' title='bbox 390 3585 507 3673; x_wconf 82' lang='lat' dir='ltr'><strong>Vl,</strong></span> <span class='ocrx_word' id='word_1_276' title='bbox 558 3582 741 3671; x_wconf 71' lang='grc'><strong>344,</strong></span> <span class='ocrx_word' id='word_1_277' title='bbox 790 3588 1187 3681; x_wconf 65' lang='grc' dir='ltr'>γραμματέως</span> <span class='ocrx_word' id='word_1_278' title='bbox 1242 3588 1363 3671; x_wconf 90' lang='lat' dir='ltr'><strong>lv,</strong></span> <span class='ocrx_word' id='word_1_279' title='bbox 1410 3588 1579 3674; x_wconf 70' lang='grc'><strong>428,</strong></span> <span class='ocrx_word' id='word_1_280' title='bbox 1632 3584 1948 3670; x_wconf 65' lang='grc' dir='ltr'>κλιὸανέας</span> <span class='ocrx_word' id='word_1_281' title='bbox 2005 3591 2072 3674; x_wconf 85' lang='grc'><strong>1,</strong></span> <span class='ocrx_word' id='word_1_282' title='bbox 2113 3588 2230 3675; x_wconf 89' lang='grc'><strong>80,</strong></span> <span class='ocrx_word' id='word_1_283' title='bbox 2287 3590 2652 3684; x_wconf 81' lang='grc' dir='ltr'>ἀπαγγελέες</span> <span class='ocrx_word' id='word_1_284' title='bbox 2709 3590 2782 3679; x_wconf 74' lang='grc' dir='ltr'><strong>Ι,</strong></span> <span class='ocrx_word' id='word_1_285' title='bbox 2818 3586 2985 3661; x_wconf 81' lang='lat'><strong>263.</strong></span> <span class='ocrx_word' id='word_1_286' title='bbox 3055 3592 3232 3659; x_wconf 85' lang='lat' dir='ltr'><strong>Nam</strong></span> 
     </span>
     <span class='ocr_line' id='line_1_25' title="bbox 118 3722 3230 3827; baseline 0.004 -37"><span class='ocrx_word' id='word_1_287' title='bbox 118 3726 328 3811; x_wconf 59' lang='grc' dir='ltr'><strong>Δτοκέων,</strong></span> <span class='ocrx_word' id='word_1_288' title='bbox 374 3722 587 3819; x_wconf 87' lang='lat' dir='ltr'><strong>quod</strong></span> <span class='ocrx_word' id='word_1_289' title='bbox 626 3724 883 3821; x_wconf 82' lang='lat' dir='ltr'><strong>saepius</strong></span> <span class='ocrx_word' id='word_1_290' title='bbox 927 3728 1275 3813; x_wconf 77' lang='lat' dir='ltr'><strong>occurrit,</strong></span> <span class='ocrx_word' id='word_1_291' title='bbox 1331 3732 1602 3797; x_wconf 81' lang='grc' dir='ltr'><strong>τοκέεσσι</strong></span> <span class='ocrx_word' id='word_1_292' title='bbox 1652 3731 1785 3815; x_wconf 78' lang='lat' dir='ltr'><strong>Vl,</strong></span> <span class='ocrx_word' id='word_1_293' title='bbox 1847 3753 1966 3825; x_wconf 84' lang='lat'><strong>99,</strong></span> <span class='ocrx_word' id='word_1_294' title='bbox 2011 3734 2228 3824; x_wconf 82' lang='grc' dir='ltr'>γονέων</span> <span class='ocrx_word' id='word_1_295' title='bbox 2288 3731 2350 3813; x_wconf 91' lang='grc' dir='ltr'><strong>Ι,</strong></span> <span class='ocrx_word' id='word_1_296' title='bbox 2423 3728 2574 3798; x_wconf 71' lang='grc'><strong>168.</strong></span> <span class='ocrx_word' id='word_1_297' title='bbox 2628 3728 2808 3818; x_wconf 75' lang='lat'><strong>3423</strong></span> <span class='ocrx_word' id='word_1_298' title='bbox 2862 3732 2996 3818; x_wconf 87' lang='lat' dir='ltr'><strong>lv,</strong></span> <span class='ocrx_word' id='word_1_299' title='bbox 3058 3728 3230 3827; x_wconf 83' lang='lat'><strong>375,</strong></span> 
     </span>
     <span class='ocr_line' id='line_1_26' title="bbox 111 3864 3229 3964; baseline 0.002 -30"><span class='ocrx_word' id='word_1_300' title='bbox 111 3866 281 3951; x_wconf 73' lang='grc' dir='ltr'>γονέας</span> <span class='ocrx_word' id='word_1_301' title='bbox 327 3870 455 3953; x_wconf 81' lang='lat'><strong>111,</strong></span> <span class='ocrx_word' id='word_1_302' title='bbox 499 3864 693 3963; x_wconf 80' lang='lat'><strong>276,</strong></span> <span class='ocrx_word' id='word_1_303' title='bbox 723 3891 867 3937; x_wconf 87' lang='lat' dir='ltr'><strong>non</strong></span> <span class='ocrx_word' id='word_1_304' title='bbox 913 3866 1597 3964; x_wconf 76' lang='lat' dir='ltr'><strong>dicemuS‚quorum</strong></span> <span class='ocrx_word' id='word_1_305' title='bbox 1649 3874 1875 3939; x_wconf 79' lang='grc' dir='ltr'>τοκέων</span> <span class='ocrx_word' id='word_1_306' title='bbox 1931 3870 2377 3940; x_wconf 84' lang='lat' dir='ltr'><strong>Homericam</strong></span> <span class='ocrx_word' id='word_1_307' title='bbox 2419 3869 2911 3940; x_wconf 74' lang='lat' dir='ltr'><strong>auctoritatem</strong></span> <span class='ocrx_word' id='word_1_308' title='bbox 2947 3868 3229 3961; x_wconf 82' lang='lat' dir='ltr'><strong>habuit,</strong></span> 
     </span>
     <span class='ocr_line' id='line_1_27' title="bbox 106 4006 3229 4110; baseline 0.003 -37"><span class='ocrx_word' id='word_1_309' title='bbox 106 4010 283 4094; x_wconf 76' lang='grc' dir='ltr'>γονέων</span> <span class='ocrx_word' id='word_1_310' title='bbox 334 4032 509 4080; x_wconf 81' lang='lat' dir='ltr'><strong>mox</strong></span> <span class='ocrx_word' id='word_1_311' title='bbox 540 4006 655 4079; x_wconf 89' lang='lat' dir='ltr'><strong>illi</strong></span> <span class='ocrx_word' id='word_1_312' title='bbox 691 4006 1123 4105; x_wconf 74' lang='lat' dir='ltr'><strong>applicatum</strong></span> <span class='ocrx_word' id='word_1_313' title='bbox 1158 4023 1283 4097; x_wconf 73' lang='lat' dir='ltr'><strong>est,</strong></span> <span class='ocrx_word' id='word_1_314' title='bbox 1326 4010 1410 4079; x_wconf 85' lang='lat' dir='ltr'><strong>H.</strong></span> <span class='ocrx_word' id='word_1_315' title='bbox 1456 4013 1611 4080; x_wconf 89' lang='lat' dir='ltr'><strong>Cer.</strong></span> <span class='ocrx_word' id='word_1_316' title='bbox 1648 4014 1775 4097; x_wconf 73' lang='lat'><strong>24¹</strong></span> <span class='ocrx_word' id='word_1_317' title='bbox 1817 4038 1834 4079; x_wconf 76' lang='grc' dir='ltr'>ε</span> <span class='ocrx_word' id='word_1_318' title='bbox 1882 4008 2150 4106; x_wconf 90' lang='lat' dir='ltr'><strong>quibus</strong></span> <span class='ocrx_word' id='word_1_319' title='bbox 2178 4007 2444 4080; x_wconf 87' lang='lat' dir='ltr'><strong>deinde</strong></span> <span class='ocrx_word' id='word_1_320' title='bbox 2471 4006 2769 4081; x_wconf 86' lang='lat' dir='ltr'><strong>liberior</strong></span> <span class='ocrx_word' id='word_1_321' title='bbox 2799 4010 3033 4083; x_wconf 86' lang='lat' dir='ltr'><strong>aditus</strong></span> <span class='ocrx_word' id='word_1_322' title='bbox 3071 4037 3229 4110; x_wconf 87' lang='lat' dir='ltr'><strong>per-</strong></span> 
     </span>
     <span class='ocr_line' id='line_1_28' title="bbox 106 4140 3231 4251; baseline 0.004 -39"><span class='ocrx_word' id='word_1_323' title='bbox 106 4140 345 4233; x_wconf 85' lang='lat' dir='ltr'><strong>missus,</strong></span> <span class='ocrx_word' id='word_1_324' title='bbox 407 4162 489 4219; x_wconf 85' lang='lat' dir='ltr'><strong>ut</strong></span> <span class='ocrx_word' id='word_1_325' title='bbox 542 4154 751 4247; x_wconf 81' lang='grc' dir='ltr'>γονέες</span> <span class='ocrx_word' id='word_1_326' title='bbox 797 4148 1068 4219; x_wconf 82' lang='lat' dir='ltr'><strong>Gallim.</strong></span> <span class='ocrx_word' id='word_1_327' title='bbox 1105 4154 1259 4221; x_wconf 86' lang='lat' dir='ltr'><strong>Cer.</strong></span> <span class='ocrx_word' id='word_1_328' title='bbox 1302 4150 1451 4221; x_wconf 87' lang='lat' dir='ltr'><strong>Cal.</strong></span> <span class='ocrx_word' id='word_1_329' title='bbox 1491 4149 1609 4245; x_wconf 82' lang='grc'><strong>73,</strong></span> <span class='ocrx_word' id='word_1_330' title='bbox 1659 4149 1926 4221; x_wconf 90' lang='lat' dir='ltr'><strong>Mosch.</strong></span> <span class='ocrx_word' id='word_1_331' title='bbox 1957 4153 2076 4233; x_wconf 91' lang='lat' dir='ltr'><strong>IV,</strong></span> <span class='ocrx_word' id='word_1_332' title='bbox 2118 4176 2188 4245; x_wconf 87' lang='lat'><strong>7,</strong></span> <span class='ocrx_word' id='word_1_333' title='bbox 2243 4153 2514 4220; x_wconf 82' lang='grc' dir='ltr'><strong>τοκέεσσι</strong></span> <span class='ocrx_word' id='word_1_334' title='bbox 2565 4154 2803 4221; x_wconf 86' lang='lat' dir='ltr'><strong>Nonn.</strong></span> <span class='ocrx_word' id='word_1_335' title='bbox 2842 4154 3052 4240; x_wconf 88' lang='grc' dir='ltr'><strong>ΧΧΙΙ,</strong></span> <span class='ocrx_word' id='word_1_336' title='bbox 3095 4151 3231 4251; x_wconf 85' lang='lat'><strong>¹59</strong></span> 
     </span>
     <span class='ocr_line' id='line_1_29' title="bbox 100 4277 3228 4378; baseline 0.004 -33"><span class='ocrx_word' id='word_1_337' title='bbox 100 4277 314 4373; x_wconf 83' lang='lat' dir='ltr'><strong>etipse</strong></span> <span class='ocrx_word' id='word_1_338' title='bbox 336 4280 595 4352; x_wconf 88' lang='lat' dir='ltr'><strong>Nonni</strong></span> <span class='ocrx_word' id='word_1_339' title='bbox 628 4281 1271 4352; x_wconf 78' lang='lat' dir='ltr'><strong>imitatorMusaeus</strong></span> <span class='ocrx_word' id='word_1_340' title='bbox 1308 4282 1457 4351; x_wconf 80' lang='lat'><strong>180.</strong></span> <span class='ocrx_word' id='word_1_341' title='bbox 1494 4282 1810 4368; x_wconf 80' lang='lat' dir='ltr'><strong>Quintus</strong></span> <span class='ocrx_word' id='word_1_342' title='bbox 1840 4284 2276 4377; x_wconf 61' lang='lat' dir='ltr'><strong>Smyrnaeum,</strong></span> <span class='ocrx_word' id='word_1_343' title='bbox 2319 4280 2522 4378; x_wconf 91' lang='lat' dir='ltr'><strong>quod</strong></span> <span class='ocrx_word' id='word_1_344' title='bbox 2549 4284 3030 4374; x_wconf 86' lang='lat' dir='ltr'><strong>meminerim,</strong></span> <span class='ocrx_word' id='word_1_345' title='bbox 3058 4284 3228 4357; x_wconf 70' lang='lat' dir='ltr'><strong>solis</strong></span> 
     </span>
     <span class='ocr_line' id='line_1_30' title="bbox 98 4418 3228 4519; baseline 0.003 -35"><span class='ocrx_word' id='word_1_346' title='bbox 98 4418 290 4491; x_wconf 72' lang='lat' dir='ltr'><strong>utitur</strong></span> <span class='ocrx_word' id='word_1_347' title='bbox 326 4432 569 4497; x_wconf 73' lang='grc' dir='ltr'>τοκέων</span> <span class='ocrx_word' id='word_1_348' title='bbox 624 4424 765 4507; x_wconf 85' lang='grc' dir='ltr'><strong>ΙΙΙ,</strong></span> <span class='ocrx_word' id='word_1_349' title='bbox 798 4423 964 4509; x_wconf 75' lang='lat'><strong>2063</strong></span> <span class='ocrx_word' id='word_1_350' title='bbox 1008 4426 1095 4509; x_wconf 76' lang='lat' dir='ltr'><strong>V,</strong></span> <span class='ocrx_word' id='word_1_351' title='bbox 1132 4420 1291 4493; x_wconf 84' lang='lat'>518.</span> <span class='ocrx_word' id='word_1_352' title='bbox 1335 4420 1623 4511; x_wconf 51' lang='lat'>5403&amp;</span> <span class='ocrx_word' id='word_1_353' title='bbox 1663 4427 1829 4519; x_wconf 73' lang='lat'><strong>409,</strong></span> <span class='ocrx_word' id='word_1_354' title='bbox 1878 4430 2150 4495; x_wconf 77' lang='grc' dir='ltr'><strong>τοκέεσσι</strong></span> <span class='ocrx_word' id='word_1_355' title='bbox 2203 4427 2260 4511; x_wconf 89' lang='grc' dir='ltr'><strong>Ι,</strong></span> <span class='ocrx_word' id='word_1_356' title='bbox 2328 4424 2481 4495; x_wconf 82' lang='lat'><strong>108.</strong></span> <span class='ocrx_word' id='word_1_357' title='bbox 2535 4424 2715 4513; x_wconf 72' lang='lat'><strong>3283</strong></span> <span class='ocrx_word' id='word_1_358' title='bbox 2765 4428 2844 4495; x_wconf 83' lang='lat' dir='ltr'><strong>V.</strong></span> <span class='ocrx_word' id='word_1_359' title='bbox 2885 4422 3066 4515; x_wconf 72' lang='lat'><strong>4463</strong></span> <span class='ocrx_word' id='word_1_360' title='bbox 3102 4428 3228 4514; x_wconf 77' lang='lat' dir='ltr'><strong>vl,</strong></span> 
     </span>
     <span class='ocr_line' id='line_1_31' title="bbox 100 4553 3226 4662; baseline 0.004 -35"><span class='ocrx_word' id='word_1_361' title='bbox 100 4553 211 4649; x_wconf 77' lang='lat'><strong>¹33</strong></span> <span class='ocrx_word' id='word_1_362' title='bbox 256 4574 325 4634; x_wconf 88' lang='lat' dir='ltr'><strong>et</strong></span> <span class='ocrx_word' id='word_1_363' title='bbox 394 4566 694 4661; x_wconf 75' lang='grc' dir='ltr'>ἀριστέες</span> <span class='ocrx_word' id='word_1_364' title='bbox 741 4565 904 4652; x_wconf 85' lang='lat' dir='ltr'><strong>xu,</strong></span> <span class='ocrx_word' id='word_1_365' title='bbox 950 4566 1069 4652; x_wconf 79' lang='lat'><strong>28,</strong></span> <span class='ocrx_word' id='word_1_366' title='bbox 1124 4570 1403 4660; x_wconf 80' lang='grc' dir='ltr'><strong>ἀριστέας</strong></span> <span class='ocrx_word' id='word_1_367' title='bbox 1446 4568 1608 4650; x_wconf 86' lang='grc' dir='ltr'><strong>ΧΙΙ,</strong></span> <span class='ocrx_word' id='word_1_368' title='bbox 1648 4590 1758 4659; x_wconf 91' lang='lat'><strong>7¹·</strong></span> <span class='ocrx_word' id='word_1_369' title='bbox 1800 4565 2207 4655; x_wconf 77' lang='lat' dir='ltr'><strong>2683x111,</strong></span> <span class='ocrx_word' id='word_1_370' title='bbox 2263 4562 2451 4662; x_wconf 83' lang='lat'>517:</span> <span class='ocrx_word' id='word_1_371' title='bbox 2493 4565 2678 4651; x_wconf 86' lang='lat' dir='ltr'><strong>hoc,</strong></span> <span class='ocrx_word' id='word_1_372' title='bbox 2743 4580 2824 4635; x_wconf 86' lang='lat' dir='ltr'><strong>ut</strong></span> <span class='ocrx_word' id='word_1_373' title='bbox 2868 4565 3226 4661; x_wconf 82' lang='lat' dir='ltr'><strong>conjicere</strong></span> 
     </span>
     <span class='ocr_line' id='line_1_32' title="bbox 88 4702 3228 4813; baseline 0.001 -34"><span class='ocrx_word' id='word_1_374' title='bbox 88 4702 257 4797; x_wconf 79' lang='lat' dir='ltr'><strong>licet,</strong></span> <span class='ocrx_word' id='word_1_375' title='bbox 300 4737 391 4785; x_wconf 85' lang='lat' dir='ltr'><strong>ex</strong></span> <span class='ocrx_word' id='word_1_376' title='bbox 424 4738 549 4803; x_wconf 88' lang='lat' dir='ltr'><strong>ea,</strong></span> <span class='ocrx_word' id='word_1_377' title='bbox 598 4736 769 4809; x_wconf 83' lang='lat' dir='ltr'><strong>quae</strong></span> <span class='ocrx_word' id='word_1_378' title='bbox 807 4712 1003 4810; x_wconf 88' lang='lat' dir='ltr'><strong>apud</strong></span> <span class='ocrx_word' id='word_1_379' title='bbox 1045 4712 1400 4809; x_wconf 88' lang='lat' dir='ltr'><strong>quosdam</strong></span> <span class='ocrx_word' id='word_1_380' title='bbox 1441 4713 1821 4802; x_wconf 78' lang='lat' dir='ltr'><strong>ferebatur,</strong></span> <span class='ocrx_word' id='word_1_381' title='bbox 1868 4714 2180 4786; x_wconf 76' lang='lat' dir='ltr'><strong>lectione</strong></span> <span class='ocrx_word' id='word_1_382' title='bbox 2221 4712 2298 4784; x_wconf 83' lang='lat'><strong>11.</strong></span> <span class='ocrx_word' id='word_1_383' title='bbox 2344 4718 2397 4802; x_wconf 90' lang='lat'><strong>1,</strong></span> <span class='ocrx_word' id='word_1_384' title='bbox 2439 4715 2534 4808; x_wconf 85' lang='lat'><strong>89</strong></span> <span class='ocrx_word' id='word_1_385' title='bbox 2582 4706 2885 4810; x_wconf 78' lang='grc' dir='ltr'>Ᾱτρείδης</span> <span class='ocrx_word' id='word_1_386' title='bbox 2933 4708 3004 4785; x_wconf 78' lang='grc' dir='ltr'><strong>δὲ</strong></span> <span class='ocrx_word' id='word_1_387' title='bbox 3025 4724 3228 4813; x_wconf 56' lang='grc' dir='ltr'>γέρον,</span> 
     </span>
    </p>
   </div>
   <div class='ocr_carea' id='block_1_4' title="bbox 86 4842 3220 5214">
    <p class='ocr_par' dir='ltr' id='par_1_4' title="bbox 86 4842 3220 5214">
     <span class='ocr_line' id='line_1_33' title="bbox 86 4842 3213 4951; baseline 0.002 -29"><span class='ocrx_word' id='word_1_388' title='bbox 86 4858 475 4951; x_wconf 72' lang='grc' dir='ltr'>ταςάριστέας</span> <span class='ocrx_word' id='word_1_389' title='bbox 519 4852 707 4951; x_wconf 86' lang='lat' dir='ltr'><strong>(pro</strong></span> <span class='ocrx_word' id='word_1_390' title='bbox 747 4842 1027 4946; x_wconf 75' lang='grc' dir='ltr'>ἀολλέας)</span> <span class='ocrx_word' id='word_1_391' title='bbox 1070 4850 1212 4951; x_wconf 75' lang='grc' dir='ltr'>ἦγεν</span> <span class='ocrx_word' id='word_1_392' title='bbox 1232 4848 1502 4951; x_wconf 81' lang='grc' dir='ltr'>Ᾱχαιῶν.</span> <span class='ocrx_word' id='word_1_393' title='bbox 1556 4859 1814 4925; x_wconf 83' lang='lat' dir='ltr'><strong>Praeter</strong></span> <span class='ocrx_word' id='word_1_394' title='bbox 1848 4854 1970 4926; x_wconf 82' lang='lat' dir='ltr'><strong>illa</strong></span> <span class='ocrx_word' id='word_1_395' title='bbox 2020 4879 2249 4925; x_wconf 87' lang='lat' dir='ltr'><strong>unum</strong></span> <span class='ocrx_word' id='word_1_396' title='bbox 2308 4854 2701 4925; x_wconf 80' lang='lat' dir='ltr'><strong>alterumve</strong></span> <span class='ocrx_word' id='word_1_397' title='bbox 2746 4869 3078 4950; x_wconf 75' lang='lat' dir='ltr'><strong>praeterca</strong></span> <span class='ocrx_word' id='word_1_398' title='bbox 3122 4857 3213 4928; x_wconf 85' lang='lat' dir='ltr'><strong>ir·</strong></span> 
     </span>
     <span class='ocr_line' id='line_1_34' title="bbox 86 4984 3220 5083; baseline 0.003 -32"><span class='ocrx_word' id='word_1_399' title='bbox 86 4986 293 5079; x_wconf 78' lang='lat' dir='ltr'><strong>repsit,</strong></span> <span class='ocrx_word' id='word_1_400' title='bbox 340 4988 689 5059; x_wconf 76' lang='lat' dir='ltr'><strong>maxime</strong></span> <span class='ocrx_word' id='word_1_401' title='bbox 728 5001 811 5056; x_wconf 85' lang='lat' dir='ltr'><strong>ut</strong></span> <span class='ocrx_word' id='word_1_402' title='bbox 850 4984 1134 5057; x_wconf 77' lang='lat' dir='ltr'><strong>videtur</strong></span> <span class='ocrx_word' id='word_1_403' title='bbox 1180 4987 1369 5083; x_wconf 81' lang='lat' dir='ltr'><strong>apud</strong></span> <span class='ocrx_word' id='word_1_404' title='bbox 1426 5014 1586 5075; x_wconf 69' lang='grc' dir='ltr'><strong>οοε,</strong></span> <span class='ocrx_word' id='word_1_405' title='bbox 1629 4989 1755 5083; x_wconf 90' lang='lat' dir='ltr'><strong>qui</strong></span> <span class='ocrx_word' id='word_1_406' title='bbox 1814 4986 2143 5057; x_wconf 82' lang='lat' dir='ltr'><strong>heroicos</strong></span> <span class='ocrx_word' id='word_1_407' title='bbox 2199 4985 2494 5083; x_wconf 81' lang='lat' dir='ltr'><strong>spiritus</strong></span> <span class='ocrx_word' id='word_1_408' title='bbox 2557 5011 2706 5056; x_wconf 88' lang='lat' dir='ltr'><strong>non</strong></span> <span class='ocrx_word' id='word_1_409' title='bbox 2767 5004 3220 5077; x_wconf 80' lang='lat' dir='ltr'><strong>sumserunt,</strong></span> 
     </span>
     <span class='ocr_line' id='line_1_35' title="bbox 86 5116 3220 5214; baseline -0.001 -25"><span class='ocrx_word' id='word_1_410' title='bbox 86 5138 356 5213; x_wconf 65' lang='lat' dir='ltr'><strong>quorum</strong></span> <span class='ocrx_word' id='word_1_411' title='bbox 418 5134 615 5194; x_wconf 85' lang='lat' dir='ltr'><strong>suut</strong></span> <span class='ocrx_word' id='word_1_412' title='bbox 672 5116 1024 5190; x_wconf 80' lang='lat' dir='ltr'><strong>didactici.</strong></span> <span class='ocrx_word' id='word_1_413' title='bbox 1076 5118 1214 5191; x_wconf 88' lang='lat' dir='ltr'><strong>Sed</strong></span> <span class='ocrx_word' id='word_1_414' title='bbox 1270 5119 1377 5190; x_wconf 69' lang='lat' dir='ltr'><strong>vel</strong></span> <span class='ocrx_word' id='word_1_415' title='bbox 1436 5120 1620 5191; x_wconf 72' lang='lat' dir='ltr'><strong>inter</strong></span> <span class='ocrx_word' id='word_1_416' title='bbox 1675 5118 1807 5189; x_wconf 84' lang='lat' dir='ltr'><strong>hos</strong></span> <span class='ocrx_word' id='word_1_417' title='bbox 1870 5120 2326 5214; x_wconf 84' lang='lat' dir='ltr'><strong>parcissimus</strong></span> <span class='ocrx_word' id='word_1_418' title='bbox 2393 5118 2741 5214; x_wconf 79' lang='lat' dir='ltr'><strong>reperitur</strong></span> <span class='ocrx_word' id='word_1_419' title='bbox 2781 5118 3158 5214; x_wconf 81' lang='lat' dir='ltr'><strong>Oppianus</strong></span> <span class='ocrx_word' id='word_1_420' title='bbox 3205 5146 3220 5187; x_wconf 76' lang='grc' dir='ltr'><em>τ</em></span> 
     </span>
    </p>
   </div>
  </div>
 </body>
</html>
