3767 5825
1456 356 1692 420 sum
1737 356 2259 420 rumonus.
3368 369 3445 446 ,ο

241 482 450 564 ὗψόθεν
479 482 718 564 ἕμπλήξῃ
751 483 888 555 δεινὴ
917 484 1130 562 ἀνέμοιο
1146 482 1337 545 θύελλα

241 569 432 636 αὕτως
453 569 748 651 ἀπρόφατος
764 617 782 644 ,
811 573 877 629 τὰ
906 571 958 629 δὲ
987 572 1175 650 λαίφεα
1198 573 1373 632 πάντα
1395 573 1618 654 ταράξῃ,

97 673 202 713 4⁶25
241 657 448 716 ἄλλοτε
477 657 570 734 μὲν
593 659 682 716 καὶ
711 658 934 733 πάμπαν
961 659 1235 739 ὖπόὸρυχα
1264 661 1642 734 ναυτίλλονται,

241 745 448 804 ἄλλοτε
476 745 540 818 δ’,
561 745 619 803 αἶ
637 769 695 804 κε
719 746 840 813 Διὸς
859 747 1332 827 παρανισσομένοιο
1349 749 1576 828 τύχωσιν

249 834 538 911 εὐχόμενοι
556 879 571 910 ,
601 829 767 913 βορέω
786 833 842 892 δὲ
861 836 1170 915 παρατρέψῃ
1194 835 1386 913 ἀνέμου
1414 836 1460 903 ἴς
1478 882 1494 908 ,

235 918 425 977 πολλὰ
457 918 586 995 μάλ’
601 920 914 991 ὀτλήσαντες
939 920 1080 996 ὅμως
1105 922 1261 980 πάλιν
1293 923 1576 1004 ἐσκέψαντο

245 1005 516 1076 ἀλλήλους
544 1007 630 1064 ἐπὶ
655 1001 762 1078 νηί.
787 1007 930 1066 νότον
957 1009 1002 1066 δ’
1037 1008 1122 1066 ἐπὶ
1150 1009 1349 1086 σήματι
1375 1011 1539 1089 τούτῳ

105 1115 212 1154 ⁴:30
245 1092 468 1165 δείδιθι,
493 1092 648 1172 μέχρι
677 1099 861 1174 βορῆος
880 1094 1315 1177 ἀπαστράψαντος
1336 1096 1498 1167 ἶδηαι.

241 1181 300 1237 εἰ
329 1177 390 1236 δέ
413 1202 501 1237 κεν
530 1181 770 1256 ἑσπερίης
793 1181 886 1256 μὲν
909 1181 1029 1248 ἁλὸς
1057 1187 1103 1242 Κ
1123 1207 1274 1242 εντα
1290 1184 1319 1241 ύ
1338 1208 1408 1264 ρο
1424 1209 1452 1242 υ
1479 1185 1634 1254 ἀπείη

240 1257 400 1342 ὦμος
425 1263 546 1326 ὅσον
574 1268 852 1348 προτέρης,
873 1270 1023 1348 ὀλίγη
1053 1269 1109 1330 δέ
1137 1293 1224 1346 μιν
1250 1272 1410 1330 εἰλύοι
1432 1272 1594 1352 ἀχλὺς

245 1351 434 1425 αὐτόν,
466 1351 602 1434 ἀτὰρ
631 1355 938 1429 μετόπισθεν
964 1356 1166 1415 ἐοικότα
1195 1357 1410 1433 σήματα
1439 1359 1614 1438 τεύχοι

242 1438 342 1507 νὺξ
369 1439 456 1498 ἐπὶ
479 1435 859 1522 παμφανόωντι
888 1444 1167 1523 Θυτηρίῳ,
1191 1445 1250 1502 οὔ
1280 1468 1338 1504 σε
1367 1447 1512 1522 μάλα
1540 1448 1644 1528 χρὴ

107 1544 208 1583 4:3⁶
247 1529 306 1592 ἐς
329 1524 494 1600 νότον,
520 1527 640 1586 ἀλλ’
657 1526 826 1611 εύροιο
849 1531 1214 1612 περισκοπέειν
1241 1533 1468 1610 ἀνέμοιο.

336 1613 491 1684 Δήεις
512 1616 558 1673 δ’
580 1612 772 1698 ἄστρον
795 1619 959 1676 έκεῖνο
982 1619 1089 1676 δύω
1108 1621 1442 1696 ὑποκείμενον
1465 1621 1664 1688 ἄλλοις·

243 1708 347 1760 τοῦ
374 1705 476 1783 γάρ
501 1725 581 1762 τοι
607 1703 674 1762 τὰ
705 1704 798 1781 μὲν
829 1706 974 1785 ἀνδρὶ
999 1707 1199 1766 ἐοικότα
1229 1708 1382 1769 νειόθι
1408 1712 1576 1768 κεῖται

246 1790 548 1871 Σκορπίου,
570 1791 858 1872 ἱππούραια
882 1795 930 1851 δ’
951 1793 1050 1852 ὑπὸ
1071 1793 1219 1875 σφίσι
1249 1797 1428 1868 Χηλαὶ
1454 1796 1683 1876 ἔχουσιν.

249 1875 426 1958 αὐτὰρ
452 1881 480 1936 ὁ
510 1875 768 1958 δεξιτερὴν
795 1880 896 1939 αἰεὶ
923 1881 1158 1940 τανύοντι
1183 1883 1345 1941 ἔοικεν

117 1983 214 2022 uo
254 1963 416 2023 ἀντία
442 1966 672 2025 δινωτοῖο
693 1967 979 2048 eus-apion.
1012 1971 1065 2026 ἐν
1094 1969 1149 2027 δέ
1178 1974 1224 2028 οἷ
1255 1971 1408 2052 ἀπρὶξ

249 2051 392 2109 ἄλλο
418 2053 544 2129 μάλ’
573 2053 904 2131 ἕσφήκωται,
932 2055 1249 2133 ἐληλάμενον
1280 2057 1363 2116 διὰ
1393 2059 1592 2139 χειρός,

247 2139 433 2219 Θηρί
449 2161 546 2198 ον·
573 2138 646 2206 ὣς
671 2140 774 2223 γάρ
799 2163 887 2218 μιν
915 2141 1156 2226 πρότεροι
1189 2145 1572 2224 διεφημίξαντο.

337 2231 476 2292 Ἀλλ’
499 2231 578 2292 ἔτι
605 2234 708 2316 γοίρ
733 2257 792 2293 τε
814 2234 904 2293 καὶ
934 2235 1062 2295 ἄλλο
1087 2239 1356 2318 περαιόθεν
1379 2239 1586 2299 ἕλκεται
1604 2240 1809 2322 ἄστρον·

247 2318 466 2401 ’Υδρη
483 2344 511 2379 ν
538 2343 629 2398 μιν
654 2319 918 2384 καλέουσι.
951 2323 1012 2382 τὸ
1043 2324 1098 2383 δὲ
1129 2325 1310 2394 ζώοντι
1339 2328 1500 2392 ἐοικὸς

127 2430 222 2470 445
251 2406 436 2479 ἠνεκὲς
458 2409 673 2466 εἰλεῖται
689 2454 706 2482 ,
733 2409 824 2468 καί
848 2413 894 2468 οἱ
916 2412 1117 2490 κεφαλὴ
1149 2413 1249 2470 ὑπὸ
1280 2412 1470 2489 μέσσον

251 2493 519 2576 Καρκίνον
539 2495 785 2568 ἱκνεῖται,
809 2496 994 2578 σπείρη
1024 2499 1067 2556 δ’
1095 2499 1193 2558 ὖπὸ
1218 2503 1372 2578 σῶμα
1397 2501 1639 2567 Λέοντος·

250 2580 382 2661 οὐρὴ
406 2580 460 2640 δὲ
486 2581 745 2661 κρέμαται
767 2582 896 2664 ὑπὲρ
922 2586 1077 2644 αὐτοῦ
1103 2588 1440 2667 Κενταύροιο.

251 2667 427 2748 μέσσῃ
461 2668 514 2727 δὲ
543 2670 728 2750 σπείρῃ
755 2674 891 2750 Κρη
908 2671 1051 2751 τήρ,
1071 2674 1287 2753 πυμάτῃ
1313 2676 1357 2733 δ’
1381 2675 1636 2734 ἐπίκειται

247 2755 465 2816 εἴδωλον
499 2757 790 2837 Κόρακος
815 2758 1032 2840 σπείρην
1053 2761 1294 2820 κόπτοντι
1319 2762 1498 2828 ἐοικός.

133 2859 228 2899 seo
335 2842 446 2902 Kal
467 2843 569 2919 μὴν
591 2844 681 2902 καὶ
704 2845 1017 2925 Προκύων
1042 2848 1285 2923 Διδύμοις
1305 2848 1405 2906 ὕπο
1425 2850 1564 2907 καλὰ
1592 2851 1806 2932 φαείνει.

235 2936 244 2943 “
331 2930 520 2989 Ταῦτά
545 2952 604 2989 κε
627 2930 850 3002 θηήσαιο
877 2932 1284 3014 παρερχομένων
1310 2937 1554 2994 ἐνιαυτῶν

247 3014 415 3087 ἑξείης
441 3016 712 3095 παλίνωρα
731 3041 744 3055 ·
767 3018 832 3075 τὰ
854 3016 956 3100 γὰρ
980 3019 1072 3077 καὶ
1090 3022 1263 3078 πάντα
1289 3022 1415 3097 μάλ’
1445 3023 1611 3088 αὕτως
1696 3093 1704 3102 ·

247 3106 455 3183 οὐρανῷ
483 3093 540 3161 εὗ
567 3102 810 3185 ἐνάρηρεν
836 3109 1119 3183 ἀγάλματα
1141 3108 1318 3175 νυκτὸς
1346 3108 1542 3181 ἰούσης.

331 3193 406 3251 Οἱ
430 3192 474 3249 δ’
505 3191 678 3269 ἐπιμὶξ
707 3193 857 3252 ἄλλοι
883 3194 1028 3254 πέντ’
1055 3194 1296 3279 ἀστέρες,
1321 3198 1465 3255 οὐδὲν
1494 3203 1659 3275 ὁμοῖοι

131 3292 218 3331 ⁴⁶⁵
247 3278 502 3337 πάντοθεν
527 3278 750 3338 εἰδώλων
773 3282 1082 3342 δυοκαίδεκα
1109 3286 1408 3345 δινεύονται.

247 3367 346 3423 οὐκ
371 3364 434 3423 ἂν
455 3365 528 3423 ἔτ’
555 3368 623 3432 εἰς
648 3366 833 3435 ἄλλους
855 3367 1016 3449 ὁρόων
1041 3371 1415 3453 ἐπιτεκμήραιο

246 3452 451 3524 κείνων,
473 3445 567 3531 ἧχι
589 3452 822 3526 κέονται,
844 3456 957 3515 ἐπεὶ
981 3456 1172 3523 πάντες
1194 3459 1530 3533 μετανάσται.

246 3538 445 3617 μακροὶ
475 3538 532 3597 δέ
555 3540 723 3621 σφεών
753 3544 880 3600 εἰσιν
907 3544 1252 3620 ἐλισσομένων
1275 3546 1528 3621 ἐνιαυτοί,

247 3626 432 3706 μακρὰ
455 3625 510 3683 δὲ
542 3627 756 3703 σήματα
785 3630 954 3687 κεῖται
977 3631 1267 3706 ἀπόπροθεν
1302 3635 1372 3699 εἷς
1399 3631 1451 3691 ἓν
1484 3633 1684 3696 ἰόντων.

135 3726 219 3765 ιω
245 3712 419 3771 οὐκέτι
450 3712 730 3791 θαρσαλέος
759 3716 942 3774 κείνων
969 3714 1074 3794 ἐγὼ
1097 3716 1274 3798 ἄρκιος
1304 3719 1414 3791 εἴην

248 3798 528 3857 ἀπλανέων
557 3800 622 3859 τά
643 3824 700 3859 τε
728 3800 897 3861 κύκλα
920 3803 986 3862 τά
1012 3808 1060 3863 τ’
1084 3804 1248 3885 αἰθέρι
1278 3806 1473 3883 σήματ’
1500 3812 1745 3869 ἐνισπεῖν.

328 3882 487 3945 Ἤτοι
514 3886 611 3964 μὲν
640 3888 765 3966 τάγε
794 3898 962 3949 κεῖται
995 3892 1206 3969 ἅλίγκια
1240 3894 1546 3969 δινωτοῖσιν,

243 3972 479 4055 τέσσαρα
495 4018 513 4049 ,
537 3978 640 4033 τῶν
669 3998 730 4033 κε
754 3975 983 4051 μάλιστα
1011 3977 1144 4049 ποθὴ
1172 3978 1351 4057 ὄφελός
1379 4004 1434 4039 τε
1456 3981 1654 4059 γένοιτο

249 4059 421 4141 μέτρα
443 4063 836 4141 περισκοπέοντι
859 4065 1222 4140 κατανομένων
1243 4068 1506 4129 ἐνιαυτῶν.

137 4172 216 4212 ιω
251 4148 470 4222 σήματα
495 4150 540 4206 δ’
565 4140 624 4206 εὗ
647 4150 792 4225 μάλα
812 4160 972 4209 πᾶσιν
996 4154 1279 4234 ἐπιῤῥήδην
1308 4156 1593 4236 περίκειται

245 4233 421 4292 πολλά
442 4258 498 4292 τε
526 4234 616 4293 καὶ
642 4236 884 4314 σχεδόθεν
913 4238 1084 4316 πάντῃ
1112 4242 1458 4321 συνεεργμὲνα
1485 4243 1678 4301 πάντα.

247 4320 399 4379 αὐτοὶ
423 4322 468 4379 δ’
494 4320 748 4390 ἀπλατέες
770 4325 861 4382 καὶ
884 4326 1131 4406 ἀρηρότες
1160 4328 1458 4398 ἀλλήλοισιν
1481 4380 1484 4385 .

243 4406 459 4475 πάντες·
486 4406 619 4489 ἀτὰρ
648 4409 822 4489 μέτρῳ
844 4435 904 4488 γε
932 4413 1038 4470 δύω
1068 4415 1208 4472 δυσὶν
1234 4417 1607 4495 ἇντιφέρονται.

331 4494 403 4553 Εἴ
423 4496 552 4554 ποτέ
576 4520 652 4554 τοι
681 4498 860 4564 νυκτὸς
882 4504 1141 4579 καθαρῆς,
1163 4500 1246 4559 ὅτε
1270 4502 1466 4569 πάντας
1491 4504 1710 4582 ἀγαυοὺς

139 4591 218 4631 ⁴²0
245 4580 469 4659 ἀστέρας
494 4582 778 4662 ἀνθρώποις
802 4586 1146 4645 ἐπιδείκνυται
1173 4588 1384 4666 οὐρανίη
1411 4590 1522 4661 νύξ,

245 4666 368 4725 οὐδέ
391 4692 466 4734 τις
493 4668 754 4748 ἀδρανέων
783 4671 992 4752 φέρεται
1023 4674 1263 4752 διχόμηνι
1299 4676 1520 4753 σελήνῃ,

247 4753 387 4813 ἀλλὰ
408 4754 534 4833 τάγε
561 4756 778 4837 κνέφαος
807 4760 1126 4838 διαφαίνεται
1147 4761 1262 4829 ὀξέα
1295 4764 1492 4836 πάντα,
1519 4798 1598 4809 -

243 4839 295 4898 εἴ
317 4840 444 4899 ποτέ
465 4865 542 4900 τοι
564 4843 793 4921 τῆμρσδε
811 4846 930 4927 περὶ
949 4846 1135 4927 φρένας
1151 4847 1290 4907 ἵκετο
1311 4856 1484 4926 θαῦμα

245 4929 557 5009 σκεψαμένῳ
578 4930 745 5011 πάντῃ
764 4934 1106 5010 κεκεασμένον
1129 4935 1266 5014 εὐρέϊ
1289 4936 1460 5016 κύκλῳ

145 5024 218 5066 ⁴⁷⁵
245 5014 479 5093 οὐρανόν,
503 5016 534 5087 ἢ
558 5018 648 5077 καί
670 5020 746 5086 τίς
765 5044 844 5079 τοι
868 5020 1077 5087 ἐπιστὰς
1098 5022 1251 5089 ἄλλος
1274 5023 1458 5091 ἔδειξεν

247 5108 385 5161 κεῖνο
404 5106 707 5182 περιγληνὲς
731 5108 1003 5187 τροχαλόν,
1030 5112 1074 5169 Γ
1088 5110 1207 5168 α’λα
1230 5135 1316 5186 μιν
1337 5112 1628 5173 καλέουσιν.

1904 509 1967 547 ex
1991 499 2090 548 alto
2110 497 2359 561 impegerit
2376 496 2633 548 veh-ens
2644 495 2777 548 venti
2796 495 3009 559 praedis

1902 584 1973 633 sic
1993 584 2273 648 improvisa,
2290 586 2436 646 etque
2456 584 2559 632 vela
2586 583 2747 633 omnia
2768 583 3035 634 turbaverit
3065 604 3077 634 ι

1904 671 2144 720 interdum
2162 671 2357 733 quidem
2374 669 2571 720 omnino
2588 670 2855 719 subversim
2878 669 3109 732 navigent
3120 707 3134 729 ‚

1902 758 2149 807 interdum
2171 771 2311 819 vero,
2331 757 2473 806 modo
2490 759 2661 807 Jovem
2682 757 3140 820 appropinquantem
3159 758 3285 807 nacti
3298 757 3393 808 sinit

1904 845 2139 907 supplices
2152 880 2165 904 ,
2187 845 2331 894 etiam
2354 846 2519 894 Boreoe
2540 844 2835 907 superaverit
2849 845 2981 894 venti
3004 844 3101 906 vis,

1903 934 2057 982 multa
2080 931 2219 980 valde
2234 930 2359 993 passi
2374 932 2536 980 tamen
2555 929 2771 980 revisunt

1904 1033 2005 1069 sese
2029 1032 2171 1081 super
2187 1019 2317 1068 nevi.
2383 1020 2614 1068 Austrum
2636 1020 2799 1068 eutem
2825 1017 2917 1068 sub
2948 1017 3083 1080 signo
3109 1018 3192 1068 illo

1902 1109 2090 1168 metue,
2114 1106 2267 1154 donec
2284 1109 2485 1155 Boream
2507 1105 2864 1155 deserenantem
2886 1105 3103 1155 senseris.

1905 1195 2086 1244 sivero
2111 1195 2173 1243 ab
2188 1193 2470 1244 occidentali
2486 1193 2681 1257 quidem
2701 1194 2821 1242 nuri
2848 1191 3073 1244 Cmtauri
3103 1192 3309 1242 abfuerit

1904 1281 2133 1331 humerus
2150 1317 2165 1343 ,
2181 1283 2416 1344 quantum
2431 1294 2462 1330 e
2475 1280 2619 1343 priori
2632 1296 2649 1342 3
2664 1280 2853 1330 modica
2870 1281 3033 1330 eutem
3062 1293 3175 1330 eum
3193 1281 3456 1332 occuluerit

1902 1371 2059 1432 ipsum
2070 1406 2085 1432 ‚
2104 1369 2297 1431 insuper
2315 1370 2477 1418 autem
2492 1368 2663 1418 similia
2680 1367 2813 1430 sigma
2828 1367 2975 1417 saciat
3250 1367 3449 1434 [nebula

1904 1470 2003 1505 nox
2019 1470 2133 1505 cum
2154 1455 2351 1505 omnino
2368 1455 2527 1506 lucida
2554 1461 2648 1506 Ara
2660 1491 2677 1517 ,
2701 1454 2961 1506 minimete
2976 1457 3165 1518 oportet

1903 1543 1965 1592 ad
1983 1545 2210 1594 Austrum
2224 1580 2239 1603 ‚
2263 1542 2347 1592 sed
2366 1544 2494 1592 circa
2506 1546 2691 1594 Eurum
2709 1541 2944 1606 speculari
2958 1545 3176 1593 ventum.

1964 1630 2183 1681 inventes
2198 1631 2361 1680 eutem
2380 1629 2513 1679 sidus
2524 1629 2643 1679 illud
2658 1629 2849 1679 duobus
2864 1631 3165 1693 suppositum
3184 1631 3287 1681 eliis
3303 1651 3315 1681 :

1902 1716 2046 1780 hujus
2062 1717 2188 1766 enim
2206 1719 2365 1779 partes
2398 1715 2582 1765 homini
2599 1716 2869 1765 assimilatoe
2898 1714 3060 1778 iacent
3076 1715 3200 1765 infra

1903 1805 2153 1868 Scorpium
2165 1842 2181 1867 ,
2209 1804 2492 1867 posteriores
2504 1817 2619 1854 vero
2637 1804 2837 1866 equinas
2854 1803 2945 1852 sub
2960 1817 3012 1853 se
3037 1803 3201 1853 chelae
3224 1804 3400 1854 liabent
3420 1825 3432 1854 ι

1901 1893 1953 1942 αι
1974 1892 2015 1942 is
2030 1873 2257 1942 dextrarii
2276 1892 2506 1942 continuo
2526 1891 2753 1956 pandenti
2776 1890 2944 1941 simius
2962 1893 3036 1940 est

1902 1982 2069 2031 contra
2088 1979 2343 2029 rotundam
2366 1985 2531 2030 Aram.
2593 1981 2652 2029 ln
2670 1992 2727 2028 eo
2746 1979 2865 2028 item
2876 1979 3081 2028 strictim

1903 2067 1997 2116 alia
2018 2066 2157 2116 valde
2178 2079 2349 2130 prensa
2367 2069 2441 2116 est
2454 2103 2469 2128 ‚
2489 2065 2637 2116 ducta
2657 2079 2743 2129 per
2764 2079 2961 2114 manum
2979 2101 2993 2127 ‚

1902 2157 2048 2214 Fera;
2071 2154 2142 2204 sic
2154 2163 2365 2216 namque
2377 2166 2483 2204 eam
2501 2151 2683 2216 priores
2701 2153 3019 2214 appellarunt.

1966 2242 2205 2291 Proeterea
2222 2239 2355 2290 aliud
2370 2253 2567 2302 quoque
2584 2242 2771 2288 minus
2789 2239 2998 2290 volvitur
3018 2239 3177 2302 sidus;

1904 2327 2113 2390 Hydram
2132 2341 2237 2376 eam
2268 2329 2474 2390 vocant3
2494 2327 2545 2376 id
2570 2340 2683 2377 vero
2703 2327 2813 2376 vivo
2839 2327 2994 2377 simile

1902 2414 2169 2477 longissime
2189 2415 2468 2476 volutatum
2487 2417 2635 2477 etque
2664 2415 2707 2464 ei
2730 2415 2875 2478 caput
2895 2414 2985 2464 sub
3006 2413 3221 2464 medium

1904 2505 2146 2553 cenerum
2171 2503 2363 2566 pergit:
2391 2502 2622 2553 volumen
2644 2515 2758 2552 vero
2781 2503 2872 2553 sub
2890 2515 3061 2566 corpus
3078 2503 3251 2553 Leonis
3273 2523 3287 2556 z

1901 2590 2052 2640 cauda
2068 2603 2211 2654 porro
2228 2589 2405 2653 pendet
2419 2603 2565 2654 super
2580 2589 2683 2654 ipso
2702 2593 2957 2640 Centauro.

1902 2682 1969 2728 Ac
1985 2677 2141 2728 medio
2157 2677 2391 2728 volumini
2408 2679 2596 2739 crater,
2619 2679 2837 2728 extremo
2857 2680 3021 2728 autem
3046 2677 3218 2728 insidet

1900 2765 2209 2814 simulacrum
2226 2765 2372 2816 Corvi
2386 2801 2403 2828 ‚
2427 2765 2605 2828 spiram
2627 2764 2867 2815 mordenti
2881 2765 3050 2814 simile.

1962 2857 2110 2902 Porro
2132 2856 2183 2903 et
2202 2856 2419 2916 Procyon
2445 2853 2543 2904 sul>
2564 2853 2781 2904 Geminis
2802 2853 3003 2915 pulchre
3020 2853 3166 2902 lucet.

1964 2945 2081 2991 Haec
2097 2954 2212 2991 sane
2234 2941 2475 3004 speculari
2504 2941 2681 3003 poteris
2694 2940 3058 2991 decurrentibus
3078 2941 3239 3001 annia,

1901 3042 1963 3079 ex
1984 3029 2153 3078 ordine
2172 3028 2271 3078 suis
2294 3028 2423 3077 horis
2442 3028 2691 3079 redeuntis
2706 3044 2720 3087 ;
2734 3039 2796 3077 ea
2814 3040 3024 3091 nemque
3040 3029 3201 3077 omnia
3218 3028 3451 3078 stabiliter

1899 3118 2021 3167 coelo
2042 3118 2153 3178 apte
2168 3114 2313 3165 infixa
2328 3116 2442 3164 sunt
2463 3113 2717 3165 simulacre
2734 3154 2748 3175 ,
2768 3116 2909 3164 nocte
2924 3114 3131 3164 labante.
3260 3114 3414 3179 [miles
3429 3153 3445 3177 ,

1960 3204 2025 3253 At
2043 3202 2309 3266 promiscue
2331 3201 2437 3251 sliae
2454 3201 2671 3263 quinque
2684 3202 2853 3263 stellae,
2868 3200 3241 3265 haudquaquam
3256 3204 3367 3253 illis
3388 3204 3445 3252 si·

1900 3290 2109 3352 undique
2130 3303 2215 3351 per
2234 3289 2367 3351 signa
2392 3287 2648 3339 duodecim
2665 3290 2933 3339 versanmr.

1898 3380 2002 3429 Non
2026 3376 2191 3427 itidem
2209 3376 2325 3427 alias
2346 3375 2579 3427 intuendo
2596 3376 2924 3437 coniecturam
2940 3374 3101 3427 facere
3112 3377 3291 3440 poteris

1896 3465 1957 3514 de
1978 3466 2078 3526 his,
2098 3464 2180 3513 ubi
2206 3465 2311 3515 sitae
2326 3463 2453 3527 sint3
2470 3463 2699 3525 quoniam
2718 3477 2885 3514 omnes
2906 3464 3202 3529 vagabunde}
3224 3467 3350 3515 siint.

1898 3554 2043 3615 Longi
2064 3554 2229 3602 autem
2253 3564 2421 3603 earum
2438 3553 2552 3602 sunt
2574 3551 2925 3601 revolventium
2942 3551 3057 3601 anni
3070 3588 3088 3615 ,

1896 3642 1945 3690 et
1954 3653 2058 3690 sere
2064 3640 2197 3703 signa
2210 3639 2364 3703 posita
2378 3640 2493 3689 sunt
2504 3652 2533 3689 e
2549 3640 2807 3702 longinquo
2823 3640 2874 3689 in
2890 3652 3043 3689 unum
3056 3640 3443 3690 commeantium.

1896 3728 2092 3777 Minime
2109 3726 2423 3777 confidensed
2446 3726 2533 3776 has
2552 3726 2881 3789 monendas
2896 3761 2913 3788 ,
2932 3725 3115 3777 numm
3133 3728 3315 3777 valeam
3332 3728 3446 3778 satis

1896 3816 2101 3865 fixarum
2123 3816 2172 3864 et
2197 3814 2403 3863 circulos
2422 3816 2473 3863 et
2487 3814 2539 3863 in
2554 3814 2676 3863 coelo
2698 3812 2830 3877 signa
2855 3814 3048 3863 referre.

1957 3905 2104 3952 Porro
2124 3901 2173 3951 hi
2190 3902 2385 3964 quidem
2402 3903 2648 3963 ponuntur
2664 3901 2845 3950 similes
2861 3901 3064 3951 tornntis
3076 3937 3093 3964 ‚
3279 3900 3422 3967 [cidit

1894 3991 2140 4053 quattuor,
2160 4000 2365 4051 quorum
2384 3987 2597 4037 maxime
2612 3985 2903 4037 desiderium
2930 3986 3343 4053 commoditasque
3360 4003 3441 4039 ac·

1893 4090 2139 4126 mensuras
2157 4074 2427 4125 observanti
2451 4074 2795 4138 complentium
2812 4087 2865 4125 se
2886 4086 3141 4126 annorum.
3309 4076 3440 4141 [suut

1895 4164 2073 4213 indicia
2104 4164 2269 4212 autem
2291 4162 2503 4212 maxime
2532 4162 2759 4212 omnibus
2778 4162 3001 4213 distincte
3034 4162 3247 4227 undique
3287 4165 3437 4227 posite

1892 4251 2139 4312 multaque
2155 4253 2204 4298 et
2222 4250 2375 4299 vicine
2396 4249 2575 4311 ubique
2596 4250 2855 4310 coniuncta
2872 4250 3049 4301 omnia.

1891 4340 1952 4387 At
1974 4338 2059 4399 ipsi
2085 4336 2267 4387 circuli
2282 4340 2406 4387 sunt
2423 4337 2608 4398 angusti
2630 4338 2679 4386 et
2700 4337 2849 4399 aptati
2866 4336 2957 4387 sibi
2972 4337 3179 4388 invicem

1801 4480 1810 4489 ,
1888 4438 2054 4473 omnes
2073 4440 2084 4471 :
2103 4424 2187 4473 sed
2202 4422 2525 4485 magnitudine
2543 4422 2639 4471 duo
2657 4421 2845 4472 duobus
2861 4422 3161 4484 respondent.
3182 4466 3188 4473 .

1950 4512 1999 4561 Si
2016 4510 2206 4573 quando
2232 4510 2378 4573 igitur
2393 4512 2536 4559 nocte
2557 4510 2687 4559 clare
2699 4545 2713 4570 ,
2728 4522 2883 4573 quum
2906 4522 3075 4560 omnes
3091 4510 3273 4561 lucidas

1886 4598 2047 4649 stellas
2064 4597 2337 4648 bominibus
2361 4596 2569 4647 ostendit
2586 4596 2785 4646 aetlieria
2802 4608 2899 4646 nox
2913 4632 2931 4659 ‚

1884 4700 2039 4749 neque
2061 4686 2161 4735 ulla
2178 4684 2401 4748 languida
2420 4686 2569 4736 fertur
2591 4685 2735 4747 plena
2757 4685 2873 4733 luna
2887 4720 2906 4746 ,

1883 4785 2051 4822 verum
2070 4786 2155 4835 per
2170 4772 2419 4835 caliginem
2435 4773 2597 4822 lucent
2615 4772 2859 4834 perspicue
2871 4774 3062 4832 omnin

1883 4860 1923 4910 si
1946 4860 2138 4923 quando
2159 4861 2299 4922 igitur
2320 4862 2438 4909 tunc
2454 4860 2503 4909 in
2523 4860 2739 4909 animum
2755 4858 2939 4908 venerit
2959 4859 3211 4909 admiratio

1803 4954 1816 4969 ·
1886 4948 2227 5011 contemplanti
2246 4949 2401 4997 totum
2418 4948 2627 4997 divisum
2644 4947 2851 5009 spatioso
2870 4946 3051 4997 circulo

1883 5035 2059 5084 eoelurn
2077 5071 2091 5096 ,
2111 5036 2188 5085 vel
2206 5036 2246 5085 si
2262 5036 2371 5097 quis
2391 5035 2581 5084 adstans
2604 5034 2725 5085 alius
2740 5034 3082 5085 monstraverit

1880 5123 2013 5173 illum
2040 5123 2373 5173 mustelinam
2388 5123 2555 5173 orbem
2568 5158 2583 5184 ,
2600 5126 2695 5173 uc
2710 5122 2866 5185 imm
2882 5126 3083 5173 vocant.
