3767 5825
384 458 423 527 is·
1728 454 2169 541 PRAEFATffl.

383 601 562 657 esset
604 588 744 658 nisi
784 603 863 658 ut
915 613 1127 659 suum
1190 588 1454 684 cuique
1491 589 1565 659 in
1600 586 2055 660 collectaneis
2120 590 2296 657 meis
2341 588 2778 673 tribuerem,
2844 584 3116 678 ubique
3166 582 3542 677 diligenter

382 720 713 791 consului
748 720 1028 792 criticas
1062 720 1301 817 copias
1334 721 1878 793 Gaisfordianas.
1911 724 2003 792 lis
2053 737 2289 792 autem
2337 717 2628 812 adjunxi
2664 715 3048 785 editionem
3081 766 3098 801 ,
3148 738 3365 809 quam
3409 719 3538 783 Lu-

382 856 571 923 tetiae
620 853 1053 923 Panteiorum
1106 878 1168 924 a.
1226 854 1407 925 1828
1452 853 1741 925 duobus
1787 854 2285 925 voluminibus
2317 851 2647 921 emissam
2682 848 2956 921 curavit
3006 852 3071 916 J.
3109 852 3187 917 Β.
3235 846 3422 930 Gaii,
3467 860 3540 914 et

380 1007 595 1078 quam
640 984 883 1056 nullus
926 984 1073 1057 huc
1120 1011 1351 1082 usque
1389 1012 1471 1057 ex
1524 986 1923 1057 editoribus
1956 1039 1973 1074 ,
2027 1008 2338 1080 quorum
2385 1006 2604 1080 opera
2658 979 3080 1050 emendatus
3125 977 3536 1048 Theocritus

379 1129 622 1211 postea
665 1108 976 1212 prodiit,
1045 1118 1120 1189 in
1182 1142 1397 1189 usum
1435 1120 1738 1189 vocavit.
1794 1117 2072 1189 Gailius
2129 1142 2392 1187 novam
2436 1129 2504 1184 et
2564 1115 2906 1208 integram
2963 1112 3291 1182 omnium
3351 1134 3536 1204 quos

376 1261 612 1316 servat
654 1248 867 1343 Regia
898 1248 1346 1319 Bibliotheca
1400 1249 1707 1320 Parisina
1750 1248 2084 1321 codicum
2141 1248 2597 1318 collationem
2635 1243 3162 1343 suppeditavit,
3206 1242 3331 1313 sed
3383 1265 3530 1311 non

375 1374 658 1449 addidit
694 1379 877 1475 quid
925 1379 1324 1475 significent
1362 1380 1615 1451 litterae
1650 1385 1728 1450 A.
1768 1386 1838 1450 B.
1878 1384 1956 1451 C.
1997 1384 2084 1449 D.
2125 1404 2356 1475 usque
2404 1378 2496 1450 ad
2541 1379 2850 1449 litteram
2899 1380 2975 1445 Z.
3005 1429 3024 1464 ,
3069 1375 3334 1470 quibus
3391 1374 3534 1443 sin-

373 1509 577 1601 gulos
613 1509 900 1581 codices
946 1508 1293 1582 distinxit.
1360 1515 1537 1582 Nam
1591 1535 1740 1608 quo
1802 1514 2043 1582 minus
2102 1512 2395 1581 tertium
2453 1510 2840 1597 volumen,
2888 1510 2956 1578 in
2999 1532 3149 1603 quo
3193 1507 3526 1579 codicum

369 1634 961 1713 Theocriteorum
1024 1642 1353 1714 notitiam
1421 1659 1491 1714 et
1534 1659 1815 1714 aetatem
1886 1646 2338 1741 expositurus
2404 1658 2593 1731 erat,
2641 1641 3044 1713 absolveret
3105 1653 3336 1710 morte
3399 1637 3533 1707 im-

372 1772 659 1869 peditus
719 1790 849 1845 est.
900 1778 1056 1845 Jam
1108 1799 1280 1846 vero
1347 1774 1621 1871 aliquot
1668 1775 1960 1847 codices
2026 1777 2152 1872 qui
2220 1776 2363 1845 sint
2419 1790 2491 1845 et
2540 1775 2830 1870 quales,
2897 1772 3105 1843 facile
3150 1786 3254 1841 est
3315 1794 3526 1867 repe-

370 1906 554 1995 rire,
609 1904 737 1978 ubi
790 1907 1214 2003 farraginem
1269 1905 1667 1978 lectionum
1722 1908 2144 1979 variantium
2198 1907 2595 1978 Gailianam
2649 1906 3040 1978 contuleris
3085 1930 3249 1976 cum
3309 1930 3532 1999 appa·
3627 1896 3636 1907 ’

366 2053 523 2108 ratu
557 2038 1089 2110 Gaisfordiano.
1141 2038 1283 2110 Sed
1321 2040 1412 2110 de
1462 2041 1587 2139 ii5‚
1631 2064 1793 2136 quae
1850 2065 1999 2112 non
2036 2040 2327 2111 aliunde
2364 2041 2643 2136 cognita
2693 2054 2760 2110 et
2814 2065 2896 2109 ex
2957 2042 3146 2109 MSS.
3193 2035 3532 2107 nondum·

363 2168 642 2240 collatis
669 2168 1101 2269 deprompta
1138 2172 1467 2243 continet
1503 2170 1724 2243 editio
1754 2172 1997 2260 Gailii,
2050 2188 2247 2243 certo
2274 2173 2598 2266 judicare
2628 2196 2776 2241 non
2821 2185 3053 2266 potui.
3093 2172 3249 2239 Huc
3293 2192 3534 2239 acces·

358 2311 452 2382 sit
487 2311 688 2406 quod
732 2312 941 2382 Gailii
982 2311 1159 2384 fides
1198 2327 1269 2383 et
1307 2312 1551 2409 religio
1590 2312 1785 2409 apud
1812 2314 1994 2385 alios
2030 2316 2418 2411 scriptores
2459 2316 2878 2383 Graecorum
2918 2314 2994 2381 in
3033 2311 3524 2407 suspicionem

363 2459 615 2515 vocata
668 2459 809 2531 est,
849 2460 919 2515 et
956 2444 1155 2540 quod
1193 2445 1386 2541 apud
1418 2444 1875 2516 Theocritum
1923 2471 2218 2542 quoque
2255 2470 2803 2540 nonnumquam
2850 2468 3016 2514 eum
3053 2443 3332 2537 lapsum
3370 2465 3530 2510 esse

360 2575 855 2673 animadverti.
903 2583 1031 2665 Ita,
1068 2594 1151 2648 ut
1187 2602 1416 2648 unum
1449 2578 1961 2650 tantummodo
2000 2578 2366 2675 specimen
2429 2570 2686 2649 addzi'm
2713 2630 2731 2665 ‚
2785 2577 2859 2646 in
2897 2574 3095 2671 idyll.
3129 2580 3179 2644 Ι.
3224 2574 3379 2659 143.
3417 2572 3526 2643 af-

358 2710 491 2780 fert
524 2742 557 2776 α
582 2706 761 2781 Δίδοι
801 2710 872 2782 d.
905 2744 939 2776 υ
971 2711 1177 2805 quasi
1210 2735 1297 2781 ex
1332 2709 1922 2781 codice-enotata
1964 2726 2145 2781 esset
2203 2712 2574 2807 scriptura.
2629 2718 2712 2781 At
2771 2711 2888 2782 illa
2941 2709 3177 2780 littera
3226 2722 3380 2777 orta
3432 2730 3521 2775 ex

355 2841 649 2915 nomine
692 2842 1019 2914 Danielis
1052 2843 1325 2915 Heinsii
1356 2841 1553 2941 apud
1584 2842 2068 2915 Gaisfordium
2097 2896 2115 2932 ‚
2170 2844 2370 2940 quod
2405 2823 2683 2916 Gailius
2724 2868 3098 2941 perperam
3146 2840 3524 2911 intellexit,

350 2977 466 3048 Sic
512 2976 691 3048 alios
728 3001 1003 3049 errores
1039 3003 1331 3075 possem
1365 2977 1698 3073 adjicere.
1753 2982 1998 3074 ltaque
2031 2977 2371 3074 precibus
2409 2977 2551 3048 adii
2597 2978 3023 3048 Friderc'cum
3075 2975 3481 3048 Dabnerum

352 3121 433 3177 ut
466 3107 741 3204 aliquot
780 3106 1067 3178 codices
1104 3109 1463 3179 Parisinos
1504 3133 1542 3179 a
1587 3133 1704 3178 me
1740 3108 2100 3182 indicatos
2150 3108 2393 3179 denuo
2448 3110 2522 3178 in
2570 3135 2808 3180 meum
2867 3133 3081 3180 usum
3107 3108 3521 3194 conferret,

348 3263 497 3335 quo
539 3239 799 3309 certius
823 3239 1148 3334 judicare
1184 3264 1473 3336 possem
1521 3240 1613 3310 de
1664 3240 1877 3312 Gailii
1934 3239 2080 3311 fide
2130 3257 2200 3310 et
2249 3240 2620 3335 religione.
2683 3247 2914 3336 Atque
2958 3241 3067 3309 vir
3107 3239 3226 3310 ille
3261 3239 3518 3309 soller-

350 3370 659 3440 tissimus
700 3371 937 3441 statim
985 3372 1163 3442 meis
1205 3372 1543 3469 precibus
1584 3373 1840 3443 annuit
1867 3387 1938 3443 et
1967 3389 2217 3470 postea
2244 3373 2336 3443 ad
2371 3398 2487 3443 me
2523 3373 2717 3443 misit
2750 3373 3212 3443 collationem
3244 3371 3516 3442 horum

345 3500 679 3573 codicum
723 3527 740 3571 ε

431 3735 475 3770 ι.
514 3711 690 3792 Apud
718 3711 1114 3770 Gaisfordium
1147 3713 1259 3771 335
1302 3713 1491 3792 [error
1523 3735 1831 3794 operarum
1866 3741 1977 3798 pro
2011 3717 2188 3799 3335]
2208 3764 2225 3796 ,
2269 3721 2446 3782 hodie
2478 3741 2566 3781 nr.
2599 3721 2750 3780 2835
2785 3724 2906 3779 sive
2936 3725 3000 3779 Ρ.
3039 3705 3206 3797 apud
3235 3715 3516 3776 Gailium.

342 3838 449 3878 sec.
478 3823 632 3877 xlv.

419 3943 473 3981 2.
514 3922 687 4001 Apud
722 3921 901 3980 Gaisf.
942 3925 1109 3994 1513,
1140 3923 1319 3982 hodie
1344 3945 1426 3982 nr.
1462 3929 1613 3986 2831
1650 3931 1773 3990 sive
1790 3937 1858 3989 L.
1884 3933 2042 4010 apud
2073 3935 2238 4006 Gaii„
2267 3933 2540 4010 bombyc.
2561 3954 2670 3992 sec.
2703 3937 2855 3993 XIV.
2885 3933 3045 4011 [Non
3070 3942 3229 3989 recte
3255 3929 3520 3988 Adertus

338 4028 598 4087 codicem
628 4027 933 4105 adscripsit
956 4030 1151 4086 seculo
1180 4030 1376 4108 xlm]

418 4144 471 4202 Ι..
514 4133 687 4212 Apud
715 4133 893 4192 Gaisf.
921 4142 1073 4210 ²794
1091 4179 1108 4206 ‚
1128 4135 1306 4194 hodie
1330 4157 1417 4194 nr.
1447 4143 1601 4210 2726
1631 4141 1753 4200 sive
1775 4147 1848 4202 D.
1880 4143 2038 4221 apud
2065 4147 2214 4204 Gail.

412 4253 467 4307 6.
510 4247 684 4327 Apud
716 4248 894 4308 Gaisf.
926 4249 1182 4308 Colbert.
1236 4253 1423 4330 1193,
1466 4253 1641 4314 hodie
1681 4277 1770 4315 nr.
1810 4277 1960 4330 27²¹
2011 4261 2134 4318 sive
2171 4265 2233 4318 B.
2263 4261 2416 4336 apud
2448 4262 2596 4319 Gail.
2633 4282 2749 4324 sec.
2799 4265 2907 4320 XV
2953 4273 3193 4319 auctore
3224 4259 3519 4318 Diibnero

334 4352 555 4432 [Adert.
582 4375 693 4413 sec.
717 4353 899 4432 xlv}

410 4483 469 4537 9.
518 4461 690 4539 Apud
718 4462 900 4520 Gaisf.
943 4462 1196 4524 Colbert.
1228 4467 1385 4534 6443
1404 4509 1421 4538 ,
1450 4467 1625 4527 hodie
1650 4491 1736 4529 nr.
1771 4474 1924 4542 2884
1953 4476 2076 4533 sive
2103 4480 2169 4550 Q.
2200 4475 2356 4553 apud
2393 4476 2568 4548 Gail.‚
2611 4475 2882 4553 bombyc.
2923 4476 3159 4554 optimae
3199 4488 3351 4532 notae
3389 4493 3518 4533 sec.

333 4571 493 4625 xm.

418 4693 506 4730 10.
548 4673 725 4751 Apud
752 4674 932 4733 Gaisf.
959 4679 1173 4754 Regius
1200 4675 1353 4754 3378
1372 4727 1388 4756 ‚
1412 4685 1587 4742 hodie
1624 4687 1775 4742 2832
1808 4689 1930 4745 sive
1957 4692 2033 4746 M.
2059 4688 2215 4766 apud
2247 4689 2394 4780 Gail.
2429 4689 2536 4767 (Ex
2569 4689 2680 4746 hoc
2709 4688 2909 4746 codice
2938 4688 3265 4766 descriptus
3293 4699 3376 4744 est
3411 4707 3515 4746 nr.

334 4779 487 4837 2812
516 4780 639 4839 sive
658 4784 737 4842 R.
762 4781 920 4860 apud
945 4783 1116 4864 Gaii.)
1143 4785 1414 4868 bombyc.
1436 4791 1672 4870 optimae
1704 4805 1857 4850 notae
1882 4815 1994 4852 sec.
2023 4799 2185 4856 XIII.

427 4982 705 5079 Optimi
742 4983 928 5056 inter
952 4985 1244 5058 codices
1281 4989 1640 5059 Parisinos
1682 5006 1851 5060 sunt
1883 5015 1931 5085 9
1965 4991 2111 5059 sive
2151 4995 2241 5076 Q.
2299 5007 2367 5062 et
2423 5017 2507 5063 10
2557 4993 2706 5064 sive
2751 4993 2842 5062 M.
2866 4993 2957 5088 (⁴¹)
2997 4989 3095 5060 Ex
3133 4990 3516 5086 scripturae¹

414 5174 482 5250 (⁶)
520 5178 730 5233 Veram
758 5195 883 5234 esse
907 5177 1372 5256 descriptionem,
1398 5203 1571 5258 quam
1601 5183 1675 5242 de
1710 5183 1799 5240 his
1821 5181 2050 5240 duobus
2073 5184 2375 5243 codicibus
2403 5185 2565 5244 dedit
2592 5184 3046 5244 Sanctamandus
3067 5183 3220 5259 apud
3247 5184 3516 5244 Gaisfor*

330 5277 488 5340 dium
502 5323 519 5351 ,
550 5279 693 5338 mihi
718 5280 933 5342 diserte
952 5285 1236 5346 indicavit
1258 5287 1587 5349 Dubnerus.
