3767 5825
1063 485 1404 545 DIONYSH
1445 484 1549 544 DE
1592 480 1883 542 AVIBUS
1933 480 2078 540 LlB.
2129 479 2244 538 111.

127 609 256 672 XV.
294 607 605 690 Κάλανδρον
630 608 675 668 δ’
703 609 798 666 οὗκ
837 607 903 666 ἄν
938 631 1013 674 τις
1048 605 1157 666 ἕλοι
1192 607 1405 686 ῥαδίως,
1438 608 1486 664 εἷ
1505 586 1603 681 ’μὴ

3159 485 3181 534 1
3195 484 3226 534 2
3235 486 3282 534 5·

1763 614 1869 661 XV.
1887 609 2182 660 calandrum
2195 622 2338 658 nemo
2356 608 2498 658 facile
2515 608 2714 670 ceperit,
2729 605 2820 656 nisi
2840 605 2930 654 reti
2939 605 3080 668 juxta
3096 617 3274 669 aquam

56 698 259 768 πλησίον
306 696 495 762 ὕδατος
537 695 647 767 θείη
677 695 736 754 τὸ
772 695 942 754 λίνον·
982 700 1010 754 ὅ
1040 695 1135 772 μὲν
1180 693 1283 774 γὰρ
1322 699 1413 753 τοῦ
1444 697 1607 752 ποτοῦ
1700 723 1900 771 extenso
1923 719 1988 770 ab
2013 733 2198 782 aucupe
2216 719 2356 781 juxta
2387 718 2439 768 in
2463 719 2658 780 tugurio
2681 717 2927 778 latitante,
2951 717 3035 780 qui
3053 729 3194 766 avem
3213 716 3277 767 ad

54 785 247 862 χρῄζων
274 785 665 864 προσίπταται,
696 787 725 843 ὁ
766 784 811 841 δ’
841 785 1095 866 ἀγρευτὴς
1129 783 1258 850 τέως
1298 785 1351 841 ἐν
1396 779 1604 859 καλύὸῃ

56 875 309 935 λανθάνων
330 872 424 934 καὶ
447 873 715 933 ἐπιτείνων
741 872 907 955 νεύρῳ
929 873 991 932 τὸ
1012 873 1243 950 δίκτυον,
1267 870 1484 930 πίνοντα
1508 892 1607 928 κα-

54 959 191 1040 λύψει
216 962 305 1021 τὸν
336 963 653 1040 κάλανδρον.

126 1051 279 1112 XVI.
336 1052 625 1132 Θηρῶνται
680 1051 724 1109 δ’
778 1051 871 1110 καὶ
919 1050 1190 1130 τρυγόνες,
1246 1050 1398 1129 δίψης
1448 1045 1611 1114 αὐτὰς

58 1137 269 1216 ἀγούσης
290 1139 381 1199 ἐπὶ
411 1138 611 1218 πηγὴν,
638 1131 701 1211 ἧς
728 1138 822 1198 καὶ
850 1139 1073 1211 πλησίον
1102 1143 1131 1196 ὁ
1164 1137 1393 1218 θηρατὴς
1430 1137 1611 1194 κάλα-

61 1249 145 1300 μον
169 1225 365 1302 ἵστησι,
388 1226 558 1309 πτερὰ
579 1227 679 1284 ἀπ’
706 1227 870 1308 ἄκρου
893 1226 1221 1308 προσδήσας,
1253 1216 1325 1284 ὧν
1350 1228 1385 1295 ἡ
1413 1223 1613 1294 κίνησις

60 1313 217 1373 διώκει
238 1339 297 1374 τε
323 1315 419 1375 καὶ
456 1315 611 1396 φοὸεῖ
648 1316 891 1374 πλεῖστον
926 1313 1087 1383 αὐτάς
1104 1338 1119 1352 ·
1144 1313 1261 1372 ἀλλ’
1283 1313 1465 1393 ἑτέραν
1497 1309 1614 1369 τινὰ

60 1405 297 1484 πρότερον
342 1404 671 1482 εἰλημμένην
714 1403 1053 1464 κατατίθεται
1088 1401 1309 1474 πλησίον
1356 1399 1577 1481 τρυγόνα
1597 1445 1612 1470 ,

58 1491 115 1560 ἣν
162 1492 479 1570 θεασάμεναι
551 1493 643 1552 καὶ
695 1501 1035 1571 προσπτᾶσαι
1090 1489 1423 1562 καθέζονται,
1479 1487 1613 1546 οὕτω

57 1579 98 1636 τ’
122 1581 517 1660 ἐφελκυσθέντος
546 1585 815 1662 αἱροῦνται
842 1587 933 1640 τοῦ
962 1580 1123 1639 λίνου.

126 1671 308 1730 XVII.
338 1667 545 1730 Γλαυκὶ
572 1669 626 1728 δὲ
656 1672 710 1728 αἱ
747 1669 1083 1750 κορυδαλίδες
1120 1665 1428 1745 ἀγρεύονται
1448 1712 1464 1741 ,
1499 1665 1563 1736 ἣν
1587 1669 1615 1723 ὃ

60 1757 275 1838 θηρατὴς
324 1757 415 1816 ἐπί
462 1781 601 1824 τινος
640 1759 849 1839 χαλκῆς
892 1747 1091 1830 στήσας
1119 1755 1300 1835 ἁψῖδος
1348 1753 1614 1824 τινάσσει,

64 1846 261 1928 σπάρτα
288 1849 525 1929 συνεχῶς
548 1847 819 1906 ἐπιτείνων
849 1845 941 1905 καὶ
975 1844 1201 1924 περιθεὶς
1227 1843 1404 1923 κύκλῳ
1426 1841 1614 1923 ῥαὸδία

62 1937 427 2017 προχρισθέντα
456 1934 575 2018 ἰξῷ.
660 1935 775 2009 Τὴν
798 1937 1005 2015 γλαῦκα
1044 1933 1105 1991 τὸ
1126 1931 1417 2012 νυκτερινὸν
1442 1931 1615 2012 ὄρνεον

64 2023 357 2084 σπεύδουσιν
403 2027 459 2084 αἱ
490 2024 823 2105 κορυδαλίδες
859 2023 1025 2095 ἑλεῖν,
1053 2024 1131 2104 τῷ
1172 2025 1219 2079 τ’
1250 2019 1341 2101 ἰξῷ
1373 2019 1463 2078 καὶ
1504 2019 1617 2085 ταῖς

66 2111 253 2190 ideam
280 2113 611 2173 ἁλίσκονται.

134 2203 341 2264 XVIII.
376 2202 513 2263 Ἐπὶ
546 2202 605 2261 δὲ
648 2201 769 2271 τοὺς
796 2199 1025 2272 ὀξυὸόας,
1044 2197 1276 2268 κολοιοὺς
1304 2197 1520 2270 τοιαύτη
1542 2221 1619 2264 τις

69 2287 186 2370 ἄγρα
225 2289 713 2371 παρασκευάζεται·
766 2291 958 2374 ράὅδον
992 2289 1081 2348 ἐπὶ
1125 2295 1191 2370 τῇ
1229 2294 1297 2368 γῇ
1339 2291 1419 2348 δεῖ
1455 2285 1617 2360 πῆξαι

74 2377 282 2458 αακρᾶν,
311 2380 372 2439 lit
400 2378 657 2461 μηρίνθου
684 2380 727 2439 δ’
757 2383 893 2459 αὐτῇ
930 2377 1201 2460 προσάψαι
1232 2378 1439 2458 βρόχον,
1472 2377 1618 2458 μέσῳ

70 2466 107 2520 θ’
134 2463 428 2547 ὓπληγγα,
468 2466 587 2536 τοὺς
623 2467 942 2549 ἑκατέρωθεν
976 2467 1166 2545 λύγους
1200 2470 1266 2545 τῇ
1298 2471 1617 2546 περιστροφῇ

70 2555 417 2618 καλύπτοντα·
470 2559 558 2616 ἐπ’
622 2557 785 2638 ἄκρου
844 2556 891 2616 δ’
931 2557 1093 2628 αὐτῆς
1140 2554 1370 2614 κείσεται
1420 2555 1620 2634 καρπὸς

72 2643 247 2722 ἱλαίας,
268 2643 499 2704 κατευθὺ
522 2644 843 2726 τεταγμένου
871 2650 961 2704 τοῦ
993 2643 1185 2725 βρόχου
1204 2688 1219 2715 ,
1246 2634 1306 2701 οἷ
1330 2646 1375 2702 εἰ
1398 2645 1623 2725 ἐπιψαύ-

76 2753 230 2790 σουσιν
254 2735 303 2792 οἱ
330 2733 563 2808 κολοιοὶ,
598 2738 634 2807 ἡ
670 2732 764 2814 μὲν
788 2732 1029 2812 ὕσπληγξ
1065 2731 1465 2804 κατολισθαίνει,
1492 2735 1623 2790 ἐνει-

72 2819 290 2897 λιχθεῑσα
326 2823 376 2880 δ’
408 2826 445 2894 ἡ
490 2821 680 2904 ῥοίὸδος
714 2826 957 2900 ὀρθοῦται
985 2821 1077 2881 καὶ
1118 2820 1206 2879 τὸν
1239 2820 1430 2901 βρόχον
1463 2819 1623 2890 οὕτως

76 2907 329 2989 ἐφέλκεται
344 2956 363 2983 ,
386 2909 529 2971 ὥστε
550 2915 655 2971 τῶν
680 2914 899 2972 κολοιῶν
935 2909 1053 2979 τοὺς
1088 2908 1384 2990 τραχήλους
1415 2910 1623 2990 ληφθῆ-

76 3020 164 3057 ναι.
192 2999 299 3059 Καὶ
324 2999 425 3069 τὰς
446 3000 633 3069 κίσσας
649 3000 705 3059 δὲ
722 3000 863 3061 κατὰ
888 3000 978 3059 τὸν
1000 2998 1155 3059 αὐτὸν
1168 2997 1361 3079 τρόπον
1387 3001 1621 3080 αἱροῦσιν

72 3088 113 3145 οἱ
140 3086 341 3156 ῖξευταί.

142 3180 283 3239 xlx.
328 3177 445 3240 Καὶ
490 3178 647 3246 ἄλλος
687 3182 905 3238 κολοιῶν
943 3174 1199 3260 [ἄγρας]
1232 3176 1419 3255 τρόπος
1458 3178 1623 3237 ἐστίν·

76 3264 233 3325 ἐλαίου
259 3290 340 3335 τις
364 3268 527 3346 ἄγγος
554 3267 831 3345 ἐμπλήσας
854 3266 1071 3339 τίθησιν,
1099 3265 1237 3325 ὥστε
1258 3265 1375 3332 τοὺς
1396 3266 1626 3333 κολοιοὺς

74 3354 181 3431 ὂρᾷν
207 3356 279 3421 εἰς
320 3355 481 3415 αὐτό·
518 3358 568 3415 οἱ
611 3357 657 3415 δ’
688 3359 907 3435 ὁρῶντες
935 3358 988 3414 ἐν
1010 3358 1087 3435 τῷ
1126 3353 1276 3433 ἄγγει
1303 3354 1396 3421 τὰς
1430 3358 1626 3414 ἑαυτῶν

82 3441 321 3521 [εἰκόνας],
348 3444 589 3512 κολοιοὺς
606 3444 807 3526 ἑτέρους
829 3444 1097 3523 νομίζουσι
1112 3487 1130 3515 ,
1156 3444 1245 3501 καὶ
1274 3446 1344 3510 εἷς
1368 3444 1427 3502 τὸ
1451 3444 1625 3503 ἔλαιον

78 3534 417 3602 καταπτάντες
440 3535 747 3613 ἐμπηδῶσιν
774 3533 945 3607 εὐθὺς,
980 3524 1075 3593 εἶθ’
1102 3530 1237 3593 οὕτω
1256 3532 1347 3592 καὶ
1374 3532 1440 3592 τὰ
1463 3532 1629 3615 πτερὰ

80 3618 157 3678 καὶ
178 3620 241 3680 τὰ
266 3622 407 3699 μέλη
454 3622 771 3705 βαρύνονται
806 3625 883 3703 τῷ
912 3621 1073 3703 ἐλαίῳ
1116 3622 1421 3703 βραχέντες,
1453 3626 1521 3690 ὡς
1555 3622 1629 3700 μὴ

82 3704 305 3769 δύνασθαι
328 3714 667 3785 ἀποπτῆναι,
695 3710 787 3771 καὶ
816 3710 956 3771 κατὰ
980 3716 1163 3770 τοῦτον
1191 3710 1338 3779 εὐθὺς
1366 3714 1631 3793 αἱροῦνται

82 3816 153 3853 τον
176 3798 384 3877 τρόπον.

148 3888 265 3949 XX.
298 3886 592 3967 Αἰγίθαλον
625 3888 670 3947 δ’
702 3888 749 3947 εἴ
783 3913 858 3957 τις
886 3891 1141 3969 ἀγρεῧσαι
1178 3890 1445 3969 βούλοιτο,
1470 3891 1633 3961 θηλὴν

84 3972 205 4049 αἶγὸς
222 3978 477 4035 πάντοθεν
498 3975 592 4057 ἰξῷ
609 3977 913 4058 καταχρίει·
935 3982 964 4036 ὁ
988 3978 1041 4036 δὲ
1064 3978 1205 4057 γάλα
1220 3984 1311 4051 τῆς
1335 3978 1477 4055 αἰγὸς
1497 3986 1635 4035 πιεῖν

61 4060 417 4142 Γἰττειγιίμενιις,
449 4064 799 4146 ὗπερίττταται
821 4062 913 4143 μὲν
942 4066 1010 4124 τὰ
1038 4066 1243 4148 θριγκία
1264 4112 1280 4139 ,
1308 4065 1434 4148 πρὸς
1460 4066 1513 4123 δὲ
1538 4066 1635 4137 τὴν

84 4152 291 4232 μάνδραν
310 4152 555 4213 ἕλθὼντὸ
571 4154 775 4237 ῥάμφος
792 4154 879 4213 ἐπὶ
888 4154 977 4213 τὸν
991 4160 1083 4225 τῆς
1098 4156 1241 4231 αἰγὸς
1258 4155 1635 4235 ἐρείδειμαζὸν,

82 4240 159 4299 καὶ
174 4248 257 4303 τοῦ
278 4243 391 4313 ἰξοῦ
408 4242 569 4325 μέχρι
581 4248 791 4324 ταρσῶν
802 4245 961 4303 αὐτοῦ
976 4242 1325 4323 διαχυθέντος,
1340 4244 1633 4305 ἁλίσκεται.

154 4334 299 4395 XXI.
352 4332 502 4413 Πρὸς
543 4334 598 4392 δὲ
644 4333 741 4405 τὴν
778 4338 871 4393 τοῦ
921 4332 1276 4413 πορφυρίωνος
1313 4331 1479 4413 ἄγραν
1521 4332 1638 4392 οὔτε

124 4425 175 4479 οῦ
193 4445 284 4497 τις,
312 4421 439 4481 οὔτε
464 4422 622 4481 λίνων
648 4422 919 4497 δεήσεται,
944 4423 1062 4481 ἀλλ’
1085 4424 1131 4480 εἰ
1160 4421 1315 4497 μόνον
1338 4444 1437 4481 που
1466 4422 1639 4493 καθή-

122 4530 217 4569 ·νον
238 4510 573 4590 ἐπιτηρήσας
596 4510 776 4589 αὐτὸν,
806 4511 1118 4592 ὀρχούμενος
1133 4510 1273 4569 κατὰ
1297 4512 1481 4590 μικρὸν
1502 4514 1639 4582 πλη-

142 4600 259 4667 ’ζοι-
288 4604 369 4683 τῷ
400 4603 448 4660 δ’
479 4600 643 4669 οὕτως
680 4601 819 4660 ἐστὶν
851 4605 887 4672 ἡ
921 4604 1014 4671 τῆς
1038 4598 1305 4680 ὀρχήσεως
1328 4600 1445 4680 ὄψις
1469 4602 1640 4673 ἡδεῖα,

178 4690 191 4713 ’
230 4691 331 4750 οὗκ
377 4690 781 4762 ἄποπιήσεται,
818 4688 1011 4769 καίπερ
1050 4692 1182 4769 δρῶν
1223 4688 1507 4770 προσιόντα
1555 4690 1641 4748 τὸν

168 4798 263 4855 ρα,
310 4776 521 4850 κινήσει
562 4778 617 4837 δὲ
657 4776 751 4837 καὶ
781 4777 935 4844 αὐτὸς
962 4777 1275 4857 ὀρχούμενος
1298 4776 1361 4837 τὰ
1411 4778 1547 4856 μέλη
1574 4775 1644 4836 τὰ

216 4870 283 4939 “’,
305 4866 409 4938 τὴν
435 4865 603 4945 ἄγραν
639 4866 883 4943 ἐλόμενος
910 4865 995 4925 διὰ
1030 4866 1125 4937 τὴν
1151 4866 1388 4946 ὄρχησιν.

150 4953 323 5016 XXII.
356 4956 578 5016 Σανίσιν
596 4954 797 5022 εἰκόνας
822 4955 1205 5035 ἐπιγράψαντες
1223 4952 1415 5033 ἰχθύων
1441 4957 1643 5034 θηρῶσι

210 5044 615 5126 καταρράκτας·
658 5041 751 5102 σὺν
789 5045 929 5123 ὁρμῇ
958 5042 1059 5123 γὰρ
1086 5047 1154 5110 ὡς
1188 5043 1277 5102 ε’πί
1314 5066 1431 5099 τινα
1473 5066 1641 5101 κατα-

150 5129 283 5199 ivn<
314 5132 469 5213 ἰχθὺν
497 5132 937 5213 περιρῤήγνυνται
962 5140 1076 5199 ταῖς
1106 5131 1278 5190 σανίσι
1300 5131 1389 5189 καὶ
1417 5131 1642 5211 διαφθεί-

191 5243 263 5281 αι.
311 5221 429 5283 Καὶ
451 5220 614 5301 ὄρνεις
644 5220 688 5280 δ’
716 5220 905 5288 ἀλλοὺς
932 5218 1021 5279 καὶ
1058 5222 1153 5279 οὐκ
1175 5220 1375 5297 ὀλίγους
1410 5219 1565 5287 λίνοις
1592 5246 1649 5280 τε

1701 835 1871 897 potum
1909 832 2228 883 hauriendum
2263 832 2570 883 accedentem
2603 831 2822 882 funiculo
2849 829 2963 880 retis
2985 832 3193 882 attracto
3211 831 3279 880 in-

1705 945 1888 994 volvat.

1768 1056 1898 1104 xvi.
1929 1055 2165 1105 Turtures
2181 1067 2376 1119 quoque
2401 1053 2678 1117 capiuntur,
2697 1067 2810 1103 cum
2835 1053 3068 1104 siticulosi
3087 1055 3150 1105 ad
3169 1057 3276 1106 ron-

1702 1160 1804 1208 tem
1838 1158 2150 1220 accesserint,
2199 1171 2348 1222 prope
2381 1171 2530 1221 quem
2564 1165 2768 1208 venator
2800 1153 3082 1208 arundinem
3114 1161 3279 1222 erigit,

1704 1259 1873 1322 pennis
1899 1259 1962 1308 ad
1978 1245 2218 1309 summam
2232 1260 2453 1323 alligatis,
2475 1273 2686 1322 quarum
2707 1261 2870 1310 motus
2887 1263 3096 1312 turtures
3110 1261 3281 1313 admo-

1706 1361 1825 1411 dum
1844 1365 1995 1413 terret
2019 1365 2262 1426 lugetque.
2282 1363 2376 1412 Sed
2397 1363 2520 1412 alius
2537 1364 2702 1413 turtur
2716 1363 2815 1425 jam
2835 1363 3022 1425 pridem
3043 1367 3214 1426 captus
3232 1365 3282 1414 in

1708 1461 1978 1525 propinquo
1999 1463 2206 1525 ponitur,
2228 1476 2328 1525 quo
2351 1465 2608 1526 conspecto
2636 1464 2780 1512 ceteri
2814 1463 3132 1514 advolitantes
3163 1477 3282 1516 con·

1706 1562 1871 1613 sidunt
1889 1566 1941 1613 et
1959 1565 2072 1614 retis
2093 1566 2250 1613 tractu
2271 1563 2452 1614 obtecti
2477 1565 2753 1627 capiuntur.

1772 1677 1928 1724 xvll.
1959 1675 2158 1726 Alauda
2177 1675 2434 1739 capiuntur
2449 1688 2542 1739 ope
2557 1677 2770 1740 noctuae,
2789 1690 2934 1740 quam
2950 1691 3126 1744 auceps
3145 1693 3284 1744 expo·

1708 1779 1849 1829 sitam
1882 1781 1934 1829 in
1969 1780 2134 1843 apside
2155 1779 2316 1844 aliqua
2352 1793 2480 1830 oerea
2518 1779 2716 1830 adsidue
2743 1783 2991 1846 concutit,
3017 1785 3284 1836 funiculum

1709 1885 1975 1948 attrahens,
1997 1885 2348 1948 circumpositis
2365 1888 2506 1935 antea
2526 1885 2739 1949 undique
2757 1887 2955 1951 virgulis
2973 1889 3104 1939 visco
3135 1891 3283 1941 illitis.

1710 1994 1835 2041 Tum
1875 1991 2067 2042 alaudoe
2103 1991 2168 2042 ad
2204 1993 2438 2042 noctuam
2475 1992 2756 2055 capiendam
2795 1999 3106 2070 properantes
3138 1997 3286 2048 invis-

1712 2099 1900 2147 cantur.

1775 2205 1950 2254 xvlll.
1972 2202 2218 2255 Adversus
2237 2202 2477 2255 clamosos
2493 2204 2715 2268 graculos
2733 2206 2924 2256 venatio
2949 2207 3058 2258 talis
3083 2208 3292 2258 institui·

1710 2310 1795 2358 tur
1814 2328 1829 2358 ε
1849 2307 1986 2372 virga
2015 2309 2222 2372 oblonga
2249 2311 2394 2360 terrac
2411 2310 2646 2374 infigitur,
2665 2311 2746 2360 cui
2760 2313 2964 2375 laqueus
2982 2312 3182 2362 funiculi
3200 2317 3294 2378 ope

1713 2412 1986 2463 adnectitur
2011 2415 2063 2464 et
2103 2415 2156 2462 in
2191 2413 2350 2464 medio
2377 2416 2660 2478 repagulum
2677 2453 2693 2479 ,
2719 2416 2851 2480 quod
2877 2418 3176 2470 circumactu
3204 2433 3294 2469 suo

1713 2517 1896 2568 vimina
1914 2518 2142 2581 utrinque
2158 2521 2252 2570 ata
2268 2523 2508 2582 contegat.
2530 2523 2592 2570 In
2609 2534 2856 2573 summum
2873 2523 3154 2587 repagulum
3173 2526 3295 2576 oleae

1715 2629 1863 2678 bacca
1888 2629 2174 2692 imponitur,
2195 2630 2274 2679 cui
2309 2643 2338 2680 e
2365 2631 2556 2694 regione
2592 2632 2793 2694 laqueus
2817 2631 3024 2698 pendet,
3047 2648 3194 2698 quem
3211 2635 3298 2688 ubi

1716 2741 1958 2804 contigere
1973 2742 2180 2805 graculi,
2200 2742 2484 2804 repagulum
2503 2743 2764 2806 delabitur,
2783 2715 2835 2796 et
2847 2747 2982 2810 virga
2997 2751 3141 2798 antea
3162 2749 3298 2799 invo-

1718 2853 1819 2905 luta
1855 2865 1988 2902 nunc
2015 2851 2214 2915 erigitur
2244 2854 2390 2916 atque
2423 2853 2653 2917 laqueum
2689 2855 2917 2918 attrahit,
2938 2856 3010 2906 ita
3032 2859 3088 2908 ut
3128 2859 3294 2910 avium

1718 2962 1930 3013 cervices
1959 2962 2242 3014 inhaereant.
2297 2964 2528 3014 Similiter
2558 2964 2705 3015 etiam
2738 2966 2860 3029 picis
2893 2967 3178 3019 insidiantur
3213 2983 3301 3020 au-

1717 3081 1880 3133 cupes.

1782 3186 1908 3234 xlx.
1937 3186 2022 3234 Est
2035 3186 2086 3233 et
2103 3184 2226 3234 alius
2239 3184 2380 3234 dolus
2393 3184 2602 3247 graculis
2613 3184 2856 3248 capiendis
2871 3186 3268 3237 accommodatus
3284 3200 3296 3231 ε

1721 3313 1808 3349 vas
1832 3300 1941 3349 oleo
1966 3300 2166 3363 plenum
2184 3314 2244 3349 eo
2269 3300 2320 3350 in
2357 3300 2464 3349 loco
2499 3300 2776 3364 exponitur,
2801 3302 2886 3351 ubi
2922 3303 3246 3366 conspiciatur
3271 3317 3300 3351 a

1722 3414 1932 3479 graculis
1944 3432 1960 3477 ;
1977 3416 2048 3465 illi
2066 3429 2178 3466 suas
2199 3418 2247 3465 in
2267 3430 2378 3466 vase
2402 3417 2632 3479 imagines
2657 3416 2818 3467 intuiti
2843 3418 3059 3481 aliosque
3081 3420 3303 3481 graculos

1724 3544 1829 3582 esse
1860 3531 1952 3581 rati
1979 3532 2032 3581 in
2065 3532 2228 3604 oleum
2263 3532 2492 3582 devolant
2527 3532 2808 3594 confestim5
2833 3533 2944 3584 dein
2981 3533 3092 3584 oleo
3117 3534 3298 3584 madidi

1726 3646 1793 3697 ita
1811 3648 1980 3709 pennis
1997 3650 2046 3697 et
2059 3646 2288 3697 membris
2304 3649 2587 3711 gravantur,
2602 3654 2658 3699 ut
2673 3649 2869 3699 avolare
2887 3652 3132 3713 nequeant
3149 3664 3304 3713 eoque

1726 3765 1890 3815 statim
1909 3765 2054 3817 modo
2073 3767 2342 3829 capiuntur.

1791 3890 1899 3937 XX.
1926 3888 2288 3951 caprimulgum
2324 3890 2555 3950 capturus
2595 3902 2754 3951 caprae
2789 3888 3016 3952 papillam
3055 3888 3185 3961 yisco
3205 3888 3299 3935 cir-

1730 4000 1992 4061 cumlinat;
2031 4001 2135 4049 avis
2163 4002 2326 4049 autem
2358 4000 2608 4061 caprinum
2643 4000 2719 4049 lac
2751 4000 3008 4061 haustum,
3035 4011 3150 4050 cum
3173 4012 3310 4062 sepes

1731 4111 2023 4173 transgressa
2055 4111 2106 4158 in
2128 4110 2373 4159 stabulum
2408 4110 2729 4171 pervolaverit
2745 4112 2794 4159 et
2815 4123 2985 4172 sugere
3008 4123 3201 4173 capram
3231 4109 3305 4157 iu·

1732 4220 1939 4283 ceperit,
1966 4220 2120 4269 esl‘uso
2147 4220 2274 4270 eiad
2305 4219 2448 4283 pedes
2469 4234 2622 4283 usque
2647 4220 2800 4283 visco,
2821 4220 3023 4282 capitur.

1796 4331 1924 4379 xxi.
1950 4330 2262 4393 Porphyrioni
2279 4328 2508 4392 capiendo
2527 4342 2684 4392 neque
2704 4329 2911 4393 viscum,
2925 4342 3083 4391 neque
3094 4328 3214 4377 retia
3235 4326 3314 4376 acl-

1733 4418 1886 4468 hiberi
1905 4432 2028 4481 opus
2044 4422 2136 4480 est,
2161 4419 2242 4469 sed
2269 4419 2626 4481 tantummodo,
2647 4419 2843 4468 ubinam
2865 4418 3129 4479 consideat,
3148 4416 3312 4467 obser·

1733 4521 1849 4557 vare
1862 4511 1915 4558 et
1930 4508 2153 4558 saltando
2173 4508 2404 4570 paulatim
2425 4508 2682 4569 accedere3
2700 4506 2966 4557 saltationis
2978 4505 3106 4555 enim
3128 4508 3314 4569 specta-

1736 4598 1846 4647 cuio
1872 4600 2122 4659 tantopere
2161 4597 2448 4659 delectatur,
2489 4600 2548 4647 ut
2574 4597 2692 4647 licet
2728 4596 3036 4647 accedentem
3070 4595 3314 4643 bominem

1738 4685 1940 4745 viderit,
1961 4687 2246 4735 nontamen
2267 4685 2454 4745 avolet,
2481 4684 2564 4735 sed
2585 4688 2685 4748 ipse
2701 4685 2848 4735 etiam
2879 4700 2930 4735 se
2962 4670 3157 4735 moveat
3183 4686 3230 4733 et
3254 4683 3314 4731 ad

1736 4774 2010 4824 saltandum
2035 4774 2252 4823 membra
2274 4777 2562 4836 componat,
2584 4776 2778 4837 propter
2797 4774 3102 4825 saltationem
3131 4770 3310 4834 aucupi

1740 4865 1867 4914 ultro
1887 4877 1989 4914 sese
2015 4864 2244 4913 offerens,

1804 4958 1956 5005 xxll.
1979 4953 2317 5003 catarrhactas
2332 4953 2620 5017 imaginibus
2640 4953 2839 5016 piscium
2857 4951 3196 5015 supertabulas
3215 4949 3315 5014 pic-

1744 5075 1801 5123 lis
1827 5073 2042 5136 capiunt,
2063 5086 2176 5122 nam
2191 5072 2309 5120 dum
2328 5072 2514 5134 impetu
2529 5072 2580 5121 in
2598 5072 2702 5122 illas
2719 5086 2811 5122 eeu
2829 5072 2966 5121 vivos
2983 5071 3134 5134 pisces
3154 5072 3315 5121 ferun·

1743 5199 1795 5247 tu
1802 5212 1840 5259 r,
1855 5198 1964 5249 illisi
1979 5200 2196 5261 pereunt.
2215 5198 2394 5249 Multas
2402 5197 2550 5247 etiam
2564 5198 2684 5248 alias
2698 5212 2812 5248 avae
2831 5198 3014 5248 retibus
3025 5199 3075 5249 et
3087 5197 3318 5261 decipulis

148 5304 375 5391 ὶπιίγαις
400 5311 607 5393 αἱροῦσι
628 5308 977 5391 νηχομένους,
1002 5308 1038 5381 ἢ
1073 5309 1163 5369 καὶ
1192 5308 1323 5389 πρός
1344 5332 1488 5377 τινας
1520 5308 1654 5379 διεξ-
1746 5318 1946 5382 capiunt
1957 5319 2032 5371 vel
2049 5318 2175 5371 inter
2185 5319 2468 5383 natandum,
2483 5321 2562 5373 vel
2580 5319 2940 5371 cumadlittora
2953 5318 3325 5384 progrediuntur

2991 5424 3061 5465 1⁸.-
