3767 5825
1112 344 1369 402 PfflLAE
1412 342 1815 402 Exposmo
1858 319 1961 402 nn
2003 341 2478 401 ELEPHANTE.
3330 347 3408 400 ει

190 500 284 538 ³10
316 478 477 538 ἄλλοι
507 477 560 536 δὲ
585 477 809 536 πλεῖστα
840 477 1249 552 συγκομίσαντες
1278 475 1401 543 ξύλα

315 567 591 646 ῥίπτουσιν
620 569 760 644 αὐτῷ
788 567 1080 644 δραστικῶς
1103 564 1231 641 πρὸς
1259 563 1377 629 τοὺς
1400 563 1588 627 πόδας·

312 655 414 713 καὶ
442 655 581 713 κατὰ
613 653 795 732 μικρὸν
829 659 917 710 τοῦ
948 653 1133 731 βάθους
1160 652 1423 732 ᾠδηκότος

313 743 413 802 καὶ
440 747 534 814 τῆς
558 741 703 812 ξένης
730 741 983 817 κλίμακος
1009 739 1438 819 ἐξειργασμένης,

313 831 615 912 ὀξυδρόμως
644 830 799 898 ἔξεισι
826 829 954 907 πρὸς
976 828 1095 895 τοὺς
1118 831 1430 904 συννόμους,
1502 873 1507 878 -

190 940 281 977 815
318 919 507 986 σωθεὶς
532 922 561 977 ὁ
585 917 761 994 σωτὴρ
791 917 889 975 ὑπὸ
913 920 1015 975 τῶν
1046 916 1407 993 σεσωσμένων.

400 1003 573 1072 Ἄξιον
597 997 683 1064 οὖν
708 1005 799 1063 καὶ
823 1011 974 1064 τοῦτο
1000 1007 1347 1083 θαυμάσαντά
1374 1029 1430 1063 σε

321 1093 491 1170 μηδὲν
518 1093 795 1171 παρελθεῖν
822 1097 911 1150 τοῦ
942 1093 1297 1170 προσήκοντος
1325 1094 1479 1170 λόγου
1495 1117 1507 1130 ·

316 1181 416 1240 καὶ
444 1183 545 1260 γάρ
576 1203 709 1246 τινος
736 1179 1010 1259 βάλλοντος
1034 1180 1188 1239 αὐτὸν
1211 1181 1419 1248 τοξότου
1460 1230 1479 1250 ,

318 1269 417 1328 καὶ
443 1272 517 1349 τῷ
545 1271 835 1349 στοχασμῷ
859 1274 1219 1344 συγκινοῦντος
1243 1269 1331 1326 τὸν
1355 1269 1520 1340 τόνον,

194 1381 287 1418 ³2¹0
322 1358 483 1424 αὐτὸς
505 1359 711 1435 θεωρῶν
740 1354 835 1423 τὰς
864 1356 1021 1434 βολὰς
1045 1358 1370 1438 ἀντιστρέφει

318 1470 417 1505 και
446 1445 674 1522 πήγνυσι
695 1443 755 1501 τὸ
782 1448 938 1520 σῶμα
970 1445 1117 1517 δίκην
1149 1445 1365 1512 ἀσπίδος

318 1559 375 1593 εν
399 1538 468 1613 τῇ
496 1531 740 1642 συνάρσει
765 1537 867 1590 τῶν
895 1535 1066 1607 μελῶν
1097 1533 1425 1612 ἐσφιγμένον.

403 1610 601 1680 ”Αλλ”
569 1646 615 1678 ω
639 1619 859 1678 δικαστὰ
887 1624 990 1678 τῶν
1021 1624 1193 1700 σοφῶν
1222 1621 1432 1678 πάντων
1463 1621 1652 1698 λόγιι-,υ

314 1734 411 1769 και
440 1733 529 1767 νου
554 1707 784 1787 καθαρὲ,
806 1712 911 1765 τῶν
940 1711 1174 1788 ψυχι)ν’
1152 1711 1438 1782 επιστάτα,

194 1819 287 1857 325
320 1817 417 1856 και
445 1799 549 1854 τῶν
574 1795 662 1854 ἔπι
683 1801 776 1874 γῆς
804 1797 1071 1873 δυσμενῶν
1098 1798 1380 1855 ἀντιστάτα
1400 1847 1415 1868 ,

320 1885 417 1943 καὶ
444 1888 549 1942 τῶν
577 1883 856 1963 παρ’·ἡμῖν
885 1886 1139 1964 εἰσφορῶν
1164 1887 1488 1962 ζυγοστάτα,

317 1973 415 2032 καὶ
438 1976 532 2042 τῆς
552 1975 771 2050 φυσικῆς
800 1975 1053 2048 μουσικῆς
1074 1974 1371 2052 χοροστάτα
1390 2018 1404 2044 ,

319 2061 415 2119 καὶ
440 2065 532 2132 τῆς
554 2059 668 2118 καθ’
692 2065 834 2134 ἡμᾶς
863 2060 1066 2141 φύσεως
1090 2063 1441 2140 πρωτοστάται
1462 2109 1477 2135 ,

317 2172 419 2208 και
448 2152 555 2228 φῶς
580 2150 803 2228 ἐναργῶς
834 2146 1103 2228 ἐξελέγχον
1132 2148 1225 2216 τὰς
1248 2148 1452 2229 φύσεις,

196 2257 289 2298 2³⁰
318 2235 415 2294 καὶ
446 2258 551 2315 πυρ
575 2236 821 2294 δαπανῶν
855 2240 949 2306 τῆς
969 2239 1142 2316 ψυχης
1171 2260 1271 2313 μου
1300 2263 1415 2304 τους
1440 2237 1647 2310 πόνους,

318 2351 365 2382 ω
395 2323 713 2402 γλυκύτηςἸ
678 2347 873 2403 αρρητε
900 2326 989 2382 καὶ
1018 2325 1277 2402 θυμηδία,

318 2413 415 2471 καὶ
440 2410 723 2492 τερπνότης
751 2412 987 2493 ἄφραστε
1010 2411 1102 2471 καὶ
1126 2413 1425 2493 κραταργία

318 2505 523 2559 νικῶσα
548 2524 637 2558 και
661 2499 961 2577 κρύπτουσα
985 2509 1089 2558 πᾶν
1117 2499 1273 2578 λόγου
1304 2500 1503 2571 σθένος,

318 2578 365 2646 ὦ
399 2589 574 2646 πάντα
602 2593 775 2646 κινοῦν
802 2591 873 2655 εις
901 2593 1017 2648 θεου
1048 2587 1198 2658 δόξαν
1224 2587 1395 2663 στόμα

199 2701 287 2739 ³:35
318 2678 413 2737 καὶ
444 2680 657 2753 γλῶσσα
686 2675 907 2756 λαμπρὰ
934 2700 1025 2735 και
1048 2677 1321 2758 θεόφθογγε
1348 2677 1567 2757 φράσις,

320 2767 417 2826 καὶ
446 2769 602 2841 σῶμα
625 2768 815 2824 καινῶν
840 2765 1072 2824 δεκτικὸν
1076 2765 1375 2874 κχαρισμάτ
1358 2789 1468 2834 ων,

322 2856 417 2917 καὶ
448 2859 655 2932 πνεῦμα
678 2877 845 2914 κοινον
876 2855 947 2921 εἷς
972 2858 1137 2927 πνοῆς
1166 2856 1369 2961 λειτουρ
1373 2855 1509 2929 (ίαν,

318 2972 365 3005 ω
394 2944 563 3017 κόσμε
590 2947 683 3013 τῆς
710 2947 833 3017 γῆς,
857 2947 952 3014 τῆς
979 2944 1208 3049 φυλὶῖις,ω
1195 2946 1287 3011 τῆς
1310 2942 1368 2997 ἁ
1348 2943 1451 3009 ia<
1472 2986 1488 3013 ,

320 3038 413 3103 τῆς
446 3030 783 3113 πορφυρίδος,
808 3034 901 3102 τῆς
932 3036 1109 3107 γονῆς,
1143 3053 1235 3101 της
1258 3030 1463 3100 ἑστίας,

204 3142 295 3181 340
326 3126 421 3193 τῆς
442 3125 532 3178 τοῦ
560 3117 773 3199 στέφους
794 3118 1038 3197 χάριτος,
1066 3122 1136 3183 ὡς
1160 3118 1250 3177 καὶ
1273 3124 1359 3176 τοῦ
1391 3118 1594 3191 θρόνου,

326 3214 423 3279 τῆς
445 3231 535 3266 του
561 3206 675 3285 βίου
703 3208 1097 3284 πλάστιγγος,
1070 3232 1139 3273 ως
1174 3207 1266 3265 καὶ
1288 3214 1379 3264 τού
1408 3206 1629 3285 τρόπου,

322 3303 419 3367 τ’ῆς
446 3300 537 3353 τοῦ
564 3294 719 3372 λόγου
745 3296 1060 3373 σάλπιγγος,
1086 3300 1155 3360 ὡς
1177 3318 1267 3354 και
1292 3301 1379 3352 τοῦ
1415 3297 1633 3372 κράτους
1650 3341 1665 3369 ,

325 3390 423 3444 σοῦ
450 3382 641 3450 πάντες
668 3384 847 3449 ἁπλῶς
874 3387 1157 3459 ἀγνοοῦμεν
1183 3382 1277 3454 τὴν
1304 3382 1452 3457 φύσιν
1468 3406 1479 3417 ·

324 3472 385 3531 τὸ
412 3474 517 3551 γὰρ
542 3469 911 3542 ἀκατάληπτόν
942 3470 1052 3528 ἐστί
1077 3493 1155 3528 σοι
1184 3468 1331 3549 φύσις

205 3584 295 3625 345
318 3566 519 3620 θεοῢντι
548 3564 732 3637 μικροῦ
759 3558 853 3629 τὴν
882 3562 1003 3617 κατ’
1036 3559 1307 3637 ἄνθρωπον
1334 3557 1505 3639 φύσιν.

320 3650 451 3713 Πῶς
476 3648 523 3705 δ’
548 3644 611 3704 ἂν
645 3646 851 3723 βλέπειν
879 3644 1079 3724 γένοιτο
1114 3646 1385 3725 κανθάρων
1413 3646 1547 3721 γένει

320 3736 411 3795 τὸν
442 3734 700 3813 αἰγυπιὸν,
724 3734 811 3793 τὸν
838 3735 1101 3814 φρικώδη,
1126 3734 1211 3791 τὸν
1239 3734 1431 3810 μέγαν;

322 3824 375 3882 τί
406 3825 450 3881 δ’
484 3822 547 3881 ἂν
571 3824 752 3903 ψοφεῖν
783 3824 1016 3881 δύναιντο
1040 3822 1130 3879 καὶ
1152 3824 1447 3897 πιθηκίδες,

321 3912 449 3971 ὅταν
482 3913 799 3989 βρυχηθμῶν
830 3910 1161 3989 έξερεύγηται
1191 3909 1413 3975 κτύπους

207 4023 297 4063 8⁶0
322 3999 458 4059 λέων
487 4001 573 4057 ἐπ’
603 4000 761 4065 αὐτὰς
786 3998 1057 4078 ἐκδραμὼν
1082 4003 1173 4068 τῆς
1196 3998 1486 4069 παστάδος;

320 4088 357 4159 ἢ
386 4084 640 4163 μαινίδων
666 4084 869 4162 ὅμιλος,
903 4089 947 4144 εἰ
974 4091 1128 4158 κῆτος
1154 4087 1334 4165 βλέπει

318 4174 509 4250 τέμνον
533 4172 595 4233 τὸ
619 4177 785 4253 ῥεῦμα
816 4178 917 4239 τοῖς
945 4184 1154 4252 πτεροῖς
1175 4175 1279 4240 τοῖς
1302 4174 1585 4254 ἐνδρόσοις;

326 4262 399 4323 ‘O
423 4262 764 4343 φιλοπαίστης
792 4264 1069 4340 ψαλμικῶς
1095 4260 1247 4338 ἕρπει
1269 4264 1490 4341 δράκων.

322 4350 407 4411 Σὺ
438 4348 727 4428 μετριάζων
755 4352 979 4423 εὐμενῶς
1002 4348 1205 4413 πάντας
1234 4351 1465 4428 βλέπεις·

210 4461 297 4498 ³55
324 4436 417 4495 καὶ
440 4439 638 4515 γίνεται
666 4438 723 4494 τὸ
750 4438 963 4515 βλέμμα
986 4442 1089 4504 τοῖς
1114 4438 1451 4514 κακουμένοις

322 4524 494 4605 σαφὴς
520 4525 821 4601 γλυκασμὸς
848 4524 937 4583 καὶ
966 4524 1272 4593 θεόὸλυστος
1298 4527 1501 4605 δρόσος.

319 4610 496 4671 ‘om
523 4609 578 4669 δὲ
606 4609 697 4668 καὶ
720 4610 815 4681 τὴν
841 4619 996 4692 χεῖρα
1025 4618 1170 4691 κινῇς
1198 4612 1353 4681 ὀξέως

322 4697 415 4757 καὶ
442 4698 532 4763 τὰς
557 4700 609 4755 ἐν
632 4701 759 4773 ἡμῖν
789 4698 1056 4779 συμφορὰς
1086 4702 1379 4780 ἀνατρέπῃς

321 4788 381 4843 ἐκ
409 4788 500 4855 τῆς
528 4788 743 4865 ἐρυθρᾶς
764 4790 867 4844 τῶν
892 4791 1103 4867 γραφῶν
1132 4790 1448 4858 πανοπλίας,

210 4895 297 4933 εσυ
322 4876 547 4931 ἐνταῦθα
576 4871 797 4939 πολλοὺς
826 4873 943 4939 τοὺς
967 4875 1307 4953 δορυκτήτους
1336 4876 1502 4953 ἄγεις·

320 4958 457 5017 ὥστε
479 4958 737 5037 πρόδηλόν
762 4962 899 5032 ἐστι,
922 4958 1019 5018 κᾶν
1046 4963 1225 5036 μηδεὶς
1251 4961 1425 5035 λέγοι,

328 5046 507 5124 κράξει
537 5044 591 5103 δὲ
610 5045 846 5119 πάντως,
872 5049 917 5104 εἰ
942 5048 1176 5119 θελήσει,
1204 5050 1293 5107 καὶ
1316 5052 1485 5128 λίθος,

322 5140 392 5199 ὡς
421 5134 485 5191 σὺ
512 5137 752 5213 καθαρῶς
778 5145 955 5193 πᾶσαν
984 5141 1185 5218 ἐκνικᾷς
1216 5140 1384 5219 φύσιν.
1420 5180 1426 5187 ·

1841 483 1990 532 ceteri
2008 487 2232 544 congesta
2256 483 2381 542 ligna
2410 482 2618 542 plurima

1839 572 2062 620 alacriter
2079 571 2310 632 dejiciunt
2328 572 2418 618 sub
2437 571 2580 632 pedes
2599 572 2703 630 ejus
2726 586 2738 616 :

1839 660 1909 708 ita
1938 661 2184 720 paullatim
2206 672 2350 720 specu
2372 659 2565 720 expleto

1841 749 1892 794 et
1913 745 2118 796 mirabili
2149 747 2282 794 scala
2303 745 2533 808 perfecta,

1838 834 1922 882 ille
1947 835 2174 883 velociter
2201 835 2301 883 exit
2329 834 2391 882 ad
2415 835 2625 896 grQales
2652 848 2791 894 suos»,

1841 925 2058 972 servator
2075 926 2295 972 servatus
2314 924 2378 972 ab
2397 922 2454 971 iis
2468 960 2482 984 ,
2503 937 2626 985 quos
2643 926 2937 973 servaverat.

1905 1011 2062 1062 Etiam
2087 1012 2180 1061 hoc
2201 1011 2402 1074 dignum
2425 1013 2501 1062 est
2522 1012 2652 1074 quod
2679 1011 2866 1060 mireris

1844 1099 1962 1148 nihil
1985 1099 2317 1161 praetereundo
2335 1101 2568 1150 sermonis
2585 1100 2647 1148 ad
2668 1113 2768 1148 rem
2787 1101 3066 1162 pertinentis
3090 1116 3102 1148 ε

1839 1188 2020 1237 scilicet
2053 1201 2206 1250 quum
2233 1189 2509 1250 sagittarius
2526 1188 2574 1237 in
2595 1188 2897 1250 elephantem
2913 1189 3155 1248 jaculatur

1840 1278 1913 1335 et,
1931 1275 2048 1324 dum
2069 1275 2295 1325 collineat
2309 1311 2324 1335 ,
2345 1287 2551 1324 nervum
2571 1277 2765 1334 movet,

1841 1363 1920 1412 ille
1939 1362 2206 1426 praevidens
2227 1365 2414 1426 sagittae
2432 1364 2618 1425 jactum
2633 1399 2647 1423 ,
2668 1362 2872 1412 reflectit
2890 1377 2941 1413 se

1839 1455 1887 1500 et
1907 1465 2080 1514 corpus
2100 1465 2243 1500 suum
2257 1486 2272 1511 ,
2289 1451 2441 1501 veluti
2461 1452 2682 1514 clypeum
2699 1487 2714 1513 ‚
2737 1451 2902 1514 objicit

1840 1539 2043 1589 tirmiter
2065 1540 2280 1589 collectis
2299 1541 2528 1588 membris
2547 1540 2860 1588 constrictum
2881 1543 2929 1590 et
2951 1554 3295 1603 comproesum.

1902 1628 1994 1677 Sed
2017 1631 2068 1678 ιιι
2082 1663 2099 1687 ,
2118 1641 2422 1691 quorumque
2439 1627 2696 1677 doctorum
2713 1641 2991 1678 sermonum
3007 1629 3156 1690 judex
3170 1666 3184 1690 ,

1839 1720 1888 1765 et
1908 1730 2028 1777 pura
2049 1730 2184 1765 mens
2196 1753 2211 1778 ,
2232 1719 2281 1764 et
2299 1715 2571 1764 animorum
2591 1717 2806 1776 curator,

1839 1809 1888 1854 et
1914 1805 2217 1854 inimicorum
2247 1807 2524 1854 nostrorum
2551 1805 2600 1852 in
2628 1807 2756 1852 terra
2783 1804 3016 1867 repulsor,

1840 1896 1889 1942 et
1906 1897 2181 1942 nostrorum
2199 1893 2493 1942 tributorum
2514 1892 2714 1952 arbiter,

1839 1985 1888 2031 et
1907 1983 2135 2032 naturalis
2156 1982 2354 2031 musicae
2371 1981 2645 2043 praesultor,

1838 2073 1888 2120 et
1905 2071 2132 2120 liumanoe
2149 2073 2336 2119 naturae
2356 2077 2662 2131 antesignane
2674 2103 2689 2127 ,

1838 2160 1888 2208 et
1910 2159 2072 2207 lumen
2085 2195 2100 2220 ,
2119 2171 2218 2220 quo
2241 2158 2428 2220 ingenia
2446 2156 2608 2207 omnia
2625 2158 2878 2208 manifeste
2901 2163 3186 2221 arguuntur.

1838 2249 1889 2296 et
1907 2247 2052 2308 ignis,
2073 2261 2170 2309 quo
2189 2248 2334 2297 animi
2353 2247 2448 2296 mei
2466 2260 2700 2296 aerumnm
2720 2251 3093 2309 consumuntur,

1838 2349 1869 2384 o
1893 2335 2218 2405 inenarrabilis
2237 2334 2443 2384 dulcedo
2463 2337 2512 2386 et
2531 2337 2744 2387 suavitas
2755 2374 2771 2399 ,

1838 2437 1870 2472 o
1895 2424 2364 2472 consummatissima
2383 2423 2595 2472 hilaritas
2614 2427 2663 2472 et
2685 2423 2924 2486 potentia,

1838 2525 1936 2574 qua
1959 2513 2115 2561 omnis
2133 2512 2206 2560 vis
2224 2511 2454 2560 orationis
2470 2511 2682 2560 vincitur
2706 2512 2757 2561 et
2783 2511 3076 2572 debilitatur,

1838 2615 1868 2649 o
1887 2614 2076 2650 sacrum
2094 2614 2149 2650 os
2167 2601 2330 2649 omnia
2345 2613 2544 2650 movens
2562 2599 2624 2648 ad
2647 2600 2732 2650 Dei
2751 2601 2948 2662 gloriam
2964 2636 2978 2659 ‚

1839 2702 1869 2736 o
1889 2688 2266 2751 splendidissima
2287 2689 2446 2748 lingua
2464 2689 2514 2736 et
2532 2691 2690 2738 Deum
2710 2701 2884 2737 sonans
2902 2687 3093 2752 loquela
3110 2725 3124 2738 .

1839 2790 1868 2824 o
1892 2789 2066 2838 corpus
2085 2775 2396 2824 mirificorum
2419 2775 2502 2824 Dei
2522 2787 2780 2823 munerum
2801 2787 2951 2836 capax
2967 2813 2981 2834 .

1838 2879 1869 2912 ο
1888 2864 2084 2927 spiritus
2107 2863 2378 2914 communis
2400 2861 2462 2911 ad
2488 2863 2638 2910 vitam
2657 2862 3080 2912 administrandam
3095 2903 3108 2925 ,

1839 2968 1869 3003 o
1889 2955 2227 3002 ornamentum
2245 2954 2414 3007 terrae,
2441 2951 2649 3001 nationis
2664 2987 2681 3013 ,
2705 2951 2966 3014 dignitati3‚

1840 3052 2092 3102 purpurae,
2113 3040 2293 3089 sobolis
2307 3075 2323 3100 ‚
2342 3039 2436 3088 soci
2450 3075 2466 3100 ‚

1838 3128 2222 3177 clementissimae
2240 3140 2432 3177 coronae
2449 3164 2464 3189 ,
2490 3130 2618 3177 utet
2642 3128 2835 3188 throni,

1840 3218 2015 3277 regulae
2035 3217 2308 3265 communis
2326 3216 2440 3265 vitae
2455 3251 2470 3276 ,
2491 3218 2612 3266 utet
2630 3229 2822 3265 morum
2840 3252 2854 3275 ,

1838 3304 2140 3366 grandisonas
2163 3305 2479 3365 eloquentiae,
2507 3306 2563 3353 ut
2587 3306 2636 3353 et
2653 3305 2942 3366 majestatis3

1838 3395 1974 3442 tuam
2002 3405 2168 3441 omnes
2185 3392 2383 3441 omnino
2404 3393 2682 3453 ignoramus
2703 3394 2926 3442 naturam
2955 3412 2966 3441 :

1836 3493 2076 3542 namque,
2102 3480 2232 3543 quod
2253 3480 2745 3543 incomprehensibilis
2768 3494 2845 3542 ea,
2867 3481 2916 3530 id
2943 3482 3028 3531 tibi
3049 3486 3221 3532 natura
3240 3490 3338 3545 eat,

1837 3568 1955 3617 dum
1979 3570 2240 3618 humanam
2261 3569 2310 3617 in
2333 3570 2383 3618 te
2405 3570 2628 3619 naturam
2654 3582 2804 3631 prope
2829 3568 3044 3633 divinam
3071 3570 3248 3620 reddis.

1844 3656 2102 3713 Quomodo
2121 3657 2316 3706 tandem
2339 3656 2391 3705 id
2410 3658 2706 3718 contingeret
2723 3656 3071 3705 scarabaeorum
3090 3659 3249 3719 generi
3261 3694 3277 3721 ,

1838 3747 1895 3794 ιιι
1913 3746 2212 3795 intuerentur
2229 3746 2441 3808 aquilam
2465 3745 2764 3795 tremendam
2788 3749 2835 3794 et
2859 3748 3116 3807 magnam?

1840 3834 1958 3897 quid
1979 3834 2177 3883 tandem
2198 3846 2372 3883 sonare
2391 3838 2581 3895 possent
2605 3847 2767 3896 parvm
2790 3834 2969 3894 simioe,

1836 3934 1988 3983 quum
2013 3921 2256 3983 rugituum
2282 3922 2487 3983 fragon-ez
2509 3925 2697 3971 eructat

1836 4009 1911 4058 leo
1933 4022 1961 4058 e
1986 4009 2132 4058 cubili
2157 4023 2246 4058 suo
2272 4022 2584 4071 prorumpens
2602 4008 2651 4057 in
2676 4012 2790 4057 eas?

1836 4098 1923 4145 aut
1948 4096 2078 4159 quid
2097 4095 2361 4157 proferret
2381 4096 2524 4145 turba
2547 4097 2898 4156 maenularum,
2931 4097 2970 4146 si
3007 4097 3240 4148 balaenam
3265 4098 3393 4149 videt

1834 4184 2034 4233 roscidis
2053 4183 2141 4232 alis
2159 4183 2258 4232 suis
2273 4183 2451 4232 fluctus
2472 4186 2748 4233 secantem?

1837 4275 1961 4321 Ecce
1979 4271 2157 4333 arrepit
2183 4284 2376 4333 serpens
2400 4272 2611 4321 carmina
2638 4272 2825 4323 ludens.

1835 4362 1908 4409 Tu
1933 4360 2134 4409 minime
2151 4360 2385 4421 superbus
2408 4374 2578 4410 omnes
2605 4361 2808 4424 adspicis
2831 4362 3064 4423 benigne3

1834 4448 1970 4510 isque
1997 4450 2220 4510 aspectus
2245 4449 2360 4496 tuus
2391 4446 2579 4497 afflictis
2603 4450 2657 4497 tit

1834 4536 1992 4599 palam
2017 4537 2197 4585 mellita
2215 4536 2351 4598 quiea
2374 4540 2424 4585 et
2442 4550 2522 4585 ros
2543 4536 2772 4587 divinitus
2790 4538 2991 4586 effusus,

1834 4630 1996 4681 Quum
2020 4638 2134 4673 vero
2161 4624 2306 4673 etiam
2325 4636 2526 4673 manum
2547 4627 2682 4674 tuam
2703 4638 2869 4675 moves
2893 4626 3116 4675 alacriter

1838 4715 1890 4761 ct
1907 4712 2204 4761 calamitates
2223 4715 2409 4762 nostras
2426 4713 2638 4775 dispellis

1840 4814 1904 4849 ex
1924 4800 2070 4849 rubro
2089 4808 2106 4863 (
2125 4802 2486 4863 Imperatorio)
2508 4802 2852 4864 scripturarum
2878 4804 3084 4851 armario
3099 4840 3112 4863 ,

1834 4889 1930 4937 huc
1953 4888 2012 4938 ad
2031 4892 2078 4937 te
2098 4890 2276 4937 multos
2295 4889 2380 4939 tibi
2401 4890 2615 4951 captivos
2637 4891 2684 4939 et
2708 4890 3006 4953 mancipatos
3033 4891 3237 4941 adducis
3258 4905 3270 4935 ι

1832 4976 1960 5039 quod
1985 4976 2132 5038 adeo,
2158 4978 2343 5026 etiamsi
2364 4991 2507 5027 nemo
2527 4978 2574 5027 id
2591 4978 2719 5027 dicat
2737 5016 2752 5040 ,
2771 4982 2989 5043 apertum
3011 4981 3162 5028 cuivis
3185 4984 3286 5039 cst;

1834 5066 1950 5125 quiin
1971 5066 2043 5113 vel
2065 5066 2184 5127 lapis
2199 5102 2213 5125 ‚
2232 5066 2270 5114 si
2294 5066 2504 5124 lubebit.
2521 5068 2722 5115 omnino
2739 5068 2992 5120 clamabit.

1835 5169 1859 5199 a
1887 5156 1933 5200 te
1958 5168 2097 5200 ‹unm-
2124 5168 2315 5215 prox-sus
2341 5156 2551 5217 superari
2579 5156 2839 5217 ingenium.
