3767 5825
1484 396 1914 459 PRAEFATIO.

211 524 260 569 ta
279 518 492 572 Ιᾱιὺίί
511 522 725 572 editione
751 543 764 573 2
1145 534 1198 575 tn
1223 530 1316 577 hac
1337 528 1552 579 editione
1575 544 1590 579 ε

231 608 344 669 113.
381 599 420 679 ἦ
453 607 612 689 φύγεν
656 654 1213 675 .........
1254 616 1290 688 ἢ
1317 619 1474 696 φυγέν
1504 618 1576 697 (*)

231 695 344 751 115.
385 695 501 755 δίκα
541 742 1285 761 .............
1328 704 1464 763 Δίκα
1489 706 1571 784 (ι)

229 787 343 840 118.
383 776 540 848 Ιἦλθον
583 830 1325 848 .............
1368 781 1540 863 ἦνθον.

843 880 932 932 IV.

292 976 343 1014 ι.
380 958 474 1015 οὔκ
499 958 574 1017 ἔτ’
587 1002 1285 1022 ..................
1296 962 1466 1023 οὐκέτ’
1489 968 1571 1045 (2)

262 1044 342 1100 15.
380 1042 546 1104 εἵλετο
559 1090 934 1107 ..........
960 1098 972 1108 .
998 1093 1330 1109 .........
1346 1050 1512 1111 ὤλεσε

258 1150 342 1191 21.
384 1130 440 1189 δέ
463 1136 513 1189 τ’
541 1134 780 1215 ὀδύρεται
811 1136 1036 1215 ὅρνις...
1062 1138 1134 1196 .δ’
1163 1136 1302 1219 ὅρνις
1330 1138 1549 1218 δῦρηται
1569 1142 1647 1219 (3)

256 1218 342 1275 35.
379 1219 480 1299 γάρ
507 1224 557 1280 οἱ
570 1265 1296 1284 ...................
1311 1226 1376 1306 ῥά
1407 1230 1455 1284 οἱ
1488 1228 1568 1308 (4)

257 1324 340 1380 29.
380 1305 450 1374 ὥς
475 1307 528 1387 γ’
553 1309 740 1388 ὄφελον
755 1356 1210 1373 ............
1223 1316 1294 1379 ὡς
1316 1314 1498 1394 ὄφελον
1529 1315 1609 1394 (5)

255 1394 338 1451 3².
379 1396 430 1451 ἐν
443 1439 1262 1460 .....................
1287 1449 1300 1460 .
1327 1446 1341 1458 .
1367 1402 1470 1459 ,ἐνὶ

254 1482 338 1537 38.
377 1482 554 1562 Ἥρας
564 1530 1142 1549 ...............
1154 1488 1330 1567 Ἥρης
1363 1492 1606 1547 Brunck.

255 1581 338 1633 42.
375 1568 474 1649 γάρ
503 1574 552 1629 οἱ
565 1616 1300 1635 ...................
1314 1574 1371 1633 δέ
1395 1580 1442 1634 οἱ
1474 1576 1554 1653 (6)

253 1656 337 1721 45.
376 1657 578 1718 λιίὸεαι
591 1706 1208 1724 ................
1221 1663 1450 1723 λείὸεται
1487 1666 1571 1738 (7)

250 1752 334 1814 ‘'⁴7-
379 1745 482 1821 μὰν
494 1791 1200 1812 ..................
1214 1751 1320 1829 μὴν
1349 1756 1594 1812 Brunc-k.

253 1836 335 1899 48.
375 1834 516 1905 δὴ-
538 1836 697 1913 δόμον
711 1882 1165 1900 ............
1177 1832 1212 1913 ἦ
1229 1874 1307 1884 -
1325 1840 1498 1918 δόμων
1528 1844 1607 1921 (8)

251 1920 335 1989 54.
375 1927 472 2005 υἱῷ
487 1968 1344 1988 ......................
1359 1931 1457 1987 υἱεῖ

249 2012 334 2072 66.
371 2014 702 2093 γιγνομένοις
715 2058 1170 2077 ............
1185 2016 1472 2093 γινομένοις
1495 2018 1568 2093 (9)

247 2100 334 2169 67·
374 2102 712 2181 ἀριθμήσειεν
727 2148 1138 2165 ...........
1154 2104 1460 2184 ἀριθμήσειν
1489 2104 1544 2161 ἔν

248 2188 332 2245 68.
373 2189 588 2271 θάρσει·
621 2196 680 2263 οὗ
697 2236 1190 2253 .............
1203 2192 1454 2272 θαρὶτοίη·
1488 2193 1608 2271 (10)

247 2296 333 2346 72-
373 2278 701 2360 ὀλοφύρομαι
712 2323 1211 2342 .............
1225 2281 1544 2362 ἐποδῦρομαι

247 2366 330 2433 78.
371 2364 422 2423 εἴ
443 2368 548 2447 πέρ
562 2412 1258 2428 ..................
1271 2368 1416 2449 εἴπερ
1445 2370 1496 2449 (ι
1515 2371 1565 2445 ι)

247 2453 332 2507 81.
371 2454 502 2529 μηδ’
515 2496 1338 2517 .....................
1353 2456 1426 2530 μή
1458 2456 1518 2533 μ’

245 2542 330 2595 83.
367 2541 519 2599 οὐδὲν
542 2542 644 2625 γὰρ
658 2588 1194 2606 ..............
1207 2547 1264 2603 οὖ
1284 2545 1386 2624 γάρ
1409 2550 1503 2616 θην
1526 2546 1647 2621 (12)

245 2630 328 2685 86.
371 2628 634 2700 Ἀἴδονῆος
648 2676 1180 2693 ..............
1200 2634 1464 2703 Αἱδωνῆος
1483 2634 1607 2711 (13)

245 2716 330 2786 87.
373 2716 600 2775 ἄνέτλαν
615 2762 1132 2780 ..............
1147 2718 1364 2791 ἀνέτλην
1391 2722 1643 2779 Brunck.

243 2804 328 2877 89.
371 2794 516 2869 αὖτις
532 2848 1268 2868 ...................
1282 2798 1438 2865 αῧτον
1471 2809 1590 2885 (14)

241 2894 330 2968 93.
368 2893 496 2974 ἔρδῃ
510 2939 1288 2958 ....................
1301 2896 1424 2976 ἔρδῃ
1453 2898 1579 2978 (15)

249 3001 366 3039 too.
407 2981 998 3056 οἰνοπέδοιο-ἀλωῆς.
1023 3030 1036 3042 .
1065 2986 1456 3067 ,οἰνοφόροιο-
1470 2989 1646 3057 ἀλωῆς

249 3089 368 3126 112.
409 3070 539 3149 πρίν
567 3071 618 3147 γ’
641 3074 810 3130 ἐλθεῖν
823 3115 1236 3133 ...........
1250 3075 1374 3152 πρὶν
1403 3077 1566 3132 ἐλθεῖν

249 3177 268 3212 ι
285 3178 304 3212 ι
317 3159 369 3214 5.
413 3161 580 3218 αὐτοῦ
593 3203 1326 3222 ...................
1341 3162 1508 3229 αὕτως

246 3265 267 3300 ι
286 3266 367 3322 19.
409 3245 812 3326 ἀμηχανέοντας
825 3295 1079 3311 .......
1092 3253 1503 3333 ἀμηχανόωντας
1523 3253 1644 3332 (16)

210 3339 268 3390 V.
299 3355 352 3392 v.
385 3339 440 3394 3.
485 3340 814 3398 Meinekius
857 3342 1124 3400 codicum
1175 3345 1476 3402 lectionem
1518 3365 1647 3402 cum

141 3420 280 3496 signo
302 3425 652 3503 corruptelae
673 3427 954 3486 exhibuit.
977 3431 1257 3506 Equidem
1284 3445 1429 3509 puto
1453 3453 1651 3490 emen-

142 3509 404 3570 dationem
431 3513 614 3592 hujus
653 3536 849 3576 versus
887 3539 918 3574 a
955 3519 1252 3577 'l'euchero
1290 3521 1648 3594 inchoatam,

143 3739 466 3802 exconjectura
497 3740 628 3796 ἅδὲς.
662 3741 870 3805 Hesych.
900 3743 1236 3802 ἀδέΓ-εᾰηδὲς.
1273 3744 1346 3794 Cf.
1377 3747 1650 3798 Buttmann.

143 3811 272 3860 laxit.
291 3817 356 3862 11.
375 3831 428 3879 p.
451 3833 468 3862 1
483 3817 646 3870 34.0.
667 3815 947 3866 Schneider.
965 3817 1243 3866 dubitanter
1267 3818 1384 3866 mihi
1406 3820 1653 3887 proposuit

141 3885 234 3947 ᾥδίς
255 3903 338 3950 pro
359 3889 496 3944 ἀιδὲς
525 3905 586 3938 ex
605 3889 818 3955 analogia
845 3891 1010 3939 forma!
1033 3891 1169 3958 ᾅδης.
1202 3891 1324 3942 Edd.
1351 3895 1482 3943 Crat.
1500 3893 1648 3944 Brub.

145 3967 188 4005 ut
217 3963 325 4012 Cn.
351 3961 572 4012 vindob.
599 3963 713 4013 dant
731 3958 862 4024 ἦδος.
886 3964 1097 4013 Weisius
1124 3965 1178 4014 in
1201 3981 1322 4014 nova
1355 3966 1434 4017 ed.
1455 3977 1649 4019 sterent.

145 4037 254 4102 Lips.
275 4041 462 4107 scripsit
479 4043 610 4105 ᾐδὲς,
636 4041 794 4091 nescio
815 4058 874 4091 ex
891 4057 986 4106 qua
1011 4041 1304 4091 auctoritate.
1327 4043 1511 4092 Ibidem
1535 4037 1651 4104 ἦνθε

147 4115 330 4164 nrunek.
361 4115 606 4182 probante
623 4115 958 4169 Valckenario.

199 4189 256 4250 (“)
289 4191 553 4256 φάρμακον
580 4187 614 4250 ἢ
645 4191 794 4254 φύγεν
824 4197 955 4243 Parr.
978 4210 1029 4241 α.
1069 4210 1151 4243 xo.
1181 4194 1310 4259 quod
1339 4195 1387 4244 in
1415 4197 1560 4260 φυγέν
1593 4195 1649 4259 (i.

147 4279 184 4310 e.
207 4267 388 4330 φυγεῖν)
415 4274 656 4314 mutatum
679 4266 829 4318 edidi.

202 4340 266 4402 (t)
295 4339 370 4388 Sic
393 4339 696 4390 Eichatadins
729 4340 782 4389 in
809 4344 986 4405 Queat.
1013 4341 1179 4407 philol.
1217 4359 1323 4392 nov.
1359 4360 1488 4410 spec.
1519 4350 1550 4395 J
1555 4363 1653 4394 enoe

155 4417 274 4468 1804.
303 4431 348 4479 p.
375 4418 442 4464 28
471 4415 690 4465 Boiseon.
710 4419 846 4464 -V.
879 4419 990 4465 118.
1013 4410 1161 4478 ἦνθον
1183 4417 1387 4467 Brunck.

201 4490 268 4548 (a)
299 4489 608 4556 Conjnnctitn
637 4507 709 4538 xo.
733 4489 942 4540 Brunck.
960 4494 1102 4540 —V.
1134 4508 1153 4539 1
1176 4493 1328 4558 μῆτερ
1360 4494 1452 4556 ἐμή
1480 4497 1650 4544 Caesar.

149 4563 336 4614 Vindob.
353 4565 490 4614 Idem
501 4565 629 4613 sicut
651 4569 758 4614 Par.
785 4580 860 4612 10.
879 4563 1021 4614 babet
1045 4581 1094 4617 v.
1112 4568 1144 4614 6
1167 4567 1494 4630 ἠτίμησαν.-
1511 4573 1573 4615 V.
1593 4570 1652 4617 15

149 4637 282 4687 ὧλεσι
307 4641 448 4690 codd.
471 4643 524 4689 8.
555 4641 724 4689 Coesar.

205 4716 222 4774 (
225 4715 268 4776 3)
298 4715 355 4763 Id
375 4731 438 4764 ex
461 4715 683 4764 codicum
709 4713 916 4778 vestigiis
947 4716 1076 4780 (cum
1104 4715 1244 4766 codd.
1271 4719 1326 4765 C.
1356 4721 1405 4765 S.
1433 4719 1515 4766 W.
1542 4734 1654 4765 con-

153 4789 311 4851 qa'rant
328 4795 438 4840 Par.
468 4807 544 4840 ro.
564 4799 612 4839 et
631 4793 822 4854 Cesar.)
849 4807 876 4838 a
902 4790 1147 4840 Meinekio
1173 4799 1222 4839 et
1246 4791 1451 4854 Bergkio
1468 4800 1654 4840 erutum

157 4861 378 4914 bendum
399 4881 504 4916 esee
529 4874 652 4932 puto
673 4865 726 4914 in
752 4865 962 4914 carmine
983 4865 1120 4931 epico
1146 4874 1300 4930 poetae
1323 4865 1546 4914 bucolici.

209 4939 274 5001 (ά)
307 4939 578 4990 Meinckius
597 4940 650 4988 in
673 4939 994 4990 adnotatione.

207 5016 274 5074 (5)
303 5019 374 5064 Ex
399 5015 512 5065 eod.
547 5029 629 5064 ιο.
655 5017 710 5062 In
737 5013 906 5064 Cesar.
933 5018 1000 5072 ὡς
1025 5015 1085 5076 γ’.

205 5091 276 5151 (6)
307 5089 584 5138 Emendavit
608 5093 908 5138 Hermannus
929 5090 980 5138 in
1008 5089 1165 5157 Orph.
1187 5108 1236 5156 p.
1255 5093 1366 5149 '58⁶²-

205 5168 272 5228 (7)
307 5170 372 5214 Ex
399 5166 586 5232 optimo
609 5163 774 5214 codice
798 5165 976 5215 Medic.
1017 5169 1068 5214 S.
1106 5163 1182 5214 Cf.
1216 5164 1278 5214 ad
1313 5161 1560 5213 Theocrit.
1583 5167 1650 5212 V.

3125 418 3268 485 xxxj

1743 533 1845 606 qui
1873 536 2103 611 scripsit
2121 555 2183 591 ln
2208 537 2369 593 exitu
2398 535 2433 593 ἅ
2464 558 2531 613 με
2556 536 2783 611 γαλάνα,
2815 538 3125 615 perfectam
3153 558 3275 596 esse

1743 623 2061 679 Hermanni
2099 624 2429 698 conjectura
2456 646 2468 679 :
2506 623 2683 683 ποθέει
2710 622 2763 683 δὲ
2791 623 2912 682 ποτὶ
2939 624 3099 682 πλόον
3136 624 3171 680 ἅ
3208 647 3275 699 με

1740 707 2391 787 γαλάνα,-Ρῐ·ωῐειηυειηι
2440 711 2598 787 quod
2638 711 2876 770 verbum
2919 708 3095 768 ποθέει
3134 711 3275 769 mihi

1741 795 1977 872 quidem
2020 798 2171 855 haud
2227 800 2307 855 ita
2356 799 2561 874 placet.
2609 800 2783 878 Apud
2840 794 3137 860 Stobaeuni
3182 801 3273 857 ed.

1742 959 1919 1016 Gaisf.
1952 960 2063 1018 hoc
2096 973 2391 1019 enotatum
2434 976 2521 1020 est
2557 985 2571 1018 ε
2614 992 2636 1011 ι
2661 912 2879 1021 ποθὲηΑ.
2908 910 3073 1036 ποθίῗηι
3111 969 3269 1025 Voss.

1739 1046 1895 1123 ποθίῃ
1925 1049 2122 1107 Trinc.
2150 1074 2174 1100 n
2208 1048 2351 1107 Cod.
2391 1049 2648 1108 vindob.
2687 1050 2865 1109 habet
2908 1052 3099 1121 ποθίη
3141 1048 3274 1110 πολὺ

1739 1132 1898 1192 πλέον
1927 1136 2132 1212 μεγάλα
2151 1136 2270 1194 ἅλα.
2300 1142 2367 1194 In
2392 1138 2498 1195 hac
2519 1153 2709 1197 autem
2736 1141 3033 1218 scriptura!
3054 1140 3275 1198 discre-

1743 1224 1938 1299 pantia
1962 1223 2141 1283 latere
2164 1224 2307 1283 mihi
2333 1227 2519 1285 visum
2549 1241 2637 1285 est
2660 1228 2851 1299 ποθίει,
2870 1226 3032 1304 quod
3060 1228 3271 1305 recepi.

1741 1314 1808 1367 In
1842 1312 2043 1369 eadem
2068 1334 2291 1371 mecum
2312 1316 2596 1373 sententia
2631 1327 2717 1373 est
2746 1320 2820 1375 O.
2852 1315 3177 1373 Schneider.
3214 1316 3271 1373 in

1741 1402 1891 1454 Nov.
1924 1404 2070 1457 Mus·
2090 1400 2208 1458 nh.
2231 1404 2333 1459 111.
2361 1421 2417 1479 p.
2444 1403 2580 1473 631,
2608 1401 2772 1477 cujus
2802 1402 3146 1460 auctoritate
3170 1404 3271 1459 fir-

1741 1499 1931 1545 matus
1988 1508 2113 1547 sum
2166 1489 2321 1547 hand
2378 1490 2763 1548 mediocriter.
2840 1495 2885 1547 l.
2930 1490 3161 1547 Bekker.
3210 1491 3269 1547 in

1742 1576 1979 1633 Homeri
2004 1575 2167 1634 Iliad.
2198 1575 2256 1647 ε’,
2284 1578 2416 1635 880.
2448 1579 2507 1649 ζ’,
2531 1579 2664 1636 623.
2708 1581 2789 1653 κ’,
2822 1598 2947 1648 121,
2973 1593 3269 1636 accentum

1740 1682 1868 1719 cum
1913 1664 2138 1739 Heynio
2168 1664 2382 1721 Wolfio
2415 1664 2728 1742 Spitznero
2766 1667 3039 1736 mutavit,
3083 1666 3182 1723 sed
3214 1666 3271 1721 in

1741 1752 1806 1807 ΙΙ.
1840 1752 1904 1828 β’,
1928 1753 2041 1824 75²
2070 1748 2241 1832 προΐει
2271 1774 2405 1811 cum
2430 1754 2643 1812 Wolfio
2672 1766 2730 1811 et
2758 1754 3068 1830 Spitznero
3102 1767 3273 1831 atque

1739 1838 1796 1894 in
1837 1839 1953 1896 Od.
1986 1839 2046 1910 δ’,
2089 1842 2204 1912 37²
2253 1839 2443 1918 μεθίεις
2486 1860 2617 1898 cum
2658 1840 2871 1899 Wolfio
2910 1842 3271 1899 immutatum

1740 1926 1995 2002 reliquit.
2026 1928 2307 2004 Equidem
2339 1928 2447 1986 seci
2469 1949 2603 1986 cum
2632 1928 2701 1987 iis
2725 1949 2870 2005 quos
2900 1930 3151 1987 laudavit
3173 1952 3272 1987 au·

1739 2028 1931 2073 ctores
1952 2018 2293 2093 Freytagius
2314 2018 2377 2075 in
2402 2018 2468 2075 lt.
2504 2016 2573 2095 β’,
2600 2019 2894 2089 752.-v.
2918 2018 2972 2087 5,
2998 2016 3095 2074 ubi
3117 2018 3271 2095 apud

1742 2104 2043 2161 Moschum
2080 2106 2300 2181 primus
2327 2105 2661 2176 Vulcanius,
2689 2106 2843 2183 apud
2873 2104 3161 2163 Stobaeum
3192 2110 3268 2168 Η.

1741 2192 1979 2248 Grotius
2008 2193 2265 2249 lacunam
2292 2190 2578 2269 explevit,
2604 2192 2730 2249 cod.
2766 2190 3011 2249 Vindob.
3046 2192 3145 2251 dat
3175 2192 3270 2252 κύ-

1741 2302 1884 2353 ματα
1916 2282 1993 2355 μᾶ
2023 2277 2253 2356 μεμήνη.
2296 2312 2355 2323 -
2381 2285 2451 2336 V.
2490 2300 2557 2337 10
2601 2279 2794 2337 malim
2829 2300 2959 2337 cum
3008 2280 3272 2359 Briggsio

1741 2379 1797 2423 et
1835 2368 2081 2445 Bergkio
2106 2366 2285 2447 πόρος.
2309 2398 2386 2411 -
2425 2372 2499 2425 V.
2545 2387 2614 2423 ια
2650 2356 2779 2444 ἇχον
2818 2387 2947 2424 cum
2985 2369 3271 2427 Brunckio

1739 2456 1960 2534 scripsi.
1995 2460 2187 2528 Quum
2222 2456 2372 2513 enim
2417 2460 2601 2513 Dores
2632 2455 2885 2513 dixerint
2911 2456 3089 2533 ἀχέω,
3116 2455 3271 2535 ἀχώ,

1737 2542 1876 2622 ἀχά,
1912 2566 2027 2603 non
2060 2544 2358 2619 inteilig0‚
2391 2564 2511 2620 quo
2539 2542 2673 2620 jure
2700 2544 3117 2604 Valckenarius
3156 2558 3271 2604 sta-

1740 2632 1947 2705 tuerit,
1976 2633 2215 2690 formam
2239 2620 2370 2709 ἇχον
2406 2651 2531 2689 esse
2560 2631 2992 2708 repudiandam.

1816 2724 1919 2777 VI.
1964 2740 2017 2779 v.
2052 2741 2097 2777 1.
2134 2714 2340 2799 Ἤρατο
2366 2718 2485 2779 Πὰν
2514 2718 2649 2776 dedi
2680 2740 2751 2777 ex
2780 2721 3111 2797 conjectura
3130 2724 3269 2777 Wa-

1739 2808 2009 2881 kefieldii,
2023 2828 2197 2886 quam
2221 2808 2530 2887 proposuit
2551 2807 2721 2865 etiam
2738 2808 3072 2866 Meinekius.
3083 2812 3269 2865 Pauca

1739 2896 1811 2954 de
1861 2896 1967 2955 hac
2013 2918 2077 2955 re
2126 2896 2323 2954 monui
2372 2896 2432 2954 in
2475 2894 2666 2954 Jahnii
2709 2894 2933 2953 Annall.
2970 2893 3171 2973 philol.
3216 2906 3272 2951 et

1741 2984 1963 3064 paedag.
1991 3005 2043 3042 a.
2079 2985 2246 3052 1845.
2272 2984 2388 3042 vol.
2415 2987 2625 3042 XLIII.
2657 2983 2794 3041 fasc.
2834 2987 2867 3042 3
2909 3002 2965 3061 p.
2989 2983 3120 3054 257.
3148 2993 3267 3037 not.

1739 3107 1816 3116 —
1840 3078 1911 3130 V.
1934 3091 1967 3128 2
2000 3079 2254 3150 σκιρτατᾶ
2276 3071 2403 3129 cod.
2430 3076 2491 3129 B.
2524 3070 2679 3148 apud
2698 3069 2859 3132 Stob.
2904 3070 2995 3130 Cf.
3020 3070 3268 3129 Theocr.

1739 3165 1783 3218 I.
1817 3161 1928 3218 150
1961 3159 2295 3238 σκιρτάσητε.
2345 3159 2487 3218 cod.
2514 3158 2769 3216 Vindob.
2806 3157 3001 3218 Λύδαν.
3025 3159 3191 3217 ——V.
3218 3159 3270 3214 3.

1739 3253 1808 3314 ὡς
1834 3247 1999 3326 Ἀχῶς
2019 3247 2107 3306 τὸν
2141 3256 2281 3305 πᾶνα
2303 3248 2432 3306 cod.
2451 3246 2708 3305 vindob.
2746 3247 2905 3306 Idem
2936 3267 2990 3305 v.
3017 3247 3051 3302 6
3080 3243 3272 3326 φιλέων

1738 3336 1951 3417 ἔχθαιρε
1978 3334 2433 3414 δόπασχεδ)αποιο
2460 3336 2604 3412 (sic).

1818 3431 1948 3486 VII.
1988 3447 2045 3485 v.
2062 3428 2099 3484 6
2122 3423 2440 3507 διερχομένου
2458 3444 2532 3482 ex
2548 3422 2679 3482 cod.
2703 3428 2765 3482 B.
2788 3423 2939 3500 apud
2962 3422 3272 3483 Stobaeum.

1739 3548 1818 3558 —
1853 3519 1925 3572 V.
1965 3537 1995 3588 7
2030 3515 2403 3591 κακομήχανος
2443 3512 2599 3589 quod
2645 3513 2701 3568 in
2744 3512 2997 3568 editione
3034 3511 3271 3570 Schwe-

1743 3747 1826 3794 28.
1857 3745 2088 3794 Enmdem
2118 3744 2295 3794 tibrum
2320 3745 2369 3792 in
2399 3743 2505 3792 aliis
2525 3758 2715 3807 qnoque
2745 3741 2857 3790 locis
2886 3742 3029 3806 hujus
3056 3741 3275 3792 carminis

1741 3830 1929 3870 secutus
1953 3836 2074 3868 suun.
2102 3823 2478 3883 Nonnumquam
2508 3815 2693 3881 proeivit
2715 3816 2817 3880 jam
2842 3816 3101 3883 Briggsius.

1807 3899 1878 3962 (8)
1924 3887 1995 3944 3'H
2015 3912 2072 3944 ex
2096 3896 2368 3959 conjectura
2393 3890 2675 3940 Hermanni.

1807 3973 1878 4035 (9)
1918 3969 1992 4019 Ad
2020 3967 2162 4017 codd.
2190 3969 2245 4016 C.
2275 3971 2322 4014 S.
2351 3964 2535 4014 accedit
2554 3968 2662 4012 Par.
2693 3980 2772 4012 ιο.

1807 4047 1911 4110 (10)
1946 4041 2122 4108 Recepi
2165 4041 2291 4106 qnod
2336 4039 2586 4105 proposuit
2620 4041 2882 4086 Hermann.
2912 4037 2961 4085 in
2988 4037 3267 4085 Zinnnerm.

1739 4121 1945 4186 Ephem.
1970 4135 2016 4166 a.
2052 4117 2197 4176 1837.
2228 4132 2278 4180 p.
2312 4114 2429 4161 236.

1807 4196 1915 4255 (11)
1948 4190 2098 4255 Εἴπερ
2128 4206 2209 4252 μοι
2238 4193 2345 4237 Par.
2374 4203 2455 4236 ιο.
2483 4186 2593 4235 edd.
2624 4189 2754 4235 Crat.
2777 4184 2927 4234 Bruh.

1804 4267 1909 4330 (ια)
1945 4265 1999 4313 Id
2026 4262 2270 4330 proposuit
2296 4261 2572 4312 Meinekins
2599 4260 2833 4326 probante
2851 4263 3116 4308 Hermann.

1808 4343 1911 4408 (13)
1946 4343 2017 4387 Ex
2051 4337 2160 4387 cod.
2196 4341 2247 4384 8.
2290 4336 2366 4385 cf.
2414 4334 2573 4384 AEsch.
2600 4339 2729 4382 Pers.
2773 4350 2817 4380 v.
2861 4335 2958 4379 650
2990 4331 3069 4380 ed.
3118 4331 3269 4380 Dind.

1741 4416 1893 4482 Soph.
1921 4414 2045 4464 oEd.
2069 4417 2124 4462 C.
2155 4429 2201 4459 v·
2228 4414 2360 4460 1560
2389 4410 2466 4458 ed.
2495 4415 2758 4458 Hermann.

1807 4492 1911 4556 (14)
1926 4490 1999 4538 Sic
2017 4486 2155 4536 codd.
2184 4488 2238 4534 C.
2265 4491 2313 4534 S.
2336 4487 2421 4532 W.
2447 4502 2526 4533 10.
2554 4483 2663 4532 edd.
2691 4482 2802 4532 Ald.
2834 4483 2951 4530 Cati.
2980 4480 3269 4531 Crat.Brub.

1744 4566 1907 4614 Ursin.
1950 4561 2193 4612 Sententia
2233 4569 2337 4610 eet:
2366 4560 2527 4609 nescio
2568 4575 2685 4608 num
2737 4565 2987 4622 receptura
3026 4555 3115 4606 sim
3164 4573 3271 4606 eum

1742 4640 1899 4706 ipsum
1924 4639 1960 4688 i.
1986 4655 2030 4687 e.
2063 4655 2165 4684 eum
2192 4636 2345 4684 vivum
2374 4651 2521 4704 neque
2545 4631 2751 4682 cadaver
2784 4629 2870 4680 vel
2906 4629 3128 4700 reliquias
3154 4631 3269 4696 ejus.

1807 4715 1912 4777 (15)
1942 4713 2117 4779 ’Έρδοι
2146 4716 2252 4760 Par.
2282 4726 2363 4758 ιο.
2384 4713 2519 4756 ——V.
2544 4725 2638 4756 ιοο
2660 4709 2821 4766 ἀλωήν
2840 4709 2893 4756 C.
2926 4723 3006 4753 10.
3042 4704 3274 4771 Spiritum

1743 4791 1899 4838 lenem
1928 4787 2107 4852 ubique
2130 4785 2327 4836 exhibui
2350 4784 2683 4835 addicentibus
2724 4783 2877 4833 libris.
2918 4781 2995 4832 cf.
3021 4782 3269 4847 Goettling.

1743 4871 1916 4915 Doctr.
1943 4861 2005 4910 de
2022 4871 2204 4910 acceut.
2233 4879 2281 4928 p.
2312 4869 2422 4916 140.

1809 4940 1916 5004 (16)
1949 4942 2039 4986 Dat
2058 4937 2165 4986 cod.
2195 4941 2244 4986 S.
2270 4936 2386 4985 Vid.
2418 4936 2628 5001 Oppian.
2656 4936 2767 4984 Hal.
2791 4939 2879 4982 111.
2904 4937 3020 4982 328.
3051 4941 3101 4981 et
3122 4930 3271 4982 Anth.

1742 5014 1842 5064 Pal.
1880 5018 1974 5063 IX.
2011 5014 2125 5077 59¹·
2168 5012 2321 5076 Hujus
2362 5012 2521 5060 sormae
2570 5011 2763 5073 vestigia
2799 5006 2928 5073 apud
2969 5007 3275 5056 Theocritum

1744 5105 1937 5153 quoqne
1977 5086 2029 5136 in
2073 5087 2317 5136 codicibus
2352 5085 2576 5134 Parisinis
2602 5095 2852 5150 apparent.
2894 5081 2970 5132 Cf.
3008 5084 3143 5130 xlv.
3192 5081 3277 5132 52.

1745 5166 1912 5212 xxn.
1947 5165 2041 5209 103
2066 5161 2217 5210 Gaisf.
2245 5173 2290 5208 et
2311 5161 2439 5210 Gait.
