3767 5825
1208 1047 2252 1236 PRAE'FATIO.

501 2183 1055 2257 Dilectissimum
1108 2183 1329 2255 Lehrs
1384 2207 1612 2279 quum
1664 2183 1803 2254 fata
1860 2207 2009 2276 non
2057 2185 2390 2256 sivissent
2441 2185 2664 2256 finem
2715 2200 3060 2283 attmgere

408 2313 575 2386 Φιλῆ
636 2331 968 2378 versuum
1026 2304 1111 2375 de
1152 2304 1579 2376 animalibus
1632 2305 2256 2379 emendandorum
2313 2322 2387 2379 et
2426 2307 2640 2379 latine
2687 2311 3062 2381 vertendo·

411 2455 614 2518 rum,
684 2453 917 2526 neque
974 2428 1300 2500 ultimam
1333 2427 1683 2499 adhibere
1740 2453 2032 2501 manum
2075 2430 2161 2502 iis
2186 2455 2348 2528 quae
2377 2431 2758 2529 scripserat
2803 2431 3060 2503 morbo

401 2551 551 2646 jam
602 2549 906 2644 graviter
955 2547 1296 2636 affectus,
1357 2546 1574 2619 licere
1628 2547 1806 2620 mihi
1859 2551 2104 2646 putavi
2162 2565 2244 2621 ut
2294 2551 2369 2620 in
2420 2549 2536 2620 his
2591 2550 3082 2622 retractandis-

410 2670 655 2770 paullo
688 2670 979 2742 liberius
1006 2694 1352 2742 versarer«
1381 2670 1715 2743 Substitit
1752 2688 1993 2744 autem
2037 2698 2258 2769 opera
2294 2674 2462 2768 Ejus
2512 2673 2586 2743 in
2624 2669 2770 2745 fine
2812 2673 3062 2770 capitis

408 2793 497 2864 de
522 2810 969 2879 monocerote,
1008 2794 1081 2863 in
1112 2793 1273 2892 ipso
1301 2817 1509 2864 versu
1563 2819 1761 2866 nooo.
1794 2799 1993 2864 Hanc
2021 2809 2297 2890 partem
2332 2794 2561 2866 libelli
2590 2819 2672 2866 ea
2704 2820 2846 2891 qua
2879 2819 3060 2866 con-

410 2920 701 3016 spicuus
739 2934 885 2989 erat
944 2917 1312 3015 diligentia
1346 2933 1417 2990 et
1451 2917 1708 3014 judicii
1748 2919 2049 2990 sanitate
2099 2919 2460 3007 tractavit,
2502 2943 2676 2991 usus
2714 2919 3064 3017 scriptura

410 3042 744 3114 codicum
777 3056 1123 3139 quattuor
1169 3056 1243 3113 et
1268 3041 1603 3113 editionis
1646 3040 1994 3138 principis
2027 3093 2046 3130 ,
2105 3066 2327 3137 quam
2363 3055 2775 3113 enotaverat
2803 3044 3064 3113 Camus

410 3166 485 3236 in
522 3166 801 3237 Notices
831 3182 903 3236 et
926 3167 1250 3237 Excraitzr
1288 3165 1432 3235 vol.
1468 3168 1551 3251 V,
1586 3188 1657 3260 p.
1688 3163 2005 3262 623-667
2026 3216 2045 3253 ,
2088 3179 2162 3235 et
2207 3163 2836 3237 emendationibus
2869 3169 3064 3236 Stru-

412 3289 541 3378 vii,
577 3312 757 3385 quas
795 3287 1083 3361 codices
1120 3303 1402 3361 tantum
1440 3312 1593 3360 non
1636 3287 1909 3384 ubique
1941 3287 2396 3360 confirmant.
2439 3294 2600 3385 Ipse
2637 3288 2914 3386 inspexi
2946 3314 3064 3359 co-

408 3408 643 3483 dicem
686 3412 817 3509 qui
857 3436 1090 3509 nuper
1135 3411 1376 3483 illatus
1426 3412 1539 3481 est
1586 3410 1926 3482 thesauro
1965 3413 2185 3505 Regio
2228 3411 2536 3508 (Suppl.)
2567 3464 2586 3499 ,
2637 3410 2858 3482 chart.
2905 3436 3061 3483 saec.

410 3538 589 3623 XVI,
624 3548 730 3605 τοῦ·
768 3539 1123 3630 σοφωτάτου
1274 3530 1603 3622 ἰδιότητος,
1647 3537 1827 3629 ἤγουν
1862 3537 2221 3631 φυσιολογία,
2258 3548 2612 3633 συγραφῆσα
2649 3533 2810 3628 (sic)
2838 3540 2905 3604 ἐκ
2939 3564 3068 3629 χει-

411 3664 503 3754 ρὸς
533 3662 896 3756 παναγιότου
931 3657 1091 3754 (sic)
1128 3661 1545 3755 παλαιολόγου
1575 3710 1594 3745 ,
1648 3657 2076 3754 paucissima
2127 3656 2518 3729 habentem
2558 3656 2697 3728 sibi
2755 3658 3064 3753 propria.

408 3781 549 3853 Sed
584 3806 813 3878 quum
844 3780 936 3853 de
976 3782 1257 3878 optimo
1284 3796 1354 3852 et
1378 3796 1604 3877 poetae
1634 3780 1858 3851 ferme
1896 3780 2152 3878 aequali
2186 3781 2435 3853 codice
2471 3781 2943 3877 bombycin0‚
2987 3805 3058 3851 n.

428 3904 651 3993 2630,
685 3906 947 4003 saepius
978 3905 1399 4003 scrupulum
1433 3904 1761 4000 injiceret
1796 3905 1998 3977 Cami
2025 3904 2138 3976 vel
2180 3905 2679 3976 testimonium
2709 3904 2815 3974 vel
2851 3903 3067 3975 silen-

412 4030 615 4117 tium,
642 4028 845 4099 hunc
874 4030 1137 4101 iterum
1170 4028 1527 4100 tractavi:
1568 4052 1720 4125 quo
1756 4042 2064 4113 eventu,
2105 4039 2586 4133 cognoscetur
2622 4026 2844 4113 infra3
2901 4050 3062 4096 nam

410 4151 651 4223 italico
690 4150 1096 4224 charactere
1125 4152 1393 4224 voculae
1418 4169 1562 4248 opt.
1607 4151 1922 4223 indicavi
1948 4151 2340 4246 scripturas
2370 4175 2413 4221 a
2433 4151 2654 4221 camo
2684 4149 2830 4219 sive
2859 4149 3068 4219 omis-

413 4298 527 4343 sas
562 4275 709 4344 sive
746 4274 929 4345 falso
974 4274 1244 4347 relatas.
1291 4273 1621 4372 Denique
1645 4272 2011 4345 Jacobs-cus
2041 4272 2220 4344 mihi
2249 4272 2604 4343 concessit
2627 4271 3067 4343 emendatio·

417 4420 541 4465 nes
576 4420 769 4484 suas,
808 4422 987 4492 quas
1026 4396 1118 4468 de
1152 4398 1482 4495 exemplo
1527 4398 1753 4495 ipsius
1780 4397 2169 4467 Pauwiano
2196 4394 2504 4467 enotavi.
2541 4394 2759 4465 Uncis
2795 4394 3068 4465 inclusa

416 4532 586 4589 sunt
620 4542 781 4614 quae
813 4544 895 4590 ex
923 4518 1076 4591 aliis
1116 4519 1322 4591 libris
1364 4536 1817 4592 accesserunt
1850 4518 2085 4590 codici
2113 4518 2524 4589 Arseniano.
2572 4520 2795 4589 Pauca
2827 4543 2912 4588 ex
2951 4516 3067 4589 his

416 4640 923 4715 additamentis
972 4641 1063 4714 ad
1097 4643 1345 4714 Philen
1394 4657 1759 4715 auctorem
1817 4643 2061 4715 referri
2098 4658 2451 4740 possunt,
2515 4641 2732 4714 debet
2770 4642 3068 4714 sortasse

419 4762 595 4834 nihil
634 4790 651 4832 ε
691 4789 861 4837 nam
896 4764 1034 4836 alia
1083 4781 1251 4836 sunt
1304 4789 1599 4862 prorsus
1647 4763 1875 4861 χυδαῒα
1903 4816 1925 4854 ,
1990 4765 2285 4837 meliora
2333 4764 2764 4836 imitatorem
2822 4765 3066 4861 potius

417 4910 633 4981 quam
670 4887 909 4983 ipsum
943 4887 1193 4958 Philen
1231 4890 1545 4985 sapiunt.

508 5014 662 5081 Jam
703 5010 920 5106 igitur
971 5010 1107 5082 hos
1152 5010 1433 5082 iambos
1471 5010 1559 5081 de
1607 5010 2022 5081 animalium
2037 5015 2515 5109 proprietate,
2574 5014 2648 5083 in
2696 5012 3065 5085 Pauwiana

419 5130 733 5203 editione
772 5132 1015 5204 multis
1055 5133 1381 5229 partibus
1416 5132 1825 5207 laborantes
1853 5188 1874 5225 ,
1931 5136 2277 5208 tradimus
2322 5136 2479 5208 Tibi
2521 5138 2740 5208 ferme
2777 5135 3066 5230 integri·

420 5254 541 5324 tati
573 5254 938 5327 restitutos
970 5256 1403 5352 scriptorum
1427 5255 1763 5328 codicum
1802 5256 2183 5329 beneficio.
2223 5264 2330 5330 De
2361 5258 2656 5353 singulis
2683 5258 2860 5328 locis
2880 5255 3065 5325 addo
