3767 5825
508 375 584 425 02
1682 365 1835 424 ΤΟΥ
1876 365 2064 424 «mm
2117 365 2296 425 ΠΕΡΙ
2341 364 2607 424 ΡΟΔΟΥ.
2650 417 2662 428 .

536 541 615 582 200
635 521 723 580 καὶ
754 527 851 590 ζῶν
881 524 1108 600 ἀτεχνῶς
1136 520 1384 598 ἄμπελὼν
1414 522 1781 602 πτωχοτρόφε,

634 611 803 686 μένοις
828 610 1020 691 περιὼν
1040 611 1132 669 καὶ
1154 612 1431 676 πλατύνοις
1454 611 1512 668 τὸ
1536 611 1723 689 κράτος

636 701 693 757 ἐκ
714 703 817 757 τῶν
842 701 1065 776 λογικῶν
1092 702 1183 768 τῆς
1210 702 1364 776 γονῆς
1388 700 1724 772 κληματίόων
1739 744 1755 774 ,

634 785 730 853 ἕως
759 785 821 845 ἂν
849 791 882 858 ἡ
911 791 979 864 γῆ
1003 789 1187 861 κλῆμα
1211 785 1301 844 καὶ
1334 785 1519 866 βότρυν
1550 786 1715 866 φέροι.

632 874 765 940 Τοὺς
790 874 1029 954 χάρακας
1052 874 1153 955 γὰρ
1184 875 1413 952 εὐτυχεῖς
1442 879 1542 930 τῶν
1572 875 1795 930 ἐλπίδων
1814 919 1830 946 ‚

528 983 607 1022 2⁶5
626 953 703 1030 οἷς
730 962 971 1043 φραγμὸν
998 961 1280 1041 ὧργάνωσε
1314 963 1538 1042 Χριστὸς
1570 961 1779 1042 ὑψόθεν.

1218 1145 1343 1156 -——

1036 1261 1215 1318 ΠΕΡΙ
1264 1261 1531 1318 ΡΟΔΟΥ.

640 1395 880 1472 Λειμὼν,
906 1396 1163 1468 Βασιλεῦ,
1186 1399 1289 1452 τῶν
1318 1401 1435 1452 θεοῦ
1464 1395 1811 1473 χαρισμάτων
1830 1439 1844 1466 ,

636 1484 786 1563 δέχου
812 1488 1095 1562 μαρασμοῧ
1121 1482 1211 1540 καὶ
1237 1487 1427 1562 φθορᾶς
1452 1487 1687 1562 κρεῖσσον
1719 1481 1863 1562 ῥόδον
1882 1527 1897 1552 ,

636 1571 663 1630 ὃ
690 1576 793 1629 τῶν
828 1571 996 1648 λόγων
1027 1575 1055 1628 δ
1090 1575 1257 1641 κῆπος
1286 1571 1526 1651 ἐξήνεγκέ
1556 1594 1667 1642 σοι,

636 1662 869 1739 πρόωρον
900 1661 971 1726 εἰς
1000 1657 1252 1738 εὔρυθμον
1284 1661 1514 1727 ἀνθῆσαν
1544 1658 1753 1738 δρόσον,

530 1768 613 1808 270
630 1749 695 1820 ἣν
724 1747 902 1826 ὄρθρος
931 1745 1056 1818 ἡδὺς
1084 1750 1323 1826 τεχνικῆς
1351 1745 1488 1826 ὥρας
1522 1745 1651 1826 χέει.

632 1835 838 1906 Ἕλλην
868 1837 961 1911 μὲν
992 1827 1079 1892 οὗν
1108 1834 1328 1912 εὔοσμον
1360 1835 1586 1914 ἀθρήσας
1618 1834 1795 1915 ῥόδον,

639 1923 762 1983 ὅταν
784 1931 810 1984 ὃ
834 1924 1013 2003 καιρὸς
1036 1926 1272 2002 ὀργανῶν
1298 1922 1389 1988 τὰς
1413 1923 1653 2001 ἐκφύσεις

642 2022 812 2089 κομᾶν
834 2015 1065 2092 ἀτεχνῶς
1087 2012 1219 2079 ἀξιοῖ
1236 2011 1326 2070 καὶ
1346 2010 1438 2077 τὰς
1462 2013 1676 2090 βάτους,

638 2103 728 2161 καὶ
748 2107 905 2178 μῦθον
925 2100 1070 2166 εὐθὺς
1089 2102 1277 2170 ἡδονῆς
1306 2100 1614 2164 ἀναπλάσας

529 2210 609 2252 27⁸
630 2189 832 2259 καὶτῆς
854 2193 1025 2269 βαφῆς
1043 2189 1102 2245 τὸ
1123 2189 1313 2254 κάλλος
1335 2190 1563 2266 αἰσχρῶς
1587 2192 1862 2266 θαυμάσας
1879 2234 1896 2260 ,

636 2285 731 2352 τῆς
755 2277 1083 2358 Ἀφροδίτης,
1110 2265 1281 2347 εἶπεν,
1310 2279 1417 2335 ἷδοῧ
1440 2279 1681 2357 πορφύρα
1698 2302 1709 2314 ·

640 2365 951 2441 κναφεύεται
972 2365 1074 2445 γὰρ
1097 2367 1155 2423 ἐκ
1176 2365 1331 2431 ποδὸς
1352 2365 1734 2446 καλλισφύρου,

642 2457 818 2535 βολαῖς
846 2455 1083 2512 ἀκανθῶν
1110 2454 1379 2532 εὐπρεπῶς
1404 2455 1743 2532 ᾑμαγμένου,

640 2547 704 2603 δι’
738 2535 809 2602 ὧν
832 2542 891 2600 τὸ
916 2541 1124 2618 συμὸὰν
1153 2545 1187 2610 ἡ
1218 2541 1379 2607 κάλυξ
1410 2543 1725 2618 αἰνίττεται,

547 2656 630 2695 20⁰
648 2633 743 2705 τὴν
764 2635 870 2690 τῶν
892 2633 1123 2710 ἐραστῶν
1148 2631 1531 2710 σωφρονίζουσα
1558 2629 1773 2709 τρύγην.

638 2718 781 2801 Ἐγὼ
804 2718 859 2778 δὲ
882 2717 1063 2776 λαὸὼν
1090 2719 1159 2783 εἷς
1187 2721 1318 2792 ἐμὰς
1340 2719 1520 2796 χεῖρας
1548 2719 1694 2797 ῥόδον

639 2809 759 2889 ἄρτι
785 2805 1035 2887 τρυγηθὲν
1061 2805 1111 2874 ἐξ
1140 2807 1367 2877 ἀκάνθης
1396 2806 1639 2885 ἐνδρόσου
1656 2855 1671 2878 ,

636 2897 723 2956 τὸν
746 2893 1061 2974 δημιουργὸν
1088 2899 1177 2953 τοῦ
1204 2899 1361 2974 φυτοῦ
1387 2893 1754 2972 κατεπλάγην,

644 2986 698 3052 ὃς
730 2984 962 3064 μετρίαις
991 2980 1145 3050 ἕλιξιν
1178 2984 1461 3063 ἐγκέντρων
1494 2984 1669 3062 βάτων

526 3094 607 3133 285
627 3070 968 3153 ἀρωματικὴν
994 3069 1269 3149 ἐμφυτεύει
1295 3070 1588 3150 πορφύραν.

639 3164 757 3221 Οὐκ
778 3150 841 3233 ἦν
867 3157 969 3239 γὰρ
994 3159 1127 3223 εἰκὸς
1150 3162 1220 3224 εἷς
1247 3158 1399 3236 βυθὸν
1426 3160 1773 3239 χαρισμάτων

640 3246 714 3326 μὴ
738 3248 825 3307 καὶ
848 3246 1093 3326 γεωργοῖς
1116 3250 1384 3325 εῧρεθῆναι
1406 3248 1703 3326 πορφύραν,

639 3337 735 3411 ἢν,
764 3339 833 3401 ὥς
861 3334 1020 3416 κόρην
1051 3334 1315 3411 θάλαμος,
1354 3338 1389 3405 ἡ
1420 3336 1584 3404 κάλυξ
1616 3335 1757 3417 φέρει

640 3425 731 3484 καὶ
752 3422 941 3501 κόχλον
968 3426 1126 3499 ὑγρᾶς
1150 3422 1452 3497 ἕκμιμεῖται
1474 3422 1745 3504 πορφύρας
1763 3470 1777 3499 ,

546 3534 629 3573 290
647 3512 709 3583 ἣν
735 3510 881 3575 κυνὸς
908 3508 1235 3587 ἡρμήνευσεν
1260 3511 1505 3586 ἀγροίκου
1530 3510 1677 3587 γένυς

642 3596 995 3679 ἐρυθροὸαφὴς
1024 3600 1284 3677 εὑρεθεῖσα
1314 3597 1440 3675 πρὸς
1474 3598 1644 3675 βάθος.

644 3692 767 3753 Πῶς
794 3676 882 3745 οὗν
911 3686 970 3744 τὸ
998 3684 1228 3743 κλωσθὲν
1258 3684 1309 3753 ἐξ
1340 3685 1535 3754 ἀδήλου
1566 3688 1800 3766 κερκίδος

640 3776 890 3844 νοτίζεται
921 3774 1016 3851 μὲν
1044 3775 1158 3840 ταῖς
1186 3772 1312 3854 πρὸς
1342 3773 1522 3854 ὄρθρον
1554 3776 1767 3851 ἷκμόσι,

640 3864 877 3932 πιέζεται
902 3861 955 3921 δὲ
984 3866 1049 3939 τῆ
1076 3863 1226 3938 φλογὶ
1250 3864 1353 3919 τῶν
1378 3862 1629 3936 ἀκτίνων,

538 3974 620 4012 aas
640 3953 949 4010 λεπτύνεται
974 3950 1027 4007 δὲ
1051 3955 1115 4027 τῇ
1142 3955 1338 4031 στροφῇ
1361 3954 1464 4008 τῶν
1493 3950 1834 4028 πνευμάτων,

642 4039 914 4117 ὑφαίνεται
939 4036 993 4097 δὲ
1014 4042 1077 4117 τῇ
1106 4038 1355 4117 μετάρσει
1377 4044 1467 4097 τοῦ
1486 4040 1675 4119 χρόνου

640 4127 731 4185 καὶ
754 4126 950 4195 πέπλος
973 4126 1111 4185 ἔστιν
1138 4130 1197 4185 ἐκ
1223 4132 1396 4208 βαφῆς
1421 4120 1745 4187 ἀνεκπλύτου

644 4219 709 4295 τῇ
740 4216 970 4293 βασιλίδι
993 4215 1135 4296 τάχα
1158 4220 1259 4273 τῶν
1290 4220 1437 4295 ὡρῶν
1464 4218 1703 4297 πρέπων;

652 4304 821 4377 Ποία,
847 4305 1077 4363 Βασιλεῧ
1094 4348 1108 4375 ,
1138 4306 1350 4383 τεχνικὴ
1376 4306 1492 4387 χεὶρ
1521 4307 1795 4387 ζωγράφου

540 4414 623 4453 300
640 4391 735 4463 τὴν
769 4392 911 4471 ὥραν
941 4393 1084 4472 αὖτῷ
1114 4392 1285 4459 δεξιῶς
1311 4394 1447 4452 οὕτω
1473 4396 1693 4476 γράφεις

642 4480 719 4548 τίς
743 4480 889 4547 ἄνθος
912 4480 1084 4559 ὠχρὸν
1110 4481 1221 4538 ἀντὶ
1246 4482 1459 4561 κέντρου
1485 4484 1730 4559 πηγνύων

644 4573 737 4641 τῆς
757 4568 1025 4649 πορφύρας
1049 4568 1108 4627 τὸ
1133 4574 1317 4648 σχῆμα
1345 4570 1614 4650 φαιδρύνει
1636 4570 1795 4629 πλέον

644 4663 709 4737 τῇ
733 4658 863 4738 πρὸς
884 4658 944 4715 τὸ
968 4659 1140 4738 κιρρὸν
1166 4663 1258 4729 τῆς
1291 4662 1461 4741 βαφῆς
1487 4659 1813 4739 παραθέων,

645 4746 721 4813 τίς
738 4747 912 4825 κόμμι
935 4745 1124 4827 πεφθὲν
1150 4752 1209 4806 ἐκ
1233 4756 1401 4827 πυρᾶς
1428 4747 1730 4828 ἀποκρύφου

542 4858 616 4895 305
639 4836 1001 4917 φοινικοὸαφὲς
1027 4840 1096 4903 εἰς
1116 4835 1182 4894 τὰ
1205 4836 1375 4918 φύλλα
1403 4838 1649 4909 δεικνύει;

647 4922 723 4988 τίς
754 4922 1003 5002 ἐμφάσεις
1036 4924 1215 4981 δίδωσι
1240 4932 1346 4988 τοῖς
1374 4926 1582 5003 φύλλοις
1606 4925 1807 5005 πόρων,

646 5013 713 5073 ὡς
740 5008 801 5067 ἂν
830 5016 1071 5089 παχυνθῇ
1099 5018 1190 5082 τῆς
1221 5017 1391 5093 βαφῆς
1418 5018 1450 5081 ἡ
1474 5014 1756 5087 λεπτότης,

650 5098 741 5155 καὶ
772 5106 1062 5179 συσκιασῡῗΙ
1090 5106 1182 5167 τῆς
1214 5106 1337 5179 ῥοῆς
1365 5106 1397 5171 ἡ
1424 5102 1697 5175 λευκότης;

651 5186 723 5253 τίς
749 5186 910 5263 μύρον
932 5190 1073 5267 ἐγχεῖ
1100 5192 1403 5248 συσταλεῖσι
1427 5195 1531 5258 τοῖς
1555 5192 1757 5271 πόροις,

2157 531 2277 581 viva
2303 545 2502 594 prorsus
2525 531 2808 594 spiransque
2827 529 2972 580 vinea
2989 527 3052 578 ad
3073 540 3310 591 pauperes
3333 525 3520 576 alendo<
3535 562 3547 582 ,

2157 633 2292 670 serus
2313 620 2500 670 intersis
2517 620 2662 670 rebus
2679 619 2904 668 humanis
2925 621 2974 668 et
2997 617 3168 667 dilates
3191 614 3443 678 imperium

2161 708 2459 759 rationabilis
2481 707 2660 758 sobolis
2679 707 3036 770 propaginibus,

2157 798 2278 846 dum
2300 801 2430 846 terra
2451 798 2602 846 vitem
2626 809 2870 858 uvamque
2895 797 3030 846 feret.

2158 889 2278 935 Nam
2305 886 2465 936 felices
2487 898 2620 946 spes,
2645 885 2794 934 veluti
2823 884 3136 934 viviradicum
3159 884 3340 943 fossas,
3359 882 3572 946 posside&

2155 986 2275 1035 quas
2297 973 2517 1022 christus
2538 973 2704 1022 divino
2721 972 2990 1034 sepimenio
3013 972 3345 1034 praemunivit.

2755 1255 2856 1314 DE
2897 1254 3118 1313 ROSA.

2161 1404 2446 1464 Imperator,
2472 1401 2556 1462 qui
2581 1415 2632 1450 es·
2652 1403 2846 1464 pratum
2865 1401 3039 1450 (livinis
3057 1401 3250 1449 dotibus
3265 1399 3526 1458 abundans,

2163 1491 2320 1553 recipe
2343 1505 2498 1540 msam
2516 1527 2531 1553 ,
2560 1503 2671 1553 quae
2695 1503 2992 1540 marcescere
3015 1494 3064 1538 et
3089 1488 3245 1552 perire
3269 1491 3496 1550 nequeat,

2161 1593 2308 1642 quam
2333 1578 2580 1628 literarum
2607 1579 2774 1627 hortus
2797 1579 2884 1628 tibi
2910 1579 3125 1641 protulit,

2163 1681 2429 1730 praecocem
2447 1667 2644 1730 quidem
2663 1705 2677 1729 ,
2703 1669 2864 1716 tamen
2886 1668 3074 1730 poetico
3101 1680 3208 1716 rore
3233 1667 3470 1716 florentem
3483 1699 3498 1724 ,

2161 1769 2306 1818 quem
2333 1756 2496 1806 suavis
2523 1769 2695 1805 aurora
2718 1755 2893 1806 eruditi
2921 1755 3048 1806 veris
3065 1755 3260 1818 spargit.

2163 1843 2366 1891 Graecus
2387 1843 2580 1904 quidem
2603 1844 2964 1893 suaveolentem
2984 1857 3138 1906 quum
3157 1842 3403 1905 conspexit
3422 1853 3586 1898 rosam.

2163 1929 2358 1990 quando
2376 1931 2488 1978 anni
2515 1933 2777 1994 tempestas
2789 1968 2803 1992 ‚
2825 1931 3111 1994 protrudens
3127 1933 3338 1994 germina
3351 1967 3366 1988 .

2167 2017 2242 2066 vel
2269 2017 2416 2066 rubos
2433 2018 2574 2080 jubet
2597 2019 2840 2069 frondium
2863 2033 3004 2069 coma
3023 2021 3183 2069 ornari
3199 2056 3214 2082 ‚

2163 2107 2212 2154 et
2239 2107 2404 2155 statim
2431 2107 2628 2168 tingeret
2657 2108 2868 2158 fabulam
2901 2121 3014 2171 quae.
3045 2109 3202 2171 ipsum
3229 2108 3478 2157 delectaret

2161 2197 2211 2242 et
2231 2194 2454 2244 indecore
2477 2195 2742 2244 admiratus
2759 2195 2934 2244 coloris
2953 2193 3360 2257 pulchritudinem
3377 2231 3392 2254 ‚

2161 2281 2460 2332 exclamaret
2481 2301 2495 2332 ι
2519 2286 2592 2332 En
2610 2283 2698 2333 tibi
2717 2296 2980 2346 purpuram
3005 2283 3206 2334 Veneris
3227 2285 3239 2330 t

2165 2369 2317 2418 tincta
2333 2370 2465 2420 enim
2484 2383 2539 2420 ea
2559 2373 2631 2420 est
2651 2371 2769 2434 pede
2793 2372 2896 2420 deae
2917 2371 3144 2434 pulchras
3164 2370 3344 2432 plantas
3365 2367 3578 2425 iubentis,

2165 2456 2344 2507 ictibus
2365 2459 2614 2530 spinarum
2635 2459 2809 2509 decore
2827 2463 3080 2510 cnaentato
3093 2497 3107 2520 ,

2165 2558 2373 2608 eumque
2395 2561 2562 2596 casum
2587 2549 2652 2597 ita
2675 2549 2909 2610 significat
2933 2561 3054 2598 rosae
3077 2549 3216 2607 calyx
3231 2583 3246 2606 ,

2167 2637 2222 2683 ut
2241 2637 2413 2684 cautos
2432 2636 2578 2686 faciat
2595 2639 2847 2699 carpentes
2865 2650 2974 2686 cam
2995 2638 3249 2686 amatores.

2168 2726 2270 2784 Ego
2296 2736 2414 2773 vero
2429 2761 2446 2784 ,
2469 2731 2664 2788 sumpta
2689 2725 2739 2773 in
2761 2737 2896 2774 meas
2919 2738 3093 2774 manus
3117 2737 3222 2772 rosa

2166 2825 2227 2860 ex
2249 2812 2386 2874 spina
2407 2813 2594 2862 roscida
2621 2813 2764 2862 modo
2791 2813 3018 2877 decerpta
3033 2851 3047 2874 ,

2167 2899 2470 2951 conditorem
2489 2901 2637 2964 hujus
2655 2902 2786 2951 iloris
2806 2916 2920 2951 cum
2939 2905 3140 2965 stupore
3157 2901 3382 2956 admiror,

2165 2988 2248 3052 qui
2269 2990 2600 3040 aculeatorum
2621 2992 2852 3040 ruborum
2875 2991 3078 3041 modicis
3095 2991 3296 3040 flexibus

2168 3077 2344 3127 insevit
2360 3077 2647 3128 odoriferam
2669 3079 2794 3127 lianc
2812 3093 3097 3141 purpuram.

2169 3165 2356 3215 Etenim
2377 3179 2462 3229 par
2478 3168 2612 3227 erat,
2634 3168 2682 3215 in
2702 3170 2838 3216 tanta
2858 3168 3132 3216 divinorum
3153 3178 3400 3217 munerum
3419 3165 3591 3224 abysso.
3692 3150 3693 3183 ³

2167 3253 2312 3301 etiam
2331 3255 2550 3315 agricolis
2571 3256 2772 3305 inveniri
2792 3270 2932 3305 suam
2953 3269 3218 3319 purpuram
3237 3292 3252 3318 ‚

2166 3354 2312 3403 quam
2338 3342 2480 3403 calyx
2493 3378 2508 3401 ,
2529 3345 2586 3392 ut
2607 3344 2850 3393 thalamus
2867 3357 3045 3393 novam
3063 3346 3264 3405 nuptam
3278 3380 3294 3405 ,
3313 3342 3560 3399 contineat,

2167 3430 2462 3481 adumbrans
2478 3432 2678 3481 marinae
2700 3447 2930 3495 purpura}
2950 3433 3186 3483 concham
3202 3469 3217 3492 ,

2166 3530 2313 3580 quam
2335 3521 2531 3581 agrestis
2549 3521 2682 3571 canis
2701 3522 2899 3572 maxilla
2917 3520 3208 3571 monstravit

2169 3608 2462 3669 penitissime
2481 3609 2657 3660 rubore
2675 3610 2841 3660 tincta.

2168 3696 2425 3754 Quomodo
2439 3698 2583 3760 igitur
2598 3700 2767 3750 textile
2781 3700 2876 3749 boc
2887 3712 3011 3763 opus
3023 3712 3085 3749 ex
3098 3698 3399 3762 inconspicua
3408 3696 3502 3745 fuso
3511 3692 3654 3741 ductum

2170 3784 2476 3834 humectatur
2499 3788 2750 3835 matutinis
2776 3788 3088 3850 humoribus,

2168 3873 2401 3934 premitur
2425 3874 2669 3924 radiorum
2697 3876 2926 3925 solarium
2956 3876 3176 3938 flamma,

2168 3964 2420 4011 ventorum
2445 3964 2703 4026 agitatione
2729 3966 2980 4027 tenuatur,

2165 4052 2442 4114 temporum
2472 4052 2804 4101 vicissitudine
2825 4053 3031 4114 texitur,

2173 4139 2324 4202 fitque
2345 4142 2484 4189 texta
2506 4142 2654 4191 vestis
2683 4143 2846 4191 colore
2862 4141 3018 4192 tincta
3037 4141 3288 4205 nunquam
3307 4138 3492 4191 eluendo
3505 4172 3518 4196 ,

2169 4228 2378 4289 reginam
2404 4229 2501 4279 fere
2527 4233 2871 4291 tempestatum
2893 4231 3007 4279 anni
3027 4231 3233 4289 dece-ris?

2167 4315 2318 4377 Cujus
2343 4316 2541 4380 pictoris
2556 4356 2570 4379 ‚
2602 4320 2885 4381 imperator,
2911 4318 3174 4369 artificiosa
3195 4332 3363 4369 manus

2166 4402 2271 4463 ejus
2295 4404 2703 4465 pulchritudinem
2731 4410 2834 4455 tam
2858 4406 2979 4457 scite
3009 4406 3192 4469 pingit?

2167 4491 2274 4553 quis
2294 4492 2546 4541 flosculum
2568 4495 2826 4554 pallentem
2849 4509 2937 4557 pro
2955 4495 3188 4544 umbilico
3209 4493 3403 4557 intigens

2168 4580 2367 4642 figuram
2393 4584 2620 4643 purpurei
2647 4582 2776 4633 floris
2803 4584 2954 4645 magis
2981 4584 3202 4633 nitefacit

2168 4669 2505 4731 conjunctione
2524 4672 2626 4732 ejus
2649 4686 2762 4721 cum
2787 4672 2921 4721 luteo
2944 4673 3106 4722 colore
3119 4676 3141 4721 ?

2166 4758 2277 4818 quis
2299 4760 2596 4807 maturatum
2619 4759 2822 4809 occultis
2845 4760 3087 4809 caloribus
3116 4761 3280 4811 fucum

2169 4846 2444 4895 coccineum
2466 4846 2590 4896 foliis
2607 4848 2712 4908 eius
2729 4848 2952 4897 inducit?

2167 4935 2278 4997 quis
2299 4934 2410 4983 folia
2430 4934 2676 4997 distinguit
2696 4936 2966 4999 conspicuis
2989 4937 3230 4987 meatibus
3243 4972 3258 4999 ,

2170 5026 2226 5071 ut
2245 5024 2416 5072 coloris
2435 5024 2640 5072 tenuitas
2659 5025 2870 5087 vegetior
2885 5024 2986 5086 fiat,

2169 5114 2218 5162 et
2235 5111 2522 5162 obscuretur
2541 5112 2722 5176 liquida
2739 5114 2912 5164 albedo
2928 5116 2951 5163 ·:·

2171 5202 2278 5263 quis
2301 5201 2560 5252 contractis
2577 5202 2817 5253 meatibus
2835 5202 3036 5253 instillat
3053 5202 3260 5253 balsami
3277 5201 3442 5252 odom
3455 5234 3470 5261 ,
