3767 5825
1356 350 1723 412 NICANDRI
1762 348 2164 408 THERIACA.

275 491 571 576 δραχμάων
597 485 841 569 τρίφατον
866 483 1079 552 δεκάδος
1105 481 1438 541 καταὸάλλεο
1463 485 1651 561 βρῖθος,

273 585 329 642 ἐν
358 581 413 640 δὲ
441 579 623 660 τρίτην
648 585 832 657 μοῖραν
860 573 1035 656 ροδέου
1060 571 1209 652 χοὸς,
1232 571 1295 643 ἥν
1325 594 1383 646 γε
1408 569 1595 649 θυωροὶ

273 669 492 752 πρώτην
522 665 811 745 μεσσατίην
838 685 895 720 τε
917 660 1265 742 πολύτριπτον
1301 656 1589 716 καλέουσιν·

167 784 237 824 1oe
278 760 528 838 ἰσόμορον
552 757 597 814 δ’
622 755 789 832 ὦμοῖο
806 750 948 831 χέειν
972 753 1193 829 ἀργῆτος
1215 747 1421 824 ἐλαίου,

274 845 601 928 τετράμορον
632 842 835 919 κηροῖο·
868 837 939 897 τὰ
956 840 1004 896 δ’
1034 840 1086 896 ἐν
1110 834 1349 917 περιηγέι·
1370 834 1573 914 γάστρῃ

274 935 447 995 θάλπε
469 928 875 1010 κατασπέρχων,
892 926 1000 986 ἔστ’
1024 925 1087 984 ἂν
1109 925 1231 1004 περὶ
1254 923 1439 1004 σάρκες
1456 919 1683 991 ἀκάνθης

275 1019 597 1100 μελδόμεναι
624 1014 965 1099 θρύπτωνται·
993 1011 1174 1071 ἔπειτα
1202 1009 1258 1069 δὲ
1285 1009 1440 1077 λάζεο
1477 1007 1669 1078 τυκτὴν

280 1111 473 1190 εὖεργῆ
499 1106 705 1178 λάκτιν,
730 1101 801 1161 τὰ
822 1100 877 1159 δὲ
903 1099 1064 1181 μυρία
1082 1098 1256 1156 πάντα
1284 1095 1566 1178 ταράσσειν

168 1221 237 1258 ιιο
277 1194 591 1276 συμφύρδην
608 1190 858 1274 ὄφίεσσιν·
890 1187 1011 1256 ἑκὰς
1038 1190 1083 1246 δ’
1104 1185 1358 1267 ἀπόερσον
1394 1183 1643 1250 ἀκάνθας.

277 1285 373 1344 καὶ
396 1286 501 1364 γὰρ
529 1289 643 1348 ταῖς
668 1277 950 1359 κακοεργὸς
968 1279 1109 1353 ὁμῶς
1132 1273 1450 1356 ἐνιτέτροφεν
1477 1270 1567 1338 ἰός·

277 1375 405 1454 γυῖα
430 1370 487 1431 δὲ
506 1369 682 1429 πάντα
703 1367 891 1435 λίπαζε
917 1366 1009 1424 καὶ
1033 1367 1105 1431 εἷς
1132 1363 1267 1436 ὁδὸν,
1295 1361 1331 1434 ἢ
1354 1363 1445 1421 ἐπὶ
1466 1365 1655 1443 κοῖτον,

281 1461 319 1533 ἢ
348 1460 477 1520 ὅταν
502 1455 729 1516 αὖαλέου
746 1455 918 1536 θέρεος
946 1457 1059 1531 μεθ’
1092 1451 1260 1510 ἆλώϊα
1285 1449 1411 1532 ἔργα

280 1547 587 1626 ζωσάμενος
611 1541 805 1628 θρίναξι
834 1541 994 1623 βαθὺν
1016 1539 1302 1620 διακρίνεαι
1325 1538 1529 1597 ἄντλον.

368 1638 443 1698 Εἰ
461 1633 521 1694 δέ
544 1656 647 1692 που
666 1634 722 1690 ἐν
744 1628 1017 1690 δακέεσσιν
1038 1627 1369 1708 ἀφαρμάκτῳ
1387 1619 1509 1705 χροῒ
1534 1621 1732 1703 κύρσῃς

278 1725 521 1802 ἄκμηνος
547 1720 723 1792 σίτων,
750 1717 837 1776 ὅτε
858 1715 923 1788 δὴ
947 1715 1109 1775 κακὸν
1136 1715 1327 1794 ἄνδρας
1353 1713 1557 1782 ἰάπτει,

286 1803 428 1895 αἶψά
450 1834 538 1871 κεν
568 1805 885 1887 ἡμετέρῃσιν
918 1803 1204 1884 ἐρωήσειας
1232 1802 1495 1883 ἐφετμαῖς.

284 1905 417 1964 Τῶν
435 1898 557 1972 ἤτοι
582 1895 765 1968 θήλεια
786 1891 1098 1970 παλίγκοτος
1116 1887 1443 1966 ἀντομένοισι
1456 1932 1471 1959 ,

284 1988 526 2066 δόγματι
549 1980 825 2061 πλειοτέρη
851 1978 943 2039 καὶ
966 1976 1183 2048 δλκαίην
1208 1976 1297 2034 ἐπὶ
1326 1998 1407 2035 σει
1436 1973 1523 2045 ήν·

169 2100 245 2138 rzo
276 2076 506 2136 τοῦνεκα
531 2071 623 2132 καὶ
644 2069 886 2130 θανάτοιο
911 2065 1158 2146 θοώτερος
1174 2064 1340 2134 ἵξεται
1363 2087 1399 2122 α
1422 2086 1511 2122 σα.

284 2165 430 2226 Ἀλλ’
459 2161 578 2234 ἤτοι
600 2159 772 2241 θέρεος
803 2154 1059 2237 βλαὸερὸν
1090 2154 1245 2221 δάκος
1275 2149 1614 2220 ἐξαλέασθαι,

287 2251 586 2323 Πληϊάδων
614 2247 806 2328 φάσιας
831 2240 1201 2319 δεδοκημένος,
1231 2240 1291 2300 αἵ
1310 2240 1353 2299 θ’
1384 2238 1485 2297 ὑπὸ
1508 2235 1697 2316 ταύρου

284 2339 513 2410 ὁλκαίην
538 2334 821 2419 ψαίρουσαι
842 2331 1131 2411 ὀλιζότεραι
1152 2328 1441 2412 φορέονται·

285 2429 321 2502 ἢ
351 2428 447 2488 ὅτε
475 2426 570 2486 σὺν
596 2423 825 2484 τέκνοισι
849 2418 1245 2502 θερειομένοισιν
1270 2415 1500 2484 ἀὸοσκὴς

179 2539 249 2578 125
290 2520 523 2600 φωλειοῦ
548 2512 782 2592 λοχάδην
806 2508 909 2568 ὑπὸ
930 2507 1108 2588 γωλεὰ
1126 2505 1282 2586 δίψας
1300 2502 1455 2562 ἰαύει·

290 2606 327 2678 ἢ
352 2603 447 2664 ὅτε
466 2601 687 2682 λίπτῃσι
712 2601 826 2677 μεθ’
854 2597 941 2656 ἑὸν
968 2595 1147 2674 νομὸν,
1172 2597 1209 2665 ἢ
1230 2592 1317 2652 ἐπὶ
1348 2592 1519 2650 κοῖτον

294 2699 354 2754 ἐκ
388 2696 554 2769 νομοῦ
577 2687 891 2748 ὑπνώσουσα
913 2683 1001 2763 κίῃ
1032 2679 1359 2764 κεκορημένη
1390 2677 1513 2750 ὕλης
1528 2723 1545 2750 ,

296 2783 375 2861 μὴ
411 2780 475 2838 σύ
501 2779 552 2858 *f
575 2780 650 2838 ἐνὶ
676 2774 925 2858 τριόδοισι
944 2771 1135 2853 τύχῃς,
1157 2769 1244 2829 ὅτε
1266 2767 1447 2848 δοίγμα
1469 2767 1705 2847 πεφυζὼς

288 2867 519 2951 περκνὸς
552 2863 662 2945 ἔχις
689 2861 844 2943 θύῃσι
867 2858 1039 2932 τυπὴν
1061 2856 1332 2941 ψολόεντας
1361 2854 1584 2935 ἐχίδνης·

184 2980 251 3019 1³0
288 2958 475 3031 ἡνίκα,
504 2951 815 3035 θορνυμένου
840 2948 1005 3030 ἔχως,
1035 2949 1229 3028 θολερῷ
1250 2943 1513 3004 κυνόδοντι

290 3043 487 3127 θουρδις
512 3041 635 3110 ὀδὰξ
664 3043 873 3121 ἐμφῦσα
900 3036 1065 3117 κάρην
1094 3033 1355 3115 ἀπέκοψεν
1382 3033 1618 3109 δμεύνου·

290 3138 339 3195 οἱ
364 3130 429 3192 δὲ
448 3129 649 3212 πατρὸς
670 3125 852 3199 λώὸην
875 3122 1177 3201 μετεκίαθον
1206 3119 1398 3178 αὐτίκα
1431 3117 1609 3177 τυτθοὶ

294 3218 595 3301 γεινόμενοι
621 3221 821 3297 ἐχιῆες,
850 3212 963 3273 ἐπεὶ
992 3210 1079 3270 διὰ
1103 3210 1297 3289 μητρὸς
1326 3204 1515 3287 ἀραιὴν

294 3308 519 3391 γαστέρ’
548 3294 951 3388 ἀναὸριίίσαντες
972 3297 1232 3378 ἀμήτορες
1260 3292 1567 3373 ἐξεγένοντο·

190 3424 256 3463 1³5
296 3400 383 3473 οἴη
411 3396 519 3478 γὰρ
550 3393 765 3476 βαρύθει
790 3389 893 3449 ὑπὸ
918 3388 1133 3466 κύματι·
1164 3384 1246 3443 τοὶ
1275 3382 1330 3442 δὲ
1356 3387 1474 3441 καθ’
1506 3380 1633 3451 ὕλην

297 3477 523 3547 ὧοτόίιοι
554 3482 692 3565 ὄφιες
715 3477 947 3559 λεπυρὴν
972 3475 1225 3535 θάλπουσι
1251 3471 1517 3551 γενέθλην.

304 3575 455 3649 Μηδ’
485 3571 573 3630 ὅτε
597 3574 799 3651 ῥικνῆεν
834 3564 1057 3649 φολίδων
1086 3562 1193 3620 ἀπὸ
1218 3565 1381 3641 γῆρας
1410 3556 1641 3637 ἀμέρσας

303 3664 381 3744 ἂψ
412 3656 745 3741 ἀναφοιτήσῃ
772 3657 935 3735 νεαρῇ
964 3646 1321 3731 κεχαρημένος
1341 3644 1471 3724 ἥὸῃ·

302 3752 338 3824 ἢ
364 3750 525 3809 ὁπότε
550 3740 847 3825 σκαρθμοὺς
872 3738 1079 3820 ἐλάφων
1104 3740 1313 3816 ὀχεῇσιν
1342 3730 1549 3800 ἀλύξας·

195 3862 263 3899 ιιι»
304 3838 526 3921 ἀνδρεία)
552 3832 806 3913 ἔνισκήψῃ
834 3826 1041 3910 χολόων
1060 3822 1377 3905 θυμοφθέρον
1406 3821 1500 3879 ἰόν·

306 3927 470 4007 ἔξοχα
496 3922 603 4004 γὰρ
634 3923 891 4000 δολιχοῖσι
916 3915 1255 3979 κινωπισταῒς
1278 3907 1517 3971 κοτέουσι

288 4008 619 4095 .νε6ροτὸκοι
640 4007 733 4068 καὶ
760 4006 952 4087 ζόρκες·
980 3997 1304 4081 ἇνιχνεύουσι
1327 3998 1383 4057 δὲ
1406 3995 1581 4055 πάντα

308 4098 601 4186 τρόχμαλοί
626 4097 669 4156 θ’
700 4092 953 4173 αἱμασιάς
982 4113 1041 4149 τε
1068 4088 1159 4147 καὶ
1186 4084 1382 4153 εἶλυοὺς
1408 4082 1659 4163 ἐρέοντες,

313 4186 621 4271 σμερδαλέη
649 4188 911 4263 μυκτῆρος
937 4174 1339 4255 ἐπισπέρχοντες
1361 4174 1556 4250 ἅϋτμῇ.

400 4274 514 4338 Ναὶ
534 4272 638 4351 μὴν
652 4269 744 4329 καὶ
756 4268 1008 4350 νιφόεσσα
1026 4261 1171 4346 φέρει
1190 4258 1552 4323 δυσπαίπαλος
1572 4254 1769 4335 Ὄθρυς

315 4364 475 4449 φοινδι
501 4362 665 4433 δάκη,
692 4357 841 4429 κοίλη
868 4379 927 4413 τε
955 4350 1159 4436 φάραγξ
1190 4348 1281 4407 καὶ
1301 4346 1517 4426 τρηχέες
1548 4344 1707 4425 ἀγμοὶ

315 4456 411 4515 καὶ
438 4452 605 4516 λέπας
632 4450 811 4523 ὓλῆεν,
840 4443 952 4503 τόθι
976 4440 1141 4522 δίψιος
1170 4434 1416 4515 ἐμὸατέει
1440 4433 1570 4515 οήψ,

320 4540 531 4623 Χροιῆν
560 4539 606 4596 δ’
624 4531 917 4616 ἀλλόφατόν
939 4553 998 4588 τε
1024 4527 1117 4587 καὶ
1144 4529 1203 4584 οὐ
1230 4523 1354 4602 μίαν
1378 4522 1551 4580 οἰαδὸν
1572 4520 1745 4599 ἴσχει,

322 4630 437 4689 αἰὲν
467 4624 752 4704 ἐειδόμενος
775 4620 953 4701 χώρῳ,
976 4615 1065 4675 ἵνα
1090 4636 1163 4693 χη
1171 4610 1315 4694 ραμὰ
1338 4608 1533 4689 τεύχει.

214 4743 283 4777 lan
321 4724 451 4781 Τῶν
480 4721 528 4776 οῖ
554 4714 647 4795 μὲν
674 4709 892 4776 λίθακάς
916 4730 975 4765 τε
1001 4703 1092 4763 καὶ
1112 4702 1349 4783 ἕρμακας
1376 4696 1656 4762 ἐνναίοντες

324 4804 661 4887 παυρότεροι,
684 4798 896 4880 τρηχεῖς
919 4797 974 4854 δὲ
998 4791 1091 4851 καὶ
1116 4789 1356 4867 ἔμπυροι·
1371 4788 1431 4844 οὖ
1453 4780 1543 4861 μὲν
1568 4780 1777 4841 ἐκείνων

330 4892 557 4975 ἀνδράσι
584 4890 761 5003 δόγμα
782 4884 934 4945 πέλοι
960 4876 1306 4959 μεταμώνιον,
1330 4870 1468 4932 ἀλλὰ
1489 4870 1733 4941 κακηθές.

326 4982 517 5048 Ἄλλος
545 4980 591 5038 δ’
620 5002 685 5037 αυ
713 4976 951 5054 κόχλοισι
974 4965 1139 5046 δομὴν
1172 4962 1469 5023 ἰνδάλλεται
1496 4958 1638 5031 αἴης·

325 5072 479 5151 ἄλλῳ
507 5069 551 5127 δ’
580 5064 907 5145 ἐγχλοάουσα
930 5056 1079 5124 λεπὶς
1102 5050 1399 5136 περιμήκεα
1422 5048 1611 5108 κύκλον

222 5178 291 5217 ιω
332 5156 573 5216 ποικίλον
602 5152 815 5211 αἷόλλει·
843 5146 1025 5213 πολέες
1050 5146 1101 5202 δ’
1134 5141 1383 5219 ἀμάθοισι
1415 5135 1646 5215 μιγέντες

174 1661 245 1700 115

202 4299 274 4337 ¹45

1803 485 1931 536 haud
1955 486 2128 535 veteris
2145 484 2316 546 junges
2339 482 2558 533 terdenas
2579 482 2788 546 pondere
2805 481 3082 542 drachmas,

1799 575 1954 636 congii
1975 579 2025 624 et
2041 573 2244 622 addatur
2262 571 2450 622 rhodini
2473 584 2585 634 pars
2605 571 2775 630 tertia,
2796 569 3008 634 primum

1800 675 1945 724 quem
1968 667 2105 712 vocat
2123 661 2174 710 et
2189 659 2404 710 medinm
2424 660 2767 721 unguentarius
2787 663 2837 707 et
2859 657 3175 721 polytriptom

1802 763 1886 814 par
1903 749 2088 812 pondus
2106 748 2241 797 crudi
2261 748 2464 811 purique
2485 745 2679 796 accedat
2693 746 2813 795 olivi
2825 782 2840 806 ‚

1802 841 1852 888 et
1868 851 1994 887 cerae
2009 835 2252 901 quadrans
2283 851 2296 884 :
2323 836 2428 884 boc
2443 834 2606 897 amplo
2625 846 2736 898 vase
2755 836 3025 896 coquantur

1802 925 2001 974 confusa
2013 961 2028 984 ,
2047 938 2076 974 e
2099 923 2248 987 spinis
2265 922 2420 973 donec
2435 935 2548 972 caro
2571 921 2734 972 tabida
2755 923 2937 972 circum

1802 1025 2040 1063 concussu
2058 1011 2290 1062 exciderit
2306 1009 2437 1062 facili
2458 1025 2472 1060 ε
2494 1022 2609 1060 mox
2629 1009 2790 1073 accipe
2811 1009 2993 1058 factum

1803 1101 1984 1151 affabre
1999 1100 2238 1162 cochlear,
2262 1111 2474 1163 cumque
2491 1097 2610 1162 ipsis
2631 1097 2868 1160 anguibus
2893 1111 2990 1146 una

1804 1190 1978 1239 cuncta
1993 1193 2121 1239 teras
2133 1223 2150 1250 ,
2171 1187 2258 1238 sed
2275 1187 2406 1237 emm
2427 1185 2592 1250 spinas
2610 1185 2796 1235 auferre
2814 1187 3086 1247 memento,

1807 1277 2071 1340 ingenitum
2087 1276 2164 1326 his
2185 1275 2411 1340 quoniam
2427 1273 2548 1325 sidit
2566 1273 2765 1324 crudele
2783 1286 3040 1323 venenum.

1808 1368 1941 1427 Hoc,
1963 1378 2049 1415 sen
2068 1363 2250 1414 dormis
2263 1363 2416 1414 iterve
2435 1361 2580 1425 bela,
2599 1361 2881 1412 circumline
2896 1374 3097 1426 corpus,

1809 1467 1894 1503 seu
1913 1457 2025 1517 post
2040 1453 2283 1503 demessas
2299 1451 2460 1514 frages
2475 1451 2645 1502 mre
2659 1449 2838 1502 calenti-

1810 1539 2086 1588 suecinctns
2103 1538 2238 1588 turca
2252 1539 2470 1601 segetum
2490 1536 2716 1600 purgabis
2737 1549 2952 1588 acervos-

1872 1628 1958 1676 Sin
1977 1625 2112 1676 nnllo
2131 1637 2353 1675 occurras
2369 1623 2671 1688 aerpmfibus
2687 1625 2896 1687 unguine
2910 1626 3047 1677 tutus

1810 1717 1954 1775 atque
1975 1711 2072 1761 cibi
2087 1723 2300 1772 vacuus,
2324 1710 2482 1772 gravis
2503 1714 2581 1762 est
2598 1723 2751 1774 quum
2767 1723 2894 1762 noxa
2915 1712 3152 1779 remum,
3197 1719 3204 1726 ·

1812 1801 1986 1850 vitabis
2004 1813 2221 1860 morsus,
2239 1799 2398 1848 animo
2415 1799 2522 1849 hoc
2537 1803 2773 1863 praecepta
2789 1800 3068 1852 recondens.

1812 1889 2009 1939 Femina
2026 1887 2260 1952 proecipiti
2277 1891 2387 1936 ante
2407 1899 2576 1937 omnes
2597 1887 2770 1949 agitata
2791 1887 2952 1938 furrore

1813 1975 2018 2024 occurrit
2040 1973 2164 2023 rictu
2187 1973 2351 2036 patulo
2371 1971 2620 2036 caudaque
2635 1974 2882 2024 tumente:

1814 2060 1928 2110 inde
1957 2060 2068 2109 serit
2083 2059 2167 2108 fati
2189 2058 2343 2108 multo
2359 2057 2576 2122 graviore
2595 2059 2786 2121 periclo.

1796 2161 1799 2164 ’
1818 2151 1879 2197 Et
1899 2148 2052 2196 vitare
2070 2147 2194 2196 seras
2213 2145 2363 2198 debes
2381 2145 2554 2197 atate
2571 2150 2798 2196 nocentes
2811 2183 2828 2208 ,

1820 2233 2063 2282 Pleiadum
2081 2233 2342 2282 observans
2361 2234 2524 2293 ortus,
2545 2245 2658 2296 quae
2673 2245 2870 2296 corpore
2885 2235 3028 2284 'lauri

1818 2319 2034 2368 extremo
2052 2317 2220 2368 adfixae
2243 2329 2342 2368 non
2361 2328 2534 2368 omnes
2548 2316 2728 2368 oetbera
2746 2319 2963 2381 tranant3

1820 2409 1908 2454 ant
1930 2403 2012 2454 ubi
2036 2417 2148 2454 cum
2167 2403 2312 2467 pullis
2331 2414 2414 2468 per
2430 2402 2874 2467 apricaJacentibos
2893 2405 3030 2454 antra

1820 2489 2005 2542 dormit
2021 2491 2070 2539 in
2089 2488 2274 2539 insidiis
2290 2488 2458 2539 sitiens
2477 2487 2777 2552 impastaque
2798 2502 3023 2552 εει-μεως

1822 2581 1909 2627 aut
1929 2577 2069 2626 avida
2090 2576 2153 2626 ad
2174 2576 2368 2648 pastum
2387 2578 2637 2637 properat,
2661 2575 2736 2626 vel
2759 2574 2942 2625 lumina
2958 2589 3128 2626 somno

1824 2663 2064 2722 condens,
2086 2674 2117 2711 a
2136 2665 2276 2724 pastu
2295 2659 2416 2725 petit
2430 2663 2702 2710 exsaturata
2719 2661 2892 2711 cubile.

1826 2751 1934 2800 Heu
1953 2747 2108 2797 triviis
2128 2746 2334 2808 absiste,
2357 2750 2488 2796 metu
2510 2745 2632 2796 dum
2650 2746 2816 2810 vipera
2834 2746 2988 2797 livens

1826 2835 1994 2897 effugit
2007 2837 2192 2885 atroces
2209 2833 2483 2884 furibundae
2503 2833 2716 2898 conjugis
2731 2835 2854 2895 iras,

1828 2923 2016 2986 turgida
2033 2923 2152 2974 dum
2174 2934 2341 2973 seeum
2355 2921 2549 2975 comati
2565 2921 2807 2973 mordicus
2827 2922 3004 2987 haeret,

1828 3016 1879 3062 et
1899 3011 2043 3062 dente
2062 3012 2254 3076 impuro
2273 3008 2501 3061 mdnfflt
2516 3008 2638 3059 colla
2657 3008 2836 3060 mariti.

1828 3102 1893 3148 At
1915 3110 2079 3160 poenas
2095 3098 2320 3169 repetunt
2337 3098 2466 3147 natae
2480 3108 2568 3159 pro
2583 3095 2716 3147 caede
2736 3101 2932 3160 paterna

1813 3182 2063 3245 -viperulae
2081 3182 2302 3245 ultrices,
2325 3194 2504 3247 perque
2524 3180 2748 3232 intestina
2767 3182 2976 3245 parentis

1834 3284 1942 3320 rosa
1962 3271 2073 3320 alvo
2089 3272 2341 3332 emergunt
2359 3272 2412 3321 in
2430 3271 2587 3322 lucem
2611 3273 2766 3320 matre
2781 3272 3013 3320 carentes.

1834 3358 1946 3409 Sola
1965 3359 2140 3408 etenim
2159 3358 2260 3408 fetu
2279 3357 2476 3421 gmvida
2490 3363 2566 3408 est
2578 3395 2594 3419 ,
2618 3371 2770 3422 quum
2792 3363 2951 3408 cetera
2969 3360 3016 3408 in
3040 3358 3154 3409 altis

1834 3446 2032 3509 ovipara
2055 3445 2312 3495 excludant
2325 3448 2534 3495 testacea
2557 3445 2753 3509 pignora
2772 3444 2922 3495 silvis.

1836 3537 1937 3584 Nec
1956 3546 2107 3597 quum
2134 3532 2354 3595 deposita
2374 3534 2589 3595 squarnis
2609 3533 2832 3583 horrente
2853 3535 3045 3583 senecta

1838 3618 2140 3683 progreditur
2160 3617 2302 3667 laetus
2323 3617 2523 3679 juvenili
2547 3618 2736 3679 tergore
2757 3631 2978 3681 serpens,

1839 3712 1926 3757 aut
1945 3706 2029 3755 ubi
2051 3717 2304 3756 cervorum
2325 3704 2484 3755 vitans
2507 3704 2765 3767 spiramina
2781 3704 2947 3754 lustris

1840 3796 2000 3847 exsilit
2019 3797 2166 3861 inque
2187 3797 2428 3847 bominem
2443 3796 2602 3846 vibrat
2619 3796 2760 3848 letale
2779 3806 3032 3846 venenum.

1841 3888 1964 3935 Nam
1988 3882 2127 3934 valde
2143 3882 2298 3947 longis
2315 3880 2529 3933 labentes
2549 3881 2750 3933 orbibus
2769 3894 2947 3945 angues

1842 3970 2051 4022 oderunt
2068 3981 2254 4033 capreoe
2273 3973 2322 4018 et
2342 3968 2501 4031 σει-νὴ
2522 3980 2706 4032 perque
2726 3981 2894 4031 aspera
2915 3980 3034 4018 saxa

1844 4058 2108 4119 vestigant,
2125 4066 2360 4119 sepesque
2381 4054 2531 4105 hirtas
2550 4054 2787 4104 rimantur
2805 4058 2855 4105 et
2875 4060 3037 4115 antu,

1845 4147 1896 4191 et
1913 4141 2028 4191 llatu
2046 4138 2290 4202 exagitant
2307 4137 2436 4189 naria
2447 4172 2464 4203 ‚
2480 4137 2699 4188 uiirabile
2720 4138 2868 4189 dictu.

1909 4232 2040 4292 Quin
2059 4234 2112 4283 et
2132 4234 2378 4297 serpentes
2398 4234 2530 4281 atros
2549 4230 2800 4281 nimbosus
2821 4233 2872 4281 et
2891 4244 3028 4295 asper

1848 4324 2029 4387 Othrys
2047 4322 2223 4385 babet,
2238 4320 2484 4385 vallesque
2499 4333 2632 4370 cavae
2651 4319 2963 4386 abruptaque
2981 4322 3178 4371 salebroe

1848 4419 1900 4465 et
1915 4413 2050 4463 silvis
2061 4412 2176 4474 juga
2193 4409 2370 4471 dmm,
2391 4408 2474 4459 ubl
2495 4422 2608 4470 seps
2627 4408 2902 4459 sitibundus
2923 4410 3129 4459 oberrat

1850 4504 1948 4563 Qui
1969 4508 2082 4553 cute
2101 4500 2318 4561 nivern,
2341 4511 2586 4562 uunquam
2611 4498 2876 4560 unicolor-0,
2897 4498 3087 4548 videtur

1851 4594 2080 4645 assimilis
2101 4604 2290 4655 semper
2306 4589 2409 4639 sedi
2420 4625 2437 4652 ,
2459 4600 2604 4653 quam
2627 4589 2740 4651 legit
2755 4588 2806 4638 in
2823 4590 2967 4638 arvis.

1853 4685 2074 4750 Rupibus
2090 4688 2140 4733 et
2157 4680 2370 4745 lapidum
2387 4680 2521 4743 parvi
2544 4679 2847 4729 stabulantur
2862 4679 3046 4728 acervis
3056 4713 3071 4740 ‚

1855 4776 2009 4840 asperi
2031 4778 2080 4826 et
2100 4774 2346 4835 ardentes,
2363 4784 2568 4836 qnorum
2587 4770 2714 4819 baud
2739 4771 2933 4833 impune
2955 4771 3106 4819 viator

1856 4862 2029 4913 immiti
2046 4859 2211 4917 tulerit
2231 4856 2443 4908 crudelia
2463 4855 2661 4905 vulnera
2681 4869 2860 4905 morsu.

1855 4954 1944 5005 Ille
1969 4951 2118 5002 refert
2132 4948 2352 4998 cochleas
2373 4949 2626 4997 terrestres
2641 4983 2656 5008 ,
2679 4946 2762 4995 ille
2783 4946 2994 4995 virentes

1856 5046 2056 5097 indutus
2077 5054 2302 5106 squamas
2317 5040 2550 5091 immensa
2570 5038 2816 5088 volumina
2835 5039 3030 5099 torquet

1860 5142 2005 5199 atque
2027 5137 2160 5185 sinus
2175 5132 2308 5183 ducit
2334 5130 2521 5189 varios,
2547 5130 2814 5179 multorum
2835 5127 2899 5176 ab
2915 5126 3098 5185 arenis,

3199 339 3312 392 120
