3767 5825
358 357 463 410 112

346 483 451 538 τῶν
480 475 765 556 ἀνθρώπων
794 467 951 546 ἦλθον
971 470 1216 542 οἰκήσεις.
1302 467 1445 529 Ἀλλ’
1467 467 1697 527 οὐδὲτοῦ
1726 468 1920 548 βορρᾶ,

350 567 467 628 οὐδὲ
512 567 687 625 ἄλλων
731 565 835 622 τῶν
882 565 939 620 ἐκ
987 559 1205 642 Θρᾴκης
1248 559 1455 636 ἀνέμων
1502 555 1777 636 στέργουσι
1826 555 1923 626 τὴν

352 656 519 728 πνοὴν
538 705 555 729 ,
580 653 671 713 καὶ
712 655 807 719 τὰς
841 648 1029 717 καλιὰς
1070 653 1131 708 ἐκ
1166 652 1270 706 τῶν
1318 646 1563 707 τοιούτων
1606 645 1924 722 πνευμάτων

354 746 716 820 οἰκοδομοῦσιν
740 737 1204 817 ἀπεστραμμένοις.
1287 735 1427 803 Τοὺς
1453 734 1688 802 νεοττοὺς
1717 733 1769 791 δὲ
1804 731 1922 814 τρέ-

355 855 537 914 φουσιν
575 829 739 894 οὕτως
764 831 817 888 ἐν
846 826 1017 899 τάξει,
1050 825 1211 899 ὥστε,
1245 827 1291 884 εἰ
1320 823 1595 902 δεξάμενός
1625 846 1703 890 τις
1730 821 1926 902 τροφὴν

357 919 649 998 μεταὸάλοι
676 917 765 976 τὸν
788 915 968 988 τόπον,
988 915 1083 973 οὒκ
1105 912 1168 972 ἃν
1189 915 1325 972 δοῖεν
1346 906 1521 986 αὖθις,
1548 911 1673 991 πρὶν
1698 909 1902 990 ἀναδρά
1917 943 1930 955 ·

359 1031 467 1086 μοι.
554 1005 624 1066 Εἴ
645 1029 705 1084 γε
744 1003 847 1081 μήν
888 1027 969 1071 τις
999 1005 1169 1060 αὐτῶν
1196 1001 1264 1062 τὰ
1304 1000 1463 1060 τέκνα
1508 997 1931 1084 ἀποτυφλώσειε,

358 1096 453 1168 τὴν
482 1093 775 1176 χελιδονίαν
802 1091 1027 1172 βοτάνην
1054 1096 1451 1168 κατατεμοῦσαι
1480 1093 1557 1168 τῷ
1586 1088 1813 1164 στόματι
1840 1085 1931 1143 καὶ

360 1187 445 1246 τὸν
483 1185 535 1254 ἐξ
559 1187 719 1254 αὐτῆς
741 1182 901 1262 χυλὸν
936 1179 1287 1240 ἕπιθαλοῦσαι
1322 1188 1427 1247 τοῖς
1454 1177 1664 1256 ὄμμασι
1705 1180 1797 1246 τῆς
1824 1198 1932 1245 πη·-

361 1277 566 1356 ρὼσεως
596 1277 929 1333 ἀπωθοῦνται
947 1271 1041 1342 τὴν
1064 1268 1290 1349 βλάὸην.

440 1367 627 1428 XXII.
676 1359 1133 1440 Πολυὸορώτατον
1162 1357 1337 1436 ὄρνεον
1361 1360 1398 1428 ἡ
1418 1353 1653 1420 σελευκὶς
1679 1351 1771 1411 καὶ
1798 1347 1934 1427 μετὰ

363 1453 613 1523 πλείστης
648 1454 807 1529 εὐχῆς
843 1446 1220 1528 ἀφικνούμενον
1256 1454 1362 1512 τοῖς
1396 1444 1683 1522 ἀγροίκοις,
1720 1439 1785 1510 ἢν
1819 1435 1936 1504 τοὺς

362 1541 595 1622 καρποὺς
624 1539 853 1620 ἀκρίδων
888 1535 1072 1608 ἔδηται
1112 1538 1325 1606 πλῆθος·
1353 1531 1431 1591 ὅτι
1466 1531 1556 1598 τὰς
1600 1529 1694 1608 μὲν
1734 1532 1932 1610 φαγοῦ-

366 1655 490 1706 σαι,
536 1629 629 1697 τὰς
664 1630 716 1687 δὲ
760 1626 851 1685 καὶ
895 1625 1003 1683 ἀπὸ
1050 1623 1212 1702 μόνης
1256 1627 1350 1693 τῆς
1402 1629 1553 1687 σκιᾶς
1600 1621 1936 1696 ἀναιροῦσαν,

368 1717 689 1800 ἐκκρίνουσιν
742 1715 803 1784 ἃς
847 1714 909 1774 ἂν
958 1711 1307 1794 καταφάγωσι
1358 1708 1548 1790 ῥαδίως
1596 1705 1815 1778 αὐτίκα,
1846 1704 1938 1762 καὶ

367 1807 737 1887 πορθουμένοις
774 1801 997 1884 ἀνδράσι
1032 1797 1237 1871 ξενικὴν
1269 1798 1333 1858 ἄν
1354 1821 1432 1863 τις
1458 1795 1593 1854 εἴποι
1626 1791 1937 1872 συμμαχίαν

368 1895 697 1968 ἐληλυθέναι.
786 1892 924 1954 Ἀλλ’
950 1895 995 1950 εἰ
1022 1895 1116 1962 τῆς
1138 1912 1151 1924 ·
1178 1886 1352 1969 άριτός
1370 1909 1448 1952 τις
1466 1883 1583 1946 τοὺς
1612 1883 1773 1963 ὄρνεις
1794 1884 1940 1938 ἀπο-

371 1985 670 2066 στερήσειε,
706 1981 1087 2062 διαφθείρουσιν
1128 2002 1160 2035 α
1196 2001 1285 2035 ται
1322 1975 1409 2034 τὸν
1443 1971 1681 2033 σωθέντα
1716 1969 1936 2049 καρπόν·

372 2076 472 2134 κᾶν
498 2073 783 2152 ἀποκτείνῃ
802 2094 879 2136 τις
916 2067 1190 2127 σελευκίδα
1220 2063 1612 2146 φρενοὸλαὸὴς,
1643 2062 1810 2119 οὐκέτ’
1844 2059 1907 2118 ἂν
1925 2103 1940 2131 ,

372 2169 461 2224 ὑπ’
487 2161 713 2244 ἀκρίδων
741 2164 845 2219 τῶν
871 2161 1088 2238 καρπῶν
1136 2153 1485 2235 κειρομένων,
1526 2153 1596 2217 εἷς
1626 2149 1720 2220 τὴν
1760 2147 1942 2228 χώραν

374 2255 574 2325 ἐκείνην
598 2251 790 2309 ἔλθοιεν
815 2247 1017 2327 βοηθοί.

456 2343 675 2402 XXIII.
724 2341 797 2400 Αἱ
822 2337 877 2396 δὲ
914 2339 1029 2404 ταῖς
1057 2332 1357 2416 φαρμακίσι
1395 2327 1599 2409 γυναιξὶ
1643 2326 1945 2406 προσφιλεῖς

373 2432 548 2510 ἴυγγες
564 2431 757 2508 τροφῆς
778 2417 880 2484 ὧδε
901 2419 1418 2502 μεταλαμβάνουσιν·
1440 2415 1533 2483 τὰς
1551 2415 1757 2494 μακρὰς
1776 2414 1946 2488 γλώσ-

376 2545 502 2595 σας,
526 2517 707 2598 ὥσπερ
734 2519 782 2575 οἱ
812 2515 1007 2592 ἆλιεῖς,
1034 2510 1331 2570 ἔκτείνασαι
1359 2506 1451 2567 καὶ
1474 2509 1546 2572 εἰς
1575 2503 1809 2584 ἀτραπόν
1830 2525 1948 2559 τινα

328 2681 333 2686 ,
376 2609 709 2686 ε’μὸαλοῦσαι
730 2601 1049 2682 μυρμήκων,
1071 2602 1142 2666 ὥς
1160 2597 1249 2656 ἐπὶ
1274 2599 1469 2676 βρῶσιν
1486 2591 1805 2657 σπεύδοντας
1825 2593 1949 2648 ὑπο·

378 2698 623 2778 δέχονται
678 2691 933 2773 ἀκριὸῶς,
978 2679 1093 2748 εἶτα
1140 2685 1235 2760 τὴν
1288 2687 1537 2764 γλῶσσαν
1578 2679 1718 2739 κατὰ
1766 2678 1949 2757 μικρὸν

380 2785 634 2846 ἕλκουσαι
672 2781 789 2855 τοὺς
830 2778 1051 2846 ἁλόντας
1090 2779 1371 2836 ἐσθίουσιν.
1457 2773 1703 2848 Συνεχῶς
1749 2766 1805 2827 δὲ
1833 2767 1951 2834 τοὺς

378 2874 686 2958 τραχήλους·
709 2876 968 2942 κινοῦσιν,
998 2870 1068 2935 ὡς
1099 2868 1147 2926 οἱ
1186 2868 1291 2923 τῶν
1340 2863 1539 2941 ἀνδρῶν
1592 2855 1953 2937 διαδεχόμενοί

380 2990 436 3025 τε
465 2964 557 3025 καὶ
580 2964 870 3042 θηλυδριῶν
903 2954 1199 3039 βακχευταὶ
1228 2953 1317 3013 ἐπὶ
1343 2955 1435 3023 τῆς
1457 2952 1668 3019 τελετῆς
1687 2950 1778 3017 τῆς
1798 2945 1953 3011 Ῥέας

382 3052 643 3113 εἰώθασιν.

466 3141 677 3203 XXIV.
722 3139 1089 3218 Σωφρονοῦσιν
1116 3131 1250 3211 ὑπὲρ
1276 3138 1383 3187 πᾶν
1411 3127 1587 3207 ὄρνεον
1609 3126 1664 3182 αἱ
1693 3122 1954 3202 τρυγόνες,

390 3234 481 3295 καὶ
510 3232 679 3310 γάμον
706 3227 1007 3306 στέργουσιν
1039 3221 1146 3281 ἕνα·
1169 3220 1261 3281 καὶ
1284 3215 1678 3289 τελευτησάσης
1695 3218 1789 3285 τῆς
1822 3212 1958 3289 ὁμό-

397 3328 542 3399 ζυγος
557 3365 572 3390 ,
594 3320 687 3376 οὔκ
705 3316 765 3373 ἄν
790 3337 915 3373 ποτε
936 3316 963 3370 δ
988 3309 1181 3389 περιὼν
1209 3308 1364 3388 ἑτέρᾳ
1396 3303 1627 3383 μιχθείη.

472 3409 651 3470 XXV.
697 3407 833 3470 Ταῖς
884 3399 1218 3481 περιστεραῖς
1274 3396 1329 3455 δὲ
1378 3394 1547 3472 γάμος
1606 3382 1679 3458 εἷς
1726 3387 1958 3470 ἀπόχρη·

393 3504 623 3579 μιχθεῐεν
645 3493 689 3552 δ’
716 3494 777 3550 ἂν
816 3488 984 3569 ἄλλῃ,
1012 3492 1105 3558 τῆς
1146 3484 1403 3566 προτέρας
1434 3479 1839 3553 τελευτησάσης,
1870 3478 1962 3536 καὶ

392 3584 668 3649 συνουσίας
699 3581 742 3639 δ’
772 3577 941 3658 ἀρχὴν
974 3580 1246 3635 ποιοῦνται
1274 3572 1334 3631 τὸ
1358 3573 1593 3649 φίλημα·
1622 3567 1713 3627 καὶ
1740 3565 1961 3644 πρεσὸυ·

393 3678 519 3756 τέρα
539 3673 635 3753 μὲν
651 3674 745 3731 οὐκ
768 3671 831 3728 ἂν
852 3669 953 3748 πρὸ
976 3670 1070 3737 τῆς
1094 3668 1197 3723 τῶν
1216 3665 1408 3745 χειλῶν
1434 3658 1663 3737 ἐμὸολῆς
1682 3656 1964 3735 ἀνάσχοιτο

397 3766 604 3845 μίξεως·
634 3764 687 3819 αἱ
720 3758 774 3818 δὲ
812 3756 927 3816 νέαι
965 3754 1221 3821 πολλάκις
1264 3753 1391 3832 πρὸς
1431 3748 1529 3821 τὴν
1566 3746 1843 3805 συνουσίαν
1874 3744 1964 3803 καὶ

397 3856 520 3933 δίχα
562 3854 663 3908 τῶν
710 3844 1024 3929 φιλημάτων
1062 3846 1316 3923 ὁρμῶσιν.
1406 3840 1477 3899 Εἰ
1527 3835 1581 3894 δὲ
1629 3836 1705 3912 μὴ
1749 3842 1964 3914 παρεῖεν

401 3942 639 4013 θήλειαι,
674 3934 822 4016 παρὰ
857 3933 946 3991 τὸν
991 3932 1159 3992 κοινὸν
1202 3934 1307 3989 τῶν
1340 3926 1531 4009 ὀρνέων
1556 3923 1711 3999 νόμον
1751 3920 1966 3980 3⁷:262(-

399 4052 573 4089 νουσιν
620 4026 869 4091 ἀλλήλοις
896 4026 941 4081 οῖ
987 4021 1200 4103 ἅῤῥενες
1226 4020 1317 4079 καὶ
1364 4015 1445 4098 ᾠὰ
1484 4014 1775 4089 τίκτουσιν,
1822 4008 1966 4068 οὐδὲν

398 4118 527 4198 πρὸς
552 4119 772 4175 νεοττῶν
793 4110 949 4191 γονὴν
980 4110 1272 4181 ἐπιτήδεια.

483 4206 695 4266 xxvi.
748 4201 855 4262 Καὶ
885 4201 977 4267 τὰς
1022 4197 1367 4263 κατοικιδίους
1404 4192 1609 4277 ὄρνιθας
1640 4190 1793 4267 ἴσμεν
1841 4190 1967 4247 ἀλε·

405 4296 664 4375 κτρυόνων
696 4290 857 4372 χωρὶς
886 4289 978 4349 καὶ
1006 4290 1059 4347 ἐν
1090 4288 1203 4354 ταῖς
1232 4291 1335 4345 τῶν
1365 4285 1626 4365 γυναικῶν
1664 4280 1816 4360 χερσὶ
1850 4284 1972 4358 θερ-

407 4382 723 4461 μαινομένας
748 4380 939 4437 τίκτειν
964 4377 1063 4459 ᾠά.
1149 4378 1293 4454 Πρὸς
1318 4372 1554 4431 εὐτοκίαν
1584 4368 1639 4427 δὲ
1675 4371 1883 4440 αὐταῖς,
1909 4366 1972 4437 ἢν

406 4476 721 4541 ὧδινῶνται,
750 4467 1019 4546 χρήσιμον
1054 4468 1117 4524 ἐκ
1144 4468 1238 4534 τῆς
1267 4466 1362 4537 γῆς
1390 4464 1466 4541 τῷ
1510 4458 1736 4534 στόματι
1778 4455 1974 4535 κάρφος

408 4558 617 4631 lucetis,
648 4557 738 4617 καὶ
766 4554 1053 4615 ἐπιτιθέναι
1084 4556 1192 4619 τοῖς
1220 4551 1418 4617 νώτοις.
1506 4546 1675 4626 “susp
1702 4543 1879 4603 πάντα
1920 4543 1975 4601 δὲ

410 4649 475 4707 τὰ
510 4646 683 4718 πτηνὰ
726 4644 845 4710 τοὺς
887 4642 1236 4722 ἀλεκτρυόνας
1274 4638 1427 4715 ἴσμεν
1465 4636 1746 4717 χαίροντας
1777 4632 1978 4711 μάχαις

410 4738 499 4796 καὶ
519 4732 835 4797 συνουσίαις.
921 4730 1078 4791 Φωτὶ
1094 4728 1150 4788 δὲ
1169 4728 1402 4807 μάλιστα
1417 4724 1661 4806 χαίρουσι
1675 4722 1767 4781 καὶ
1783 4746 1977 4801 προαγ·

410 4824 653 4903 γέλλουσι
690 4821 785 4891 τὴν
812 4818 1017 4899 ἡμέραν
1056 4822 1126 4883 ὣς
1154 4817 1289 4897 ἡλίῳ
1326 4810 1725 4895 κεχαρισμένοι,
1768 4811 1857 4867 καὶ
1887 4810 1979 4876 τὰς

412 4918 515 4971 τῶν
550 4913 792 4989 γαμετῶν
844 4910 1033 4975 ὠδῖνας
1075 4910 1433 4986 παρηγοροῦσι
1475 4906 1540 4979 τῇ
1588 4899 1830 4979 κοινωνίᾳ
1876 4902 1979 4955 τῶν

414 5002 585 5060 πόνων
602 5044 620 5076 ,
650 4997 787 5056 ὥστε
810 4995 1069 5076 ἠρεμαῒόν
1094 5019 1145 5052 τι
1182 4995 1273 5052 καὶ
1302 4990 1494 5050 λεπτὸν
1520 4988 1660 5069 ᾄδειν
1696 4989 1765 5053 εἷς
1802 5009 1982 5065 παρα-

418 5089 604 5167 μυθίαν
637 5088 843 5152 αὐταῖς.

498 5178 743 5238 XXVH.
796 5173 911 5251 Πρὸ
936 5173 989 5231 δὲ
1020 5172 1124 5229 τῶν
1146 5172 1341 5228 λοιπῶν
1373 5167 1587 5225 πάντων
1620 5163 1859 5243 ὀρνίθιον,
1901 5160 1979 5219 ἔτι

1432 334 1847 398 ΔΙΟΝΥΣΙΟΥ
1889 329 2369 393 ΟΡΝΙΘΙΛΚΩΝ
2419 333 2488 390 Α.

2014 471 2144 530 Quin
2165 473 2314 522 etiam
2339 484 2499 534 neque
2523 473 2715 532 Boreoe,
2757 481 2916 534 neque
2950 469 3158 520 aliorum
3180 467 3470 530 ventorum,
3495 467 3573 532 qui

2013 590 2042 628 e
2059 577 2266 626 Thracia
2280 577 2466 640 spirant
2481 613 2497 637 ‚
2519 577 2662 626 ssatus
2685 579 2876 638 amant,
2899 576 2951 625 et
2973 574 3118 624 nidos
3139 573 3254 624 inde
3270 588 3467 624 aversos
3481 574 3576 622 col-

2016 687 2199 736 locant.
2267 683 2434 732 Pullos
2455 695 2574 731 suos
2591 682 2686 730 hoc
2705 679 2880 730 ordine
2902 682 3136 742 pascimt,
3159 682 3216 729 ut
3231 679 3346 742 qui,
3369 679 3481 728 cibo
3501 693 3574 728 ac-

2016 793 2186 854 cepto,
2225 789 2388 839 locum
2413 785 2710 848 mutaverit,
2747 785 2862 834 hnic
2895 783 3019 834 nihil
3059 783 3268 847 amplius
3305 784 3578 846 largiantur,

2018 905 2173 954 donec
2191 903 2254 954 ad
2272 903 2536 967 pristinum
2555 913 2702 952 suum
2731 899 2900 950 locum
2932 897 3145 948 redierit.
3211 899 3262 948 Si
3289 898 3402 961 quis
3426 911 3580 947 earum

2020 1018 2176 1082 pullos
2211 1014 2532 1066 excoecaverit
2547 1049 2564 1076 ,
2609 1011 2964 1063 hirundinarioe
2999 1011 3168 1062 herbae
3195 1013 3359 1060 rostro
3407 1011 3582 1061 demor-

2023 1142 2090 1178 sae
2133 1129 2372 1191 liquorem
2411 1125 2566 1176 oculis
2599 1123 2868 1174 infundunt
2899 1125 2952 1174 et
2981 1135 3164 1174 noxam
3187 1107 3426 1173 coe'tzitatis
3460 1136 3582 1172 amo-

2023 1236 2230 1286 liuntur.

2086 1353 2246 1418 XXII.
2281 1350 2610 1400 voracissima
2636 1348 2742 1398 avis
2760 1347 2838 1398 est
2859 1344 3070 1397 seleucis
3089 1344 3142 1396 et
3161 1345 3226 1395 ab
3259 1343 3480 1408 agricolis
3507 1343 3586 1393 ad-

2025 1441 2230 1490 veniens
2253 1441 2424 1492 multis
2457 1438 2685 1502 precibus
2711 1437 2972 1497 salutatur,
2993 1449 3108 1485 cum
3125 1434 3287 1497 finges
3301 1435 3588 1484 locustarum

2027 1527 2346 1578 multitudine
2383 1527 2704 1588 devorantur,
2735 1539 2858 1588 quas
2882 1524 3060 1588 partim
3079 1523 3387 1586 deglutiunt,
3423 1523 3588 1585 partim

2027 1619 2104 1668 vel
2121 1618 2293 1668 umbra
2311 1631 2404 1666 sua
2417 1621 2640 1677 enecant,
2659 1616 2971 1678 ingestasque
2985 1613 3124 1662 nullo
3141 1612 3334 1675 negotio
3348 1612 3590 1662 confestim

2027 1708 2312 1758 excernunt.
2376 1705 2654 1755 Adventum
2679 1717 2798 1753 sane
2827 1703 3048 1766 ipsarum
3073 1702 3440 1765 peregrinorum
3468 1701 3590 1749 mili-

2028 1799 2134 1846 tum
2157 1794 2378 1846 subsidio
2412 1793 2602 1844 civitati
2625 1807 2778 1855 quam
2813 1791 3110 1855 populantur
3143 1791 3309 1840 hostes
3333 1790 3591 1839 occurrenti

2030 1889 2159 1934 recte
2184 1882 2541 1946 comparaverit
2576 1881 2770 1944 aliquis.
2839 1880 2944 1930 Nisi
2985 1883 3156 1930 tamen
3179 1877 3492 1942 gralimdinis
3515 1879 3591 1926 ali-

2031 1973 2160 2036 quod
2188 1971 2436 2036 specimen
2458 1971 2512 2020 in
2541 1970 2675 2033 ipsas
2700 1972 2876 2019 mutuo
2899 1967 3152 2030 referatur,
3171 1969 3476 2017 conservatas
3497 1979 3524 2014 a
3545 1979 3592 2015 se

2033 2063 2192 2124 fruges
2215 2059 2534 2124 populantur.·
2593 2061 2706 2107 Jam
2729 2058 2772 2108 si
2790 2057 2902 2121 quis
2919 2057 3099 2107 mutis
3121 2067 3296 2120 parum
3315 2069 3512 2118 compos
3527 2069 3592 2104 se-

2033 2149 2274 2200 leucidem
2291 2147 2608 2210 interfecerit,
2625 2143 3238 2210 reliquoeaddet'endendas
3271 2158 3301 2194 a
3313 2143 3593 2194 locustarum

2037 2238 2217 2300 injuria
2237 2238 2394 2300 fruges
2411 2237 2464 2286 in
2481 2235 2733 2298 regionem
2763 2248 2863 2284 non
2891 2235 3194 2284 revertenmr
3219 2246 3367 2296 opem
3383 2233 3593 2283 serentes.

2097 2331 2280 2378 xxm.
2317 2311 2568 2377 Illeeebrae
2603 2338 2632 2373 a
2674 2323 2906 2374 veneticis
2939 2321 3230 2373 mulieribus
3267 2323 3593 2386 exquiruntur.

2037 2431 2214 2480 Cibum
2233 2443 2350 2479 vero
2371 2429 2468 2478 hoo
2485 2427 2636 2478 modo
2653 2425 2854 2490 capiunt
2873 2445 2887 2476 ι
2907 2425 3098 2488 linguas
3115 2425 3408 2488 praelongas,
3434 2426 3486 2473 ut
3501 2423 3594 2486 pis-

2037 2534 2228 2580 catores
2243 2529 2419 2590 lineas,
2447 2525 2808 2590 protendentes3
2829 2524 2879 2574 in
2898 2524 3213 2575 formicarum
3232 2524 3454 2587 aliquam
3467 2523 3596 2572 semi·

2039 2631 2393 2695 taminjmunt.
2458 2624 3600 2690 Aoeaoeantinoeunquamadoeoem‚ineoebm
3708 2609 3709 2654 ἱ

2041 2747 2161 2785 vero
2178 2734 2396 2785 studiose
2413 2732 2698 2793 admittunt,
2721 2743 2779 2779 ac
2797 2730 2986 2793 postea,
3013 2727 3257 2792 paulatim
3281 2727 3446 2790 lingua
3461 2729 3599 2776 reta-a-
3707 2743 3709 2802 3

2043 2837 2140 2898 cta,
2155 2837 2322 2898 captas
2335 2833 2591 2884 devorant.
2655 2830 2992 2880 Indesinenter
3008 2831 3174 2880 autem
3187 2829 3368 2878 collum
3385 2831 3575 2877 movent
3585 2862 3600 2884 ‚
3708 2807 3709 2833 ¹

2043 2934 2464 3000 quemadmodum
2485 2934 2644 2983 facere
2673 2931 2832 2980 solent
2861 2930 2958 2979 viri
2979 2932 3030 2979 et
3057 2928 3296 2993 spadones
3327 2941 3383 2978 se
3405 2930 3601 2978 invicem
3708 2934 3709 2989 j

2045 3030 2325 3083 bacchando
2351 3030 2680 3094 excipientes,
2719 3026 2807 3075 ubi
2845 3026 2996 3077 Rheoe
3014 3038 3152 3075 sacra
3175 3024 3438 3075 celebrant.

2107 3130 2282 3177 XXIV.
2317 3126 2553 3175 Turtures
2574 3137 2675 3188 prae
2696 3122 2872 3173 ceteris
2894 3120 3071 3171 avibus
3091 3118 3323 3169 omnibus
3347 3118 3466 3169 casti
3482 3120 3599 3173 sumt,
3708 3136 3709 3159 1

2051 3199 2198 3259 atque
2228 3194 2491 3256 singulares
2517 3190 2732 3254 diligunt
2757 3190 2984 3253 nuptias;
3013 3187 3188 3251 quodsi
3215 3201 3334 3237 vero
3357 3188 3458 3236 sato
3475 3198 3604 3236 occu-

2048 3262 2484 3384 ἓξὲττέὲδφριιῇυοι)
2519 3272 2794 3322 numquam
2823 3261 3072 3321 superstes
3105 3268 3222 3305 cum
3257 3256 3356 3305 alia
3393 3267 3603 3305 venerem

2113 3402 2264 3451 XXV.
2299 3397 2554 3448 columbis
2580 3408 2697 3447 vero
2729 3394 2994 3457 singulares
3007 3391 3256 3442 sufficiunt
3273 3390 3482 3455 nuptiae,
3499 3392 3604 3439 atta·
3708 3404 3709 3467 ᾗ

2052 3518 2166 3554 men
2184 3502 2346 3565 priore
2359 3501 2552 3550 mortua
2569 3474 2740 3559 uxore,
2765 3509 2878 3545 cnm
2897 3494 2994 3543 alia
3011 3493 3142 3543 coire
3159 3506 3258 3542 non
3282 3494 3528 3551 recusant,
3543 3494 3605 3539 at·
3707 3502 3709 3525 ⁴

2054 3613 2148 3662 que
2169 3596 2360 3657 oscula,
2381 3596 2642 3655 antequam
2665 3588 2976 3654 procreandae
2998 3586 3154 3637 soboli
3187 3586 3490 3649 indulgeant,
3515 3599 3605 3649 per-
3708 3586 3709 3629 ζ

2055 3701 2297 3760 miscent,
2331 3696 2478 3759 idque
2505 3695 2631 3743 inter
2666 3706 2781 3753 eas,
2812 3702 2926 3753 quae
2945 3686 3276 3753 provectiores
3311 3689 3450 3737 aetate
3477 3688 3605 3746 sunt,
3708 3682 3709 3701 ³

2057 3802 2344 3863 perpetuum
2369 3797 2445 3845 est
2469 3814 2481 3844 :
2504 3793 2726 3856 juniores
2751 3788 2986 3839 verffnon
3021 3801 3130 3837 raro
3147 3784 3338 3855 absque
3369 3786 3534 3836 owssis
3561 3782 3602 3831 id

2058 3898 2258 3947 faciunt.
2327 3892 2512 3951 Quodsi
2539 3890 2724 3940 femina
2746 3888 2900 3949 desit,
2924 3888 3101 3951 praeter
3121 3896 3432 3935 communem
3455 3884 3606 3932 avium

2060 4008 2249 4044 morem
2265 4006 2317 4041 se
2336 3990 2553 4040 invicem
2570 3986 2860 4037 inscendunt
2877 3996 3059 4045 mares,
3078 3982 3129 4031 et
3145 3994 3264 4043 ova,
3285 3980 3368 4031 sed
3390 3981 3520 4043 plane
3541 3980 3607 4028 in·
3708 3978 3709 4037 j

2061 4095 2282 4147 soecunda
2296 4130 2309 4155 ,
2333 4092 2670 4156 progenerant.

2123 4196 2295 4245 XXVI.
2333 4190 2576 4241 Novimus
2595 4187 2753 4237 altiles
2765 4184 2971 4249 gallinas
2985 4184 3094 4233 sine
3110 4181 3266 4231 maris
3283 4194 3444 4245 opera,
3457 4180 3611 4229 mulie·
3708 4166 3709 4189 ³

2065 4332 2180 4368 rum
2197 4316 2390 4365 tantum
2411 4310 2644 4363 manibus
2669 4308 2886 4358 confotas
2903 4342 2919 4368 ‚
2937 4317 3037 4355 ova
3059 4316 3248 4367 parere.
3316 4302 3518 4353 Facilius
3537 4314 3614 4363 pa·

2065 4441 2220 4501 riunt,
2251 4438 2292 4486 si
2319 4433 2645 4499 parturientes
2680 4431 2920 4479 festucam
2955 4440 2985 4475 e
3011 4428 3144 4475 terra
3169 4436 3256 4474 ore
3286 4423 3612 4487 apprehensam
3708 4380 3709 4447 ί

2065 4510 2214 4612 dorso
2236 4554 2577 4621 imposuerint.
2644 4550 2774 4601 Galli
2799 4562 2900 4613 prae
2922 4546 3155 4597 omnibus
3187 4544 3366 4595 avibus
3398 4552 3616 4607 pugnaces

2066 4686 2116 4733 et
2134 4680 2424 4731 libidinosos
2435 4688 2541 4725 esse
2557 4673 2806 4723 novimus.
2870 4665 3238 4731 Luceinprimis
3245 4665 3467 4729 gaudent,
3482 4660 3614 4709 diem·

2069 4816 2182 4867 que,
2203 4800 2343 4863 quasi
2363 4798 2480 4848 solis
2495 4794 2755 4859 praesentia
2773 4790 2893 4853 laeti,
2909 4786 3224 4839 annunciant.
3292 4787 3458 4835 Partus
3469 4780 3614 4839 coniu·

2070 4940 2182 4989 gum
2209 4924 2373 4973 levant
2406 4922 2456 4969 et
2491 4918 2680 4967 dolores
2705 4910 3082 4979 participatione
3117 4907 3356 4967 solantur,
3387 4904 3502 4951 dnm
3531 4899 3615 4962 pla·

2071 5047 2183 5095 cida
2201 5048 2252 5095 et
2281 5044 2400 5093 exili
2429 5054 2550 5091 voce
2575 5038 2651 5088 eis
2669 5036 2914 5085 accinunt.

2135 5168 2337 5214 xxvn.
2372 5162 2568 5212 Merulae
2591 5158 2725 5223 prins
2760 5168 2908 5217 qnam
2947 5151 3144 5215 reliquae
3184 5161 3300 5198 aves
3331 5156 3496 5195 omnes
3523 5137 3618 5187 ante
