3767 5825
999 298 1314 359 OPPIANI
1362 300 1455 356 DE
1501 299 1952 358 PlSCATIONE
1995 300 2142 358 ΜΒ.
2185 299 2258 359 V.
3137 315 3247 366 1⁰5

182 431 373 496 καὶτοὺς
386 429 479 508 μὲν
492 429 784 510 κατέπεφνε
800 474 817 505 ,
832 428 923 486 καὶ
944 429 1173 488 ἔσπασεν
1190 428 1332 488 ἔνδον
1350 428 1593 502 ὀδόντων,
1676 442 1724 487 et
1746 437 1835 486 has
1856 437 2051 500 quidem
2075 438 2274 498 occidit,
2297 441 2347 488 et
2363 438 2601 489 abstrahit
2623 440 2750 489 intra
2767 440 2960 500 dentes,

182 520 329 598 μήτηρ
356 518 407 577 δὲ
428 521 639 600 πρῶτον
668 516 763 596 μὲν
793 517 1085 596 ἅτυζομένη
1111 517 1383 591 δεδόνηται

183 608 326 684 λοίγια
350 611 611 688 τετριγυῖα
636 607 790 688 φόνου
817 605 955 686 γόον·
988 608 1105 666 ἀλλ’
1124 605 1211 666 ὅτε
1239 608 1431 674 παῖδας

184 695 353 776 ἅθρήσῃ
381 695 684 774 φθιμένους,
707 703 745 768 ἦ
762 697 804 755 δ’
824 695 999 754 οὐκέτι
1026 695 1172 778 φύξιν
1203 695 1413 778 ὀλέθρου

99 807 153 843 ια»
182 785 367 858 δίζεται,
392 783 509 842 ἀλλ’
532 787 753 863 αὐτῇσιν
777 784 910 842 ὑπαὶ
936 783 1174 863 γενύεσσι
1198 784 1473 866 δράκοντος

184 874 387 944 εἱλεῖται,
412 871 569 952 μέσφ’
592 870 731 954 ὄρνιν
758 873 853 952 ἕλῃ
876 896 953 931 πα
962 873 1213 942 ιδοκτόνος
1236 873 1357 945 ἄτη·

182 961 237 1028 ὣς
254 961 342 1042 ἄρα
363 961 454 1020 καὶ
480 961 679 1042 δελφῖνι
702 959 803 1043 νέῳ
831 961 1184 1043 συναπέφθιτο
1212 962 1417 1043 μήτηρ,

180 1058 329 1156 χεῖρας
347 1053 394 1117 ἐς
415 1049 709 1129 ἶχθυὸόλων
733 1049 1050 1130 αὖτάγρετος
1076 1049 1374 1122 ἀντήσασα.

246 1135 486 1198 Ἐθνεαδ
503 1135 879 1218 ὀστρακόρινα,
894 1135 961 1196 τά
982 1137 1025 1196 θ’
1047 1135 1599 1219 ἑρπύζουσιθαλάσσῃ,

98 1248 153 1284 ,ιω
182 1227 327 1285 πάντα
351 1226 503 1308 φάτις
527 1225 736 1305 μήνης
726 1225 821 1284 υὲν
851 1225 1132 1305 ἀεξομένης
1156 1225 1295 1285 κατὰ
1316 1224 1507 1284 κύκλον

182 1315 311 1394 σαρκὶ
337 1315 673 1397 περιπλήθειν
700 1313 793 1373 καὶ
814 1313 971 1374 πίονα
995 1313 1203 1393 ναιέμεν
1233 1304 1391 1374 οἷκον·

183 1405 426 1483 φθινούσης
450 1404 494 1463 δ’
524 1401 724 1472 ἐξαυτις
751 1402 1121 1485 ἀφαυροτέροις
1148 1402 1394 1481 μελέεσσι

184 1497 469 1570 ῥικνοῧσθαι·
498 1491 613 1565 τοίη
642 1515 719 1558 τις
746 1490 820 1550 ἐνί
848 1515 1024 1573 σφισιν
1052 1492 1191 1552 ἐστὶν
1228 1491 1453 1569 ανάγκη.

180 1582 279 1638 Τῶν
304 1579 355 1640 δὲ
375 1579 445 1639 τὰ
472 1578 568 1659 μὲν
592 1579 827 1647 δύνοντες
844 1579 1121 1660 ὗπόὸρυχα
1150 1579 1304 1660 χερσὶ
1323 1577 1569 1657 λέγονται

96 1689 150 1726 ωε
182 1667 331 1749 ἀνέρες
354 1673 415 1729 ἐκ
436 1668 729 1752 ψαμάθοιο,
755 1667 822 1726 τὰ
846 1668 892 1726 δ’
914 1671 975 1727 ἐκ
1002 1668 1271 1727 σπιλάδων
1300 1666 1505 1748 ἐρύουσι

182 1757 384 1836 νωλεμὲς
405 1759 757 1840 ἐμπεφυῶτα,
785 1756 853 1815 τὰ
877 1756 921 1815 δ’
947 1757 1095 1836 ᾐόσιν
1126 1755 1357 1814 ἔπτυσαν
1382 1755 1564 1819 αὐταῖς

182 1843 365 1922 κύματα
393 1845 483 1906 καὶ
515 1846 745 1961 βόθροισι
770 1844 1157 1925 λαχαινομένης
1180 1843 1469 1922 ψαμάθοιο.

250 1936 515 2018 Πορφύραι
542 1927 610 1994 αυ
632 1933 755 2016 πέρι
783 1934 849 2003 δή
872 1959 923 1992 τι
951 1935 1065 2013 μετ’
1089 1932 1449 2015 ὀστρείοισιν’
1420 1956 1532 1991 εασι

184 2023 351 2103 λίχναι·
376 2024 490 2096 τοίη
520 2023 578 2083 δέ
603 2047 723 2105 σφιν
749 2022 1005 2100 ἐτήτυμος
1031 2021 1245 2082 ἵσταται
1272 2021 1425 2104 ἄγρη.

94 2129 151 2166 au
186 2111 411 2192 Κυρτίδες
430 2111 619 2183 ἠὸαιαὶ
642 2110 893 2191 ταλάροις
914 2109 1166 2190 γεγάασιν
1190 2113 1369 2187 ὁμοῖαι
1385 2155 1402 2188 ,

182 2205 384 2281 πυκνῇσι
413 2200 665 2280 σχοίνοισι
684 2199 1014 2287 τετυγμέναι·
1038 2203 1091 2258 ἐν
1122 2200 1167 2257 δ’
1198 2197 1301 2278 ἄρα
1325 2203 1447 2278 τῆσι

186 2268 450 2368 στρόμὸους
472 2288 850 2368 συγκέλσαντες
878 2292 1008 2366 ὁμοῦ
1036 2285 1249 2368 χήμῃσι
1280 2287 1523 2346 τίθενται·

189 2375 293 2432 αἲ“’
254 2393 279 2435 ο
318 2377 442 2438 ὅταν
467 2376 809 2457 ἐμπελάσωσι
840 2381 997 2457 βορῆς
1029 2375 1315 2455 μεθύουσαι
1344 2375 1524 2457 ἔρωτι,

179 2465 400 2540 γλωσσαν
414 2466 549 2525 ὓπὲκ
563 2465 807 2542 θαλάμης
816 2464 1030 2545 δολιχὴν
1054 2463 1231 2544 βάλον·
1246 2465 1281 2536 ἣ
1299 2463 1354 2523 δὲ
1364 2463 1608 2522 τέτυκται

96 2569 152 2608 tus
181 2553 325 2626 λεπτάΙ
352 2557 400 2613 τ’
427 2553 564 2628 ὀξείη
586 2577 673 2627 τε,
703 2551 789 2612 διὰ
814 2553 1037 2634 σχοίνων
1063 2554 1108 2611 δ’
1133 2552 1422 2612 ἐτάνυσσαν

184 2643 357 2722 φορὸῆς
378 2642 607 2722 ἱέμεναι,
624 2644 865 2722 χαλεπῆς
886 2641 931 2701 δ’
956 2641 1189 2714 ἤντησαν
1218 2642 1430 2713 ἐδωδῆς·

183 2731 378 2804 γλῶσσα
399 2730 501 2812 γὰρ
534 2733 589 2789 ἐν
618 2729 900 2811 σχοίνοισιν
928 2729 1227 2811 ἐρειδομένη
1252 2733 1527 2808 πυκινῇσιν

182 2818 442 2894 οἰδάνεται,
468 2817 657 2879 στείνει
675 2818 732 2878 δὲ
748 2817 919 2898 λύγων
943 2817 1158 2899 βρόχος,
1186 2819 1292 2877 οὐδ’
1316 2817 1387 2876 ἔτ’
1406 2816 1608 2876 ὀπίσσω

185 2906 368 2967 άνδύνει
386 2917 655 2987 μεμαυῖα,
683 2906 827 2987 μένει
856 2909 903 2966 δ’
929 2907 1141 2987 ὀδύνῃσι
1168 2911 1386 2967 ταθεῗσα

92 3011 154 3050 sio
187 2995 366 3056 εἰσόκεν
392 2988 457 3055 αὖ
486 2997 711 3079 ἐρύσωσι
733 2995 854 3078 περὶ
877 2994 1093 3076 γλώσσῃ
1125 2996 1409 3075 μεμαυίας,

178 3086 461 3166 πορφυρέοις
483 3085 767 3144 κάλλιστον
790 3084 1094 3166 ὑφάσμασιν
1122 3084 1271 3152 ἄνθος
1302 3083 1526 3163 ἄγοντες.

254 3175 634 3253 Σπογγοτόμων
650 3173 695 3232 δ’
715 3172 775 3233 οὔ
791 3197 927 3254 φημι
938 3173 1235 3254 κακώτερον
1250 3173 1405 3232 ἄλλον
1427 3172 1607 3231 ἄεθλον

182 3258 413 3335 ἔμμεναι,
435 3262 541 3321 οὐδ’
567 3262 839 3345 ἄνδρεσσιν
870 3262 1205 3343 ὀιζυρώτερον
1228 3260 1395 3342 ἔργον.

182 3348 245 3407 Οἳ
266 3351 307 3408 δ’
335 3352 449 3423 ἤτοι
472 3355 683 3433 πρῶτον
710 3350 825 3429 μὲν,
848 3349 923 3410 ὅτ’
954 3352 1006 3418 ἐς
1028 3352 1185 3411 πόνον
1208 3350 1551 3420 δπλίζωνται,

90 3453 147 3491 ιιι,
184 3438 355 3519 βρώμῃ
383 3443 430 3499 τ’
454 3438 549 3513 ἠδὲ
575 3443 813 3499 ποτοῖσιν
840 3439 1233 3522 ἀφαυροτέροισι
1256 3440 1529 3517 μέλονται,

182 3524 317 3607 ὕπνῳ
340 3534 387 3586 τ’
410 3531 508 3609 οὐχ
530 3530 767 3589 ἁλιεῦσιν
791 3526 981 3589 ἐοικότι
1006 3528 1419 3607 μαλθάσσονται.

184 3612 265 3681 Ως
292 3617 335 3675 δ’
356 3616 431 3675 ὅτ’
450 3616 582 3697 ἀνὴρ
603 3615 826 3697 εὔγηρυν
853 3617 1155 3698 ἐφοπλίζητ’
1182 3619 1233 3683 ἐς
1232 3619 1439 3731 τάγῶνα

178 3706 367 3777 μολπῆς
387 3704 728 3787 εὖφόρμιγγος
750 3703 887 3785 ἔχων
917 3704 1177 3777 Φοιὸήιον
1207 3696 1264 3763 ευ
1266 3728 1385 3785 [ος

186 3799 319 3851 πᾶσα
346 3794 401 3852 δέ
422 3798 469 3853 οἱ
491 3792 711 3871 μέλεται
739 3790 964 3871 κομιδὴ,
985 3793 1159 3867 πάντη
1190 3792 1245 3852 δὲ
1269 3792 1557 3875 φυλάσσει,

88 3896 151 3933 ¹2³)
182 3880 385 3939 πιαίνων
411 3886 460 3949 ἐς
485 3882 649 3941 ἄεθλα
669 3882 1017 3961 λιγυφθόγγου
1044 3881 1201 3960 μέλος
1227 3883 1402 3953 αυδῆς·

187 3967 248 4033 ὣς
272 3968 366 4049 οἵγ’
392 3969 640 4038 ἐνδυκέως
670 3969 895 4048 κομιδὴν
924 3969 1205 4053 εὗφρουρον
1233 3970 1440 4050 ἔχουσι,

183 4056 311 4137 ὄφρα
332 4082 418 4139 σφι
442 4058 599 4131 πνοιή
629 4082 689 4118 τε
718 4056 848 4138 μένῃ
878 4058 999 4119 ποτὶ
1028 4058 1220 4140 βυσσὸν
1251 4061 1412 4117 ἰοῦσιν

185 4145 427 4221 ἀσκηθὴς,
454 4146 726 4229 προτέροιο
756 4146 801 4205 δ’
824 4145 1125 4228 ἀναψύξωσι
1148 4146 1343 4207 πόνοιο.

186 4232 316 4291 Ἀλλ’
341 4235 411 4293 ὅτ’
430 4235 716 4295 ἀεθλεύωσι
742 4234 907 4314 μέγαν
935 4234 1091 4294 πόνον
1120 4232 1412 4304 ἔξανύοντες
1428 4280 1443 4309 ,

86 4336 150 4375 ⁸25
188 4322 443 4401 εὐχόμενοι
468 4324 796 4405 μακάρεσσιν
822 4323 945 4391 ἁλὸς
976 4322 1217 4402 μεδέουσι
1246 4324 1453 4405 βαθείης

188 4412 403 4487 αἱρῶνται
428 4413 633 4482 κήτειον
654 4411 909 4485 άλεξῆσαί
926 4434 1073 4495 σφισι
1094 4416 1280 4488 πῆμα,

190 4498 316 4569 μήτε
340 4505 430 4557 τιν’
459 4500 703 4559 ἀντιάσαι
722 4498 902 4573 λώὸην
927 4500 1067 4568 ἁλός·
1098 4500 1162 4572 ἢν
1190 4502 1235 4559 δ’
1258 4500 1534 4559 ἐσίδωνται

186 4588 475 4667 κάλλιχθυν,
503 4588 620 4648 τότε
646 4589 710 4660 δή
736 4612 827 4671 σφι
853 4588 969 4648 νόον
996 4588 1134 4667 μέγα
1162 4587 1351 4670 θάρσος
1382 4588 1565 4647 ἱκάνει·

188 4674 243 4729 οὐ
266 4675 361 4756 γάρ
384 4700 464 4734 πω
491 4676 696 4757 κείνῃσι
720 4678 904 4755 νομαῖς
932 4676 1007 4734 ἔνι
1032 4682 1186 4749 κῆτος
1214 4676 1436 4750 άαπτον,

84 4777 151 4816 tw
186 4762 243 4817 οὐ
264 4762 434 4835 δάκος,
457 4763 580 4823 οὐδέ
601 4788 654 4824 τι
680 4770 837 4843 πῆμα
867 4762 1151 4823 θαλάσσιον
1184 4764 1313 4822 ἄλλο
1341 4764 1575 4845 φαάνθη,

192 4850 307 4906 ἀλλ’
334 4852 432 4909 αἰεὶ
452 4858 753 4933 καθαροῖσιν
778 4850 1106 4931 ἀπημάντοις
1127 4876 1185 4910 τε
1212 4852 1419 4933 πόροισι

192 4938 481 5016 τέρπονται·
509 4944 583 5020 τῷ
614 4940 706 5000 καί
736 4963 823 5019 μιν
842 4938 1105 5024 ἐφήμισαν
1132 4940 1269 5022 ἱερὸν
1289 4938 1455 5019 ἰχθύν.

191 5028 291 5105 Τῷ
316 5028 356 5084 δ’
379 5030 779 5107 ἐπιγηθήσαντες
805 5027 1171 5089 ἔπισπεύδουσι
1198 5027 1418 5088 πόνοισι.

200 5114 453 5191 Πείσματι
478 5120 757 5199 μηκεδανῷ
779 5116 1013 5196 μεσάτης
1029 5116 1162 5198 ὑπὲρ
1186 5114 1319 5185 ἶξύος
1342 5114 1475 5197 ἀνὴρ

1676 527 1830 575 mater
1853 541 1969 576 vero
1997 527 2204 590 primum
2224 527 2421 590 quidem
2439 527 2617 578 amicta
2639 528 2806 579 volitat

1676 615 2009 664 miserabiliter
2027 615 2235 665 stridens
2253 615 2401 666 caedis
2417 616 2632 678 luctum;
2654 631 2826 668 verum
2851 619 2930 668 ubi
2959 619 3116 681 pullos

1683 702 1859 752 viderit
1878 708 2102 764 necatos,
2121 704 2202 753 illa
2225 705 2548 768 non-emplius
2565 706 2728 768 fugam
2750 707 2881 756 exitii

1680 791 1880 854 quaerit,
1901 791 2020 841 sed
2004 792 2124 854 ipsis
2139 792 2234 842 sub
2255 793 2463 843 maxillis
2487 793 2709 844 draconis

1680 878 1912 942 volvitur,
1938 880 2091 930 donec
2108 894 2250 932 avem
2270 883 2425 945 rapiat
2449 882 2680 946 pullicida
2698 897 2824 932 noxa
2845 899 2856 932 :

1680 967 1753 1016 sic
1768 968 1914 1018 etiam
1935 968 2162 1031 delphino
2181 969 2350 1032 juveni
2369 971 2682 1021 commoritur
2699 974 2869 1035 mater,

1681 1057 1731 1105 ιιι
1750 1069 1924 1106 nunus
1943 1057 2236 1121 piscatorum
2254 1062 2586 1123 sponte-capta
2605 1074 2878 1112 occurrens.

1744 1148 1932 1196 Genera
1953 1159 2070 1196 vero
2092 1147 2335 1210 οειηοοιι,
2357 1161 2470 1211 quae
2493 1151 2696 1212 serpunt
2712 1150 2930 1212 inmari,

1682 1235 1843 1284 omnia
1864 1248 2031 1285 rumor
2052 1239 2128 1285 est
2145 1236 2262 1286 lune
2283 1235 2480 1300 quidem
2492 1243 2781 1300 augescente
2801 1239 3066 1289 secundum
3084 1241 3250 1290 orben»

1681 1336 1825 1373 carne
1848 1323 2147 1386 repleta-esse
2165 1328 2215 1374 et
2235 1324 2460 1388 pinguem
2483 1325 2700 1376 habitare
2719 1327 2916 1378 domum
2930 1365 2945 1389 ,

1683 1412 1990 1464 decrescente
2012 1427 2129 1464 vero
2145 1427 2338 1464 rursum
2361 1414 2661 1465 tenuioribus
2682 1416 2914 1467 membris

1682 1503 1952 1564 corrugari;
1972 1501 2084 1551 talis
2101 1501 2326 1566 quaedam
2341 1502 2393 1551 in
2409 1503 2530 1566 ipsis
2546 1506 2623 1554 est
2640 1504 2916 1556 necessitas.

1683 1590 1869 1638 Horum
1883 1594 2045 1638 autem
2055 1589 2146 1638 alia
2165 1589 2364 1652 quidem
2375 1590 2638 1641 subeuntes
2651 1592 2852 1642 humida
2861 1594 3082 1644 manibus
3092 1595 3252 1657 legunt

1684 1675 1776 1725 viri
1788 1691 1848 1726 ex
1871 1690 2040 1739 arena,
2059 1677 2152 1727 alia
2175 1691 2290 1728 vero
2313 1691 2342 1727 a
2365 1679 2576 1742 scopulis
2599 1681 2885 1731 abstrabunt

1684 1765 1886 1814 firmiter
1905 1765 2217 1827 inmerentia,
2239 1765 2336 1816 alia
2355 1765 2596 1830 denique
2583 1781 2652 1816 m·
2654 1768 2816 1818 littora
2836 1771 3198 1869 exspuunt-‚ipsa

1686 1853 1859 1903 fluctus
1880 1853 1961 1903 et
1946 1867 2014 1902 ιιι-
1999 1853 2188 1904 -t'oveas
2209 1855 2402 1905 effossae
2425 1869 2600 1907 arenae.

1746 1945 1984 2004 Purpurae
2003 1957 2146 2006 porro
2161 1942 2423 1994 admodum
2443 1958 2560 1996 sane
2578 1945 2703 1996 inter
2719 1949 2878 1997 ostrea
2899 1952 3014 1998 sunt

1686 2043 1908 2094 vomcoe3
1933 2032 2047 2082 talis
2069 2038 2234 2082 eutem
2253 2033 2373 2096 ipsis
2390 2047 2504 2084 vera
2525 2040 2715 2086 constat
2735 2040 2946 2099 captura.

1685 2121 1853 2169 Nassoe
1877 2133 2040 2183 parvae
2061 2121 2262 2171 calathis
2285 2121 2409 2172 flunt
2425 2123 2633 2181 similes,

1687 2206 1849 2256 densis
1872 2207 2074 2258 funibus
2094 2209 2352 2270 confectoe3
2373 2210 2425 2260 in
2445 2211 2522 2262 his
2543 2224 2658 2262 vero

1688 2297 1930 2346 strombos
1947 2299 2260 2361 complicatos
2281 2312 2394 2350 cum
2418 2299 2734 2352 foraminibus
2757 2307 2966 2366 ponunt3

1690 2383 1765 2434 hae
1784 2397 1904 2434 vero
1925 2398 2040 2434 cum
2062 2387 2351 2438 accesserint
2367 2387 2464 2438 cibi
2481 2389 2730 2440 inebriatae
2753 2404 2916 2442 ninorc
2928 2429 2942 2452 ,

1688 2474 1902 2536 linguam
1924 2476 2147 2527 subtus-e
2167 2479 2292 2528 testa
2311 2479 2504 2543 longam
2525 2482 2778 2544 emittunt;
2803 2483 2888 2531 illa
2913 2495 3028 2532 vero
3045 2489 3118 2531 est

1689 2563 1948 2625 tenuisque
1977 2566 2242 2627 scutaque,
2265 2579 2350 2628 per
2372 2567 2514 2618 funes
2536 2580 2652 2618 vero
2672 2568 2938 2618 extendunt
2955 2581 3072 2618 cam

1689 2649 1852 2699 cibum
1875 2650 2224 2714 desiderantes,
2243 2653 2460 2704 moloetae
2476 2667 2594 2706 vero
2617 2661 2880 2706 occurrunt
2896 2669 3050 2716 escae;

1688 2739 1851 2802 lingua
1873 2739 2001 2789 enim
2019 2740 2069 2788 ιιι
2091 2741 2287 2790 funibus
2305 2741 2452 2792 infixa
2475 2743 2638 2794 densis

1690 2828 1985 2889 intumescit,
1999 2831 2226 2891 angustat
2241 2841 2360 2879 vero
2378 2829 2616 2880 viminum
2631 2829 2852 2892 laqueus,
2875 2843 3032 2892 neque
3053 2829 3260 2892 amplius

1691 2916 1837 2981 retro]
1857 2918 2058 2979 emergit
2079 2919 2544 2982 quamvis-cupiens,
2577 2921 2742 2969 manet
2763 2932 2879 2969 vero
2918 2918 3166 2969 doloribus
3183 2933 3260 2971 ex·

1693 3005 1843 3068 tensa]
1866 3005 2020 3055 donec
2037 3007 2290 3056 extrahant
2307 3020 2396 3057 eas
2418 3006 2544 3057 circa
2567 3007 2778 3069 linguam
2802 3008 3070 3069 satagentes
3081 3043 3096 3068 ,

1692 3093 1943 3156 purpureis
1965 3094 2338 3157 pulcherrimum
2359 3095 2468 3145 telis
2490 3094 2656 3145 florem
2681 3095 2903 3146 terentes.

1754 3182 2309 3245 Quam-spongiariorum
2328 3188 2492 3233 autem
2509 3196 2631 3245 nego
2645 3172 2856 3247 peior-ein
2883 3184 3031 3234 alium
3049 3183 3260 3233 laborem

1691 3282 1825 3331 esse,
1850 3284 2008 3334 neque
2027 3271 2145 3321 viris
2163 3270 2485 3322 miserabilius
2505 3286 2650 3335 opus.

1692 3359 1790 3417 Qui
1808 3372 1926 3411 sane
1942 3361 2098 3423 primo
2119 3360 2346 3423 quidem,
2369 3362 2566 3425 quando
2587 3362 2650 3412 ad
2675 3362 2888 3412 laborem
2905 3362 3229 3418 instruuntur,

1693 3448 1900 3509 ciboque
1917 3453 1967 3498 et
1986 3452 2104 3513 potu
2125 3449 2348 3512 pauciore
2367 3450 2582 3512 alunmr,

1692 3550 1960 3599 somnoque
1984 3537 2306 3600 piscatoribus
2332 3552 2430 3588 non
2447 3540 2760 3589 conveniente
2777 3538 3130 3589 effeminantur.

1692 3627 1759 3674 Ut
1775 3630 1938 3675 autem
1957 3638 2072 3674 cum
2091 3626 2202 3689 quis
2219 3625 2526 3675 dulcisonum
2549 3625 2804 3677 instruitur
2827 3624 2874 3673 in
2897 3626 3137 3674 certamen

1691 3717 1861 3762 cantus
1878 3714 2043 3764 suavis
2063 3714 2249 3764 liabens
2272 3714 2532 3765 Phoebeam
2554 3712 2783 3775 gloriam,

1692 3801 1848 3851 omnis
1870 3803 2032 3851 autem
2055 3801 2126 3851 illi
2143 3800 2372 3853 cordi-est
2387 3814 2528 3863 cura,
2555 3801 2734 3864 ubique
2753 3814 2868 3851 vero
2891 3794 3262 3849 cautionem-ad·

1694 3888 1874 3953 hibet,]
1899 3890 2251 3954 pinguefaciens
2271 3890 2322 3939 ιιι
2343 3890 2604 3941 certamine
2623 3893 2781 3939 acutae
2795 3902 2988 3938 carmen
3009 3890 3139 3937 vocis
3163 3904 3174 3935 :

1694 3980 1765 4029 sic
1779 3980 1851 4029 illi
1868 3980 2036 4030 sedulo
2053 3992 2220 4029 curam
2241 3978 2516 4040 diligentem
2535 3978 2714 4028 habent
2725 4012 2739 4038 ,

1695 4070 1751 4117 ut
1769 4068 1888 4131 ipsis
1910 4068 2204 4131 spiritusque
2224 4070 2414 4117 mancat
2435 4066 2496 4116 ad
2521 4059 2810 4129 profundum
2828 4066 3137 4128 vergentibus

1693 4155 1898 4216 illaesus,
1918 4156 2160 4219 priorique
2179 4155 2501 4205 refocillentur
2518 4154 2744 4204 &labore

1696 4244 1791 4294 Sed
1814 4258 1928 4293 cum
1948 4249 2232 4294 exercentur
2253 4256 2484 4306 magnum
2506 4242 2719 4292 laborem
2743 4241 3074 4305 perficientes,

1696 4334 1808 4381 vota
1832 4332 2056 4381 facientes
2077 4332 2268 4395 superis
2284 4332 2408 4381 mari
2425 4330 2773 4394 imperantibus
2793 4329 3032 4394 profundo

1695 4426 1964 4484 precantur,
1984 4424 2171 4471 ceteum
2195 4422 2252 4470 ut
2269 4420 2554 4483 prohibeant
2575 4418 2778 4483 zib-ipsis
2795 4420 3169 4480 nocumentum,

1696 4523 1817 4559 neve
1835 4512 1936 4571 ipsi
1956 4508 2176 4558 in·ullam
2215 4509 2462 4558 incurrant
2477 4522 2654 4557 noxam
2672 4508 2853 4570 maris5
2873 4506 2958 4556 ubi
2970 4520 3087 4557 vero
3104 4504 3264 4555 intuiti

1699 4597 1916 4660 -ruerinss
1941 4598 2398 4661 piscem-pulchrum
2411 4632 2427 4659 ,
2451 4598 2570 4647 tunc
2591 4610 2706 4648 sane
2733 4596 2852 4659 ipsis
2874 4595 3150 4645 inanimum
3175 4607 3268 4643 ma-

1698 4699 1791 4748 gna
1812 4685 2012 4737 audacia
2033 4685 2212 4750 venit3]
2241 4700 2338 4735 non
2369 4686 2498 4734 enim
2521 4697 2733 4748 unquam
2765 4683 2863 4733 illis
2909 4684 2956 4732 in
2993 4680 3266 4745 regionibus

1698 4775 1835 4825 cetus
1851 4774 2095 4838 crudelis,]
2111 4788 2206 4823 non
2224 4774 2378 4824 bestia
2389 4808 2403 4832 ,
2423 4786 2580 4835 neque
2599 4772 2752 4821 ullum
2770 4775 3110 4821 nocumentum
3133 4782 3264 4817 mari-

1699 4876 1816 4911 num
1834 4861 1964 4910 aliud
1981 4860 2436 4924 conspectumesu]
2460 4860 2541 4909 sed
2567 4872 2760 4922 semper
2781 4858 2942 4921 puris,
2966 4856 3267 4918 innoxiisque

1701 4949 1813 5013 viis]
1838 4950 2159 5011 delectantium
2182 4947 2307 4999 unde
2335 4949 2480 4997 etiam
2499 4949 2659 5010 ipsum
2673 4946 2974 5010 appellarunt
2990 4956 3180 4997 satzi-um
3201 4946 3264 5007 ιιι·

1704 5038 1874 5101 scem.]
1898 5042 2001 5087 Hoc
2025 5038 2170 5087 laetati
2183 5040 2471 5099 piscatores
2492 5035 2798 5085 festinant-ad
2815 5034 3024 5085 labores.

1704 5128 1837 5174 Fune
1860 5125 1998 5183 longo
2024 5124 2227 5173 uituli-‘un
2250 5136 2392 5187 supra
2413 5136 2582 5173 coxam
2605 5128 2681 5173 vlr
