3767 5825
1092 316 1882 382 MANETHONIANORUM
1925 313 2071 381 LIB.
2117 321 2168 380 1.
2218 317 2367 400 [V.]
3254 320 3328 380 98

39 451 394 529 κοσμῆτας
408 496 426 531 ,
450 450 596 529 μάλα
617 473 697 510 τοι
719 450 1055 527 πεπονημένα
1079 452 1439 530 τεχνάζοντας.

169 630 382 700 Ζῆνα
405 627 450 686 δ’
477 616 551 685 ὅτ’
579 624 643 686 ἂν
670 626 924 707 φαέθοντα
951 628 1088 707 βάλῃ
1113 626 1512 708 λαμπραύγετις
1538 628 1684 696 ἀκτὶς

40 714 66 735 ‘
89 718 164 775 E
183 740 236 796 ρ
256 740 300 792 μ
315 715 457 792 είω,
486 714 678 792 μίγδην
701 738 758 773 τε
781 714 1122 783 διαλλάξωσιν
1146 716 1417 796 ὁρισμούς,

51 802 352 885 ῥήθτορας
374 802 686 883 ἐμφαίνουσι
715 800 927 883 βροτοὺς
949 804 1133 883 σοφίης
1154 827 1211 861 τε
1241 805 1544 883 κρατίστους

43 891 387 964 ζηλωτάς,
410 890 586 971 τεύχει
607 912 664 950 τε
685 889 855 966 λόγων
876 890 1093 962 νεότητά
1120 915 1178 949 τε
1202 892 1452 973 λαμπρὴν

59 1066 507 1147 γραμματικὴν
532 1066 754 1139 ἄσκησιν
783 1065 860 1125 ἐνὶ
886 1065 1167 1146 στέρνοισιν
1192 1067 1424 1147 ἔχοντας.

181 1160 260 1217 Μ
275 1156 431 1229 ἧνης
459 1155 504 1214 δ’
531 1154 806 1236 ἀμφίκερω
828 1154 1033 1221 σκολιὸς
1057 1154 1242 1233 δρόμος
1262 1156 1395 1225 ἡνίκ’
1421 1156 1482 1215 ἂν
1510 1159 1640 1238 ὀφθῇ

55 1244 160 1305 ’A
185 1268 311 1325 ρεο
326 1270 349 1312 ς
383 1244 648 1303 ἀκτίνεσσι
671 1242 834 1303 πόλου
856 1242 1151 1321 λοξεύματα
1179 1244 1386 1323 βαίνων,

61 1334 195 1392 Στ
215 1331 422 1390 ίλὸων
449 1331 494 1390 δ’
523 1333 657 1411 ἀμφ’
683 1332 855 1397 αὖτοῖς
882 1328 916 1401 ἢ
941 1331 1031 1389 καὶ
1064 1330 1337 1412 διάμετρος
1365 1336 1526 1413 ὁραθῇ

63 1420 314 1500 ζωιδίῳ
341 1420 587 1497 κόσμοιο,
608 1416 801 1486 κακοὺς
824 1417 1102 1499 ληίστορας
1123 1420 1309 1500 ἄνδρας

63 1508 202 1567 καὶ
229 1508 497 1589 θυρέτρων
526 1506 723 1576 δεινοὺς
744 1506 1114 1587 ἕπανοίκτορας
1141 1509 1402 1585 ὀθνειάων,

67 1599 423 1711 κλεπτῆρας
443 1596 671 1678 φαύλως
695 1596 1078 1663 νυκτοπλανέας
1097 1596 1360 1657 τελέουσιν
1378 1622 1390 1634 ·

67 1678 259 1745 ουτοι
285 1684 610 1766 φωρηθέντες
633 1686 686 1743 ἐν
716 1684 1033 1765 ἀλλοτρίοισι
1057 1684 1330 1768 μελάθροις

73 1779 176 1843 εἷς
207 1774 445 1855 συνοχὰς
470 1773 653 1847 ἥξουσι
675 1773 990 1855 σιδηρήεντά
1009 1797 1067 1832 τε
1093 1776 1290 1851 δεσμά,
1403 1768 1418 1780 '

73 1864 331 1944 εἱρκτὰς
353 1862 400 1923 δ’
426 1861 696 1935 οἰκήσουσι
725 1862 1109 1943 φυλασσόμενοι
1139 1832 1444 1942 ἅλύσεσσιν,

71 1950 148 2009 ἔν
177 1975 246 2011 τε
277 1951 372 2032 βία
393 1950 612 2011 θάνατον
635 1953 803 2032 λείψει
827 1950 1101 2032 κακοεργέι
1123 1954 1301 2032 θυμῶ,

75 2038 126 2111 ἢ
167 2040 422 2120 σφαγίοις
444 2038 636 2121 ξίφεσιν
659 2038 983 2116 δεδαϊγμένοι
1005 2036 1040 2109 ἢ
1063 2040 1392 2114 πελέκεσσιν,

75 2128 126 2200 ἢ
173 2128 383 2209 βρόχον
405 2130 739 2207 ἀγχονόωντα
761 2129 827 2185 δι’
860 2128 1076 2207 αὐχένος
1105 2128 1433 2201 ἐνδήσαντες,

87 2215 168 2295 [ἢ
197 2216 298 2274 διὰ
319 2214 642 2294 λαιμοτόμου
664 2214 890 2297 φάρυγος
919 2216 1031 2296 βίον
1056 2214 1242 2293 αἵματι
1263 2216 1430 2298 λείψει

85 2304 508 2387 σφονδυλόεντα
530 2303 793 2384 τράχηλον
820 2302 856 2377 ἢ
885 2304 1011 2363 ἰνίον
1037 2305 1409 2385 ἀκροτομηθείς
1428 2306 1467 2384 ·]

39 2412 56 2451 ι
85 2392 333 2471 πνεῦμά
357 2391 400 2450 θ’
423 2391 506 2451 ἑὸν
528 2392 763 2473 λείψουσι
779 2400 970 2472 πικρᾶς
993 2392 1195 2474 Μοίρας
1217 2395 1307 2451 ὑπ’
1337 2392 1585 2471 ἀνάγκας.

195 2568 454 2634 Ἠέλιος
477 2568 532 2626 δὲ
557 2567 831 2650 Κρόνοιο
850 2567 942 2626 καὶ
964 2564 1176 2648 Ἄρεος
1198 2570 1418 2649 ἀστέρας
1439 2569 1606 2648 ἀθρῶν

92 2656 518 2735 ἀκτινηὸολίῃσι
546 2656 838 2738 φαεσφόρου
861 2654 1206 2735 Οὐλύμποιο,

93 2744 444 2811 ναυσιὸάτας
465 2743 690 2805 δείκνυσι
715 2744 807 2803 καὶ
830 2744 1017 2811 ὕδατος
1041 2742 1253 2825 ἵστορας
1281 2745 1500 2825 ἄνδρας,

92 2833 442 2916 πλιιπάρχας
466 2832 726 2916 σκαφίων,
746 2831 798 2893 οἳ
822 2833 1048 2893 πολλάκι
1077 2833 1448 2915 ναυφθορίῃσιν

39 2943 70 2984 ε
99 2924 378 3004 χείματος
397 2921 696 3004 ὀρνυμένοιο
725 2920 837 3004 βίον
861 2921 1083 2991 σώζουσι
1112 2921 1178 2982 δι’
1212 2921 1384 3000 ἅλμης

98 3013 401 3093 νηχόμενοι
426 3012 690 3092 Μοίρῃσιν
709 3009 811 3069 ὑπὸ
832 3009 1024 3090 τρόμον
1048 3013 1102 3070 ἐν
1130 3010 1465 3088 πελάγεσσιν.

193 3099 519 3180 παμφαίνων
541 3101 586 3159 δ’
609 3097 778 3180 ἀστὴρ
803 3097 1188 3179 κυανοχρῶτοιο
1214 3098 1499 3180 Κρόνοιο

103 3185 380 3249 Ηελίου
403 3188 676 3247 σελάεσσιν
700 3185 778 3246 ἀν’
807 3187 1022 3268 οὐρανὸν
1048 3185 1114 3260 ἢν
1139 3186 1434 3267 ἰσόμοιρος,

107 3276 312 3349 τηνίκα
335 3275 604 3358 φυομένων
629 3275 856 3358 βρεφέων
881 3274 1165 3355 γεννήτορα
1191 3279 1402 3356 πρῶτον

39 3387 80 3424 ιο
107 3364 346 3445 μητέρος
372 3365 444 3431 εἰς
465 3363 638 3436 Ἃιδην
661 3363 858 3445 πέμψει
884 3364 1199 3436 νεκυηπόλος
1221 3354 1394 3438 Αἷσα,

113 3451 376 3532 κτήματά
402 3455 451 3510 τ’
475 3451 722 3512 ἐκὸάλλει
742 3452 982 3532 πατρώια
1017 3475 1106 3511 και
1136 3450 1301 3530 μέγαν
1327 3451 1508 3531 ὄλὸον,

113 3542 215 3603 καί
235 3565 296 3601 τε
317 3541 644 3619 κασιγνήτων
671 3540 942 3600 θάνατον
921 3539 1109 3620 ορόωσι
1131 3540 1418 3621 προόντων,

111 3634 224 3691 κάκ
246 3629 458 3690 πολλῶν
478 3628 714 3688 θανάτων
736 3631 962 3687 πλοῦτον
981 3627 1148 3707 μέγαν
1176 3627 1506 3701 αὖξησουσιν.

200 3718 268 3791 ἢν
297 3717 352 3778 δὲ
377 3717 751 3790 Σεληναίης
773 3715 920 3783 ἀκτὶς
943 3714 1185 3795 ἰσόμοιρα
1209 3717 1409 3796 πελάζῃ

39 3832 85 3874 ιι
117 3806 300 3888 [φωτὶ
323 3803 524 3886 Κρόνου
540 3805 596 3883 ,]
623 3803 820 3884 μάρτυς
841 3803 886 3862 δ’
909 3804 998 3862 ἐπὶ
1020 3802 1293 3884 [σήματι]
1316 3805 1452 3884 τῷδε
1472 3801 1684 3882 γένηται

113 3897 214 3955 καὶ
239 3893 555 3973 Πυρόεῑς,
587 3892 763 3972 μήτηρ
798 3891 1022 3973 προτέρη
1059 3890 1298 3972 [πατρὸς]
1322 3889 1479 3971 οἴχετ’
1518 3893 1568 3957 ἐς
1599 3890 1687 3977 ᾍ·

113 3981 184 4056 ἠὲ
216 3981 532 4062 μογοστοκίῃ
554 3979 864 4058 δεδαϊγμένη
882 4025 899 4053 ,
928 3979 964 4052 ἢ
989 3981 1088 4038 ὑπὸ
1116 3977 1299 4037 νούσου
1533 3977 1682 4056 [δην,

115 4075 385 4152 αἱμηρῇσι
407 4067 608 4150 γυναιξὶ
626 4069 774 4150 φύσις
796 4066 965 4148 κρύφι’
991 4066 1134 4142 ἄλγε’
1157 4065 1362 4126 ἔδωκεν.

39 4259 92 4309 lt)
211 4249 242 4300 †
267 4245 374 4308 Ἢν
412 4244 655 4324 Κρόνος
689 4247 962 4324 ὣρονομῇ,
998 4242 1273 4322 Πυρόεις
1306 4241 1432 4322 δύνῃ
1478 4241 1533 4301 δὲ
1568 4241 1683 4302 κατ’

39 4357 98 4396 40
126 4338 161 4392 †
196 4337 388 4402 αἴλινος
411 4331 554 4402 ὅστις
571 4332 704 4414 ἀνήρ
723 4356 784 4412 γε
808 4331 1104 4412 βιαιότατον
1129 4331 1287 4412 μόρον
1309 4329 1428 4400 ἔξει.
1529 4330 1682 4412 [ἰθύν,

39 4529 96 4581 n
125 4521 359 4604 Ἠελίῳ
401 4520 718 4601 τετράγωνος
761 4517 976 4598 Ἄρης,
1005 4517 1192 4599 Μήνῃ
1231 4517 1288 4577 δέ
1311 4542 1368 4577 τε
1401 4519 1681 4596 Φαίνων,

211 4609 421 4677 δούλους
443 4609 654 4681 ποιήσει
672 4607 762 4667 καὶ
781 4606 974 4686 γονέων
999 4607 1244 4688 στερέσει.

123 4700 193 4772 ἢν
212 4696 256 4758 δ’
283 4698 358 4757 ἔτι
385 4696 475 4757 καὶ
503 4699 553 4757 Π
568 4694 721 4777 αφίη
744 4695 1075 4755 κατεναντίον
1098 4692 1304 4775 ΙἈριεος
1325 4693 1448 4774 ἔλθῃ
1463 4738 1480 4767 ,

127 4873 218 4933 καὶ
237 4812 428 4946 ταύτην
447 4810 884 4953 τετέάγωνκῖδοι
907 4876 958 4933 Κ
974 4811 1074 4953 ἑόν
1086 4894 1148 4938 ος
1171 4870 1358 4952 ὑψόθεν
1383 4873 1558 4946 ἑστώς,

39 4979 100 5018 ⁸45
207 4963 264 5020 ἐκ
285 4960 478 5020 δούλων
503 4961 710 5026 δούλους
736 4961 862 5039 τῇδε
885 4959 989 5018 νόει
1012 4957 1226 5028 ξυνέσει.

126 5043 192 5112 ἣν
215 5041 384 5101 spato
399 5064 480 5099 ων
507 5041 822 5120 τετράγωνον
847 5037 950 5098 ἴδοι
976 5042 1026 5100 Κ
1042 5038 1221 5118 ρόνον
1244 5037 1308 5110 ἠὲ
1334 5039 1599 5118 τρίγωνον,

332 5153 362 5182 ί
543 5153 573 5182 ί
757 5153 788 5184 ἡ
971 5152 1000 5182 ί
1185 5155 1213 5181 Ἰ

1773 463 2023 511 ornatorae
2035 496 2050 522 ,
2072 459 2335 510 admodum
2354 472 2471 509 sane
2488 459 2639 523 polita
2654 458 2971 509 elaborantes.

2481 574 2619 585 —uu———o

1835 638 2013 685 lovem
2030 638 2191 684 autem
2212 634 2295 683 ubi
2316 634 2643 693 splendentem
2662 634 2815 696 tangit
2836 633 3043 696 mlgidus
3066 632 3225 682 radius

1775 726 2053 779 Mercurii,
2081 726 2130 773 et
2148 724 2339 773 mixtim
2360 725 2598 773 alternant
2616 724 2733 773 fines
2745 759 2760 783 ,

1772 815 1987 862 oratores
2008 812 2283 875 producunt
2300 813 2521 862 hominoe
2538 814 2588 862 et
2604 812 2849 875 sapientia·
2872 811 3079 874 optimos

1773 900 1977 949 mutulos
1988 934 2003 962 ,
2023 902 2073 949 et
2096 900 2210 950 lacit
2225 913 2501 950 sermonum
2520 903 2569 950 et
2583 899 2887 961 juventutem
2906 900 3117 949 nobilem

2826 1006 2855 1034 ’ἡ

1773 1075 2137 1136 grammaticam
2161 1075 2551 1125 exercitationem
2568 1075 2620 1124 in
2638 1075 2912 1138 pectoribus
2936 1075 3179 1125 habentes.

1839 1166 1999 1213 Lunoe
2031 1165 2192 1213 autem
2230 1164 2693 1226 utrinque-cornutae
2734 1163 2959 1226 obliquus
2990 1178 3159 1214 cursus
3184 1178 3333 1226 quum

1777 1254 1967 1301 Martis
1988 1251 2131 1301 radiis
2152 1252 2249 1315 poli
2270 1252 2577 1315 obliquitatoe
2599 1253 2791 1319 obiens,
3082 1253 3332 1317 [cernitur,

1776 1340 2071 1390 Mercurius
2085 1342 2248 1390 autem
2263 1340 2391 1391 circa
2404 1341 2513 1391 illos
2526 1341 2773 1391 autetiam
2786 1341 3065 1392 eii-adverso
3082 1342 3317 1404 conspici—

1774 1427 1909 1490 signo
1926 1428 2123 1489 mundi,
2143 1429 2296 1479 malos
2315 1429 2519 1479 latrones
2538 1430 2756 1480 homines
3234 1430 3333 1493 [tur

1775 1517 1824 1565 et
1839 1516 2093 1578 januarum
2114 1516 2350 1567 terribiles
2366 1518 2643 1569 effractores
2661 1508 2927 1568 alienarum
2941 1555 2956 1581 ,

1777 1604 1905 1653 fures
1922 1617 2097 1667 pravos
2114 1605 2392 1667 noctivagos
2409 1604 2654 1668 efficiunt3

1778 1691 1825 1739 hi
1842 1691 2123 1754 deprehensi
2142 1694 2192 1742 in
2208 1693 2375 1743 alienis
2392 1693 2578 1744 aedibus

1778 1779 1826 1828 in
1848 1784 2090 1841 angustias
2113 1782 2305 1831 venient
2332 1784 2380 1831 et
2406 1783 2556 1831 ferrea
2579 1782 2799 1845 vincula,

1777 1870 1824 1917 et
1847 1881 2061 1919 carceres
2082 1868 2369 1919 habitabunt
2393 1870 2619 1921 custoditi
2646 1872 2855 1933 catenis,

1775 1958 1826 2005 et
1845 1956 1893 2004 vi
1912 1958 2117 2006 mortem
2138 1957 2411 2020 relinquent
2428 1958 2647 2008 malefieo
2664 1960 2851 2019 animo,

1777 2046 1862 2093 aut
1879 2045 2225 2094 mactatoribus
2241 2045 2411 2107 gladiis
2427 2046 2659 2095 trucidati
2676 2050 2762 2096 aut
2777 2046 3028 2097 securibus
3039 2085 3054 2108 ,

1776 2136 1862 2181 aut
1879 2132 2107 2196 laqueum
2126 2134 2441 2184 suffocantem
2465 2148 2551 2197 per
2565 2136 2802 2185 eei-vicem
2818 2136 3088 2200 alligantes,

1777 2220 1892 2285 [aut
1908 2236 1993 2285 per
2010 2222 2268 2273 dissectum
2288 2226 2457 2285 guttur
2474 2224 2627 2273 vitam
2644 2224 2875 2287 sanguine
2892 2225 3105 2289 linquet,

1781 2309 2101 2361 vertebrosam
2120 2312 2356 2361 cervicem
2378 2314 2468 2362 aut
2487 2316 2988 2364 nervum-extremum
3006 2314 3183 2377 ictus,]

1777 2400 1827 2447 et
1848 2398 2068 2461 spiritum
2086 2412 2231 2449 suum
2249 2398 2525 2463 relinquent
2545 2414 2725 2451 amarae
2750 2404 2915 2460 Parca
2944 2416 3006 2452 ex
3036 2404 3332 2454 necessitate.

1839 2576 1927 2625 Sol
1946 2578 2108 2627 autem
2128 2580 2346 2627 Saturni
2364 2580 2415 2628 et
2432 2581 2631 2629 Martis
2652 2580 2814 2629 stellas
2832 2579 3001 2629 videns

1777 2663 2433 2716 in-radiorum-missionibns
2451 2666 2837 2719 lucem-serentis
2856 2668 3075 2732 Olympi,

1757 2751 2059 2815 'navigrados
2076 2754 2257 2804 indicat
2274 2756 2421 2818 atque
2438 2768 2581 2819 aquoe
2596 2756 2777 2817 peritos
2793 2756 2923 2807 viros
2934 2793 2950 2817 ,

1777 2840 2105 2904 primoresque
2124 2844 2323 2892 navium
2337 2879 2353 2905 ‚
2372 2843 2458 2906 qui
2474 2856 2603 2907 soepe
2619 2844 2952 2909 in-naulragiis

1778 2931 1985 2993 procella
2003 2931 2249 2982 exoriente
2264 2932 2417 2982 vitam
2433 2933 2633 2982 servam
2647 2931 2698 2980 in
2720 2933 3067 2996 salso-aequore

1665 3038 1674 3045 ·
1779 3022 2000 3070 natantes
2018 3020 2355 3070 Parcarum-vi
2371 3021 2463 3070 sub
2476 3019 2849 3084 ,trepidationem
2868 3022 2917 3070 in
2938 3021 3123 3084 pelago.

1839 3108 2178 3171 persplendida
2194 3113 2357 3158 autem
2375 3109 2515 3159 stella
2529 3109 2724 3159 caerulei
2743 3111 2966 3160 Saturni

1777 3197 1908 3246 Solis
1931 3196 2197 3247 luminibus
2216 3210 2301 3260 per
2320 3198 2493 3248 calum
2511 3198 2553 3248 sl
2571 3197 3025 3261 m-eadem-regione
3044 3199 3190 3262 (sit),

1773 3285 1895 3334 tunc
1916 3288 2142 3336 natorum
2164 3285 2421 3336 intbntium
2442 3285 2705 3348 genitorem
2725 3289 2935 3349 priorem

1774 3374 1929 3423 matre
1954 3373 2005 3422 in
2032 3376 2216 3424 Orcum
2238 3374 2398 3425 mittet
2422 3380 2955 3438 mortuos-prosequens
2972 3379 3119 3426 Parca
3134 3413 3149 3438 ‚

1774 3464 1824 3510 et
1838 3459 1966 3512 bona
1982 3461 2140 3522 ejiciet
2158 3464 2359 3525 paterna
2374 3464 2426 3513 et
2444 3475 2637 3526 magnas
2654 3463 2846 3514 divitias
2857 3500 2873 3524 ,

1774 3551 1923 3612 atque
1945 3551 2151 3600 fratrum
2174 3552 2383 3601 mortem
2406 3551 2576 3603 vident
2597 3554 2981 3616 antenatorum,

1774 3639 1923 3701 atque
1936 3651 2003 3688 ex
2022 3638 2193 3688 multis
2210 3639 2447 3689 mortibus
2469 3639 2662 3690 divitias
2678 3653 2878 3702 magnas
2896 3640 3155 3701 augebunt.

1835 3727 1921 3776 Sin
1941 3730 2103 3778 Lunx
2123 3726 2285 3777 radius
2302 3727 2469 3777 eedem
2476 3728 2685 3776 ·ratione
2702 3729 3053 3790 appropinquet

1783 3812 1981 3878 [lumini
2007 3814 2255 3878 Saturni]
2269 3851 2284 3875 ,
2303 3815 2439 3864 testis
2455 3815 2621 3864 autem
2638 3815 2691 3864 in
2709 3813 2898 3878 [siguo]
2916 3815 3007 3864 isto
3028 3817 3111 3864 liat

1771 3903 1917 3951 etiam
1939 3905 2083 3953 Mars
2097 3938 2111 3963 ,
2134 3905 2291 3952 mater
2308 3901 2441 3964 prior
2458 3899 2654 3966 [patre]
2672 3901 2774 3951 abit
2792 3903 2840 3951 in
2861 3906 3066 3964 Orcum,

1772 3991 1858 4040 aut
1879 3991 2061 4052 portus·
2071 3990 2231 4040 labore
2251 3991 2444 4052 necata,
2467 3992 2556 4040 aut
2574 4003 2639 4040 ex
2658 3991 2827 4040 morbo

1771 4077 2047 4140 sanguitluis
2064 4077 2251 4128 feminis
2268 4081 2443 4128 natura
2459 4080 2645 4129 secreta
2662 4078 2791 4128 mala
2808 4079 2956 4128 dedit.

1831 4253 1861 4298 †
1878 4249 1961 4302 Sin
1978 4255 2239 4302 Saturnus
2255 4253 2620 4314 horam-teneat,
2634 4253 2717 4303 sed
2732 4253 2877 4304 Mars
2895 4253 3083 4304 occidat
3096 4256 3329 4305 exadver-

1769 4340 1798 4385 †
1821 4337 1984 4390 infelix
1999 4343 2291 4404 quicumque
2304 4343 2380 4391 vir
2394 4342 2795 4392 violentissimum
2810 4343 2962 4392 fatum
2977 4343 3188 4406 babebit.
3234 4339 3329 4408 [so,

1769 4518 1874 4568 Soli
1895 4519 2159 4581 quadratus
2178 4521 2347 4581 Mars,
2368 4521 2532 4570 Luna
2548 4522 2710 4569 autem
2729 4519 3007 4569 Saturnus

1831 4621 1995 4658 servos
2013 4609 2154 4657 faciet
2173 4611 2221 4658 et
2240 4607 2514 4671 parentibus
2534 4607 2741 4658 orbabit.

1769 4697 1850 4746 Sin
1869 4693 2015 4745 etiam
2044 4697 2205 4745 Venus
2224 4695 2461 4757 e·regione
2474 4697 2670 4746 Martis
2686 4697 2897 4757 venerit,

1983 4812 2005 4841 Φ

1769 4885 1815 4931 et
1838 4895 1947 4931 eam
1972 4882 2234 4943 quadratus
2258 4880 2416 4930 videat
2442 4883 2707 4930 Saturnus
2727 4880 2931 4943 doeuper
2954 4883 3085 4931 stans
3099 4919 3113 4942 ,

1828 4984 1888 5019 ex
1908 4970 2057 5020 servis
2074 4982 2237 5019 servos
2254 4970 2345 5018 bac
2361 4968 2688 5018 animadverte
2708 4969 3059 5030 conjunctione.

1769 5058 1817 5107 si
1845 5061 2066 5121 Jupiter
2092 5055 2383 5120 quadratum
2412 5056 2589 5107 viderit
2615 5059 2907 5107 saturnum
2926 5057 3013 5108 aut
3034 5058 3297 5119 trigonum.

2404 5160 2431 5189 ἡ
2616 5159 2643 5188 ἡ
2827 5161 2854 5190 t
