3767 5825
432 345 505 395 58
1504 342 1657 401 ΤΟΥ
1692 343 1881 404 «mm
1930 341 2108 402 ΠΕΡΙ
2154 344 2532 405 ΣΤΑΧῙὉΣ.

560 496 866 556 ἔνθάπτεται
890 495 943 555 δὲ
971 497 1075 563 τοῖς
1098 499 1285 576 μυχοῖς
1305 501 1407 556 τῶν
1432 499 1700 570 αὐλάκων,

560 584 651 642 καὶ
674 585 901 654 σήπεται
929 584 1021 660 μὲν
1050 586 1277 652 ἐκλυθεὶς
1308 587 1421 654 ταῖς
1452 587 1671 664 ἶκμάσιν
1691 635 1705 664 ‚

565 672 845 752 ὑφίσταται
869 675 915 731 δ’
942 664 1029 732 οὐν
1054 677 1124 743 ὡς
1146 674 1273 740 ὀπὸς
1300 677 1661 756 πεπηγμένος,

558 760 884 819 λευκαίνεται
918 759 972 819 δὲ
1002 763 1093 820 καὶ
1120 761 1410 844 προκύπτει
1438 764 1685 845 μετρίως,

480 869 538 908 50
556 849 850 907 λιπαίνεται
886 848 941 906 δὲ
972 848 1065 907 καὶ
1088 851 1301 929 χλοάζει
1330 851 1423 910 καὶ
1455 853 1599 932 βρύει

560 941 655 1008 τῆς
682 939 904 1008 ἡλιακῆς
934 936 1281 1006 εἶσὸαλούσης
1308 941 1613 1016 λαμπάδος,

556 1027 646 1084 καὶ
673 1025 869 1102 γίνεται
900 1023 996 1102 μὲν
1024 1028 1241 1106 εὐφυοῦς
1272 1027 1505 1106 βλάστης
1532 1029 1671 1105 πόα,

558 1113 897 1172 σκεδάννυται
926 1112 981 1174 δὲ
1007 1113 1099 1173 καὶ
1122 1115 1371 1174 πλατύνει
1398 1116 1491 1187 τὴν
1526 1117 1708 1195 βάσιν,

558 1200 647 1260 καὶ
675 1205 921 1280 ῥιζοποιεί
946 1206 1209 1277 μυστικῶς
1235 1202 1329 1271 τὰς
1357 1205 1597 1287 ἐκφύσεις
1614 1251 1629 1278 ,

484 1309 535 1346 bs
555 1285 649 1358 τὴν
674 1287 975 1360 συνδετικὴν
1001 1283 1232 1366 ἐμὸολὴν
1262 1292 1590 1372 ὖποτρέφων,

556 1379 628 1442 ὡς
651 1373 715 1434 ἂν
743 1376 801 1434 τὸ
828 1375 961 1458 βαρὺ
985 1381 1080 1450 τῆς
1106 1379 1290 1458 χλιδῆς
1316 1377 1391 1456 μὴ
1419 1380 1693 1460 συμπέσῃ,

554 1467 655 1521 τῶν
680 1463 973 1522 άντιλαὸῶν
1002 1468 1095 1536 τῆς
1120 1471 1253 1547 φυῆς
1280 1468 1621 1548 ἡδρασμένων
1636 1493 1653 1507 ·

558 1551 855 1632 στηρίζεται
882 1559 1005 1631 γοῦν
1033 1554 1125 1612 καὶ
1152 1555 1445 1636 προὸάλλει
1471 1555 1565 1628 τὴν
1590 1558 1759 1636 κόμην

557 1641 819 1719 ζωστῆρσί
840 1664 975 1699 τισιν
1000 1641 1215 1710 ἐνδεθεὶς
1238 1647 1629 1727 περιστρόφοις,

448 1741 455 1746 ’
479 1750 533 1790 ω
552 1728 683 1788 ἐπὰν
704 1727 793 1787 τὸν
818 1719 977 1788 αὐλον
1006 1732 1357 1810 εὐδρομοῦντα
1388 1733 1595 1815 δεικνύῃ
1610 1779 1627 1810 ,

554 1816 732 1894 μήπου
755 1816 1041 1896 χαλασθεὶς
1063 1821 1245 1899 εὑρεθῇ
1267 1823 1661 1900 τεθραυσμένος.

554 1905 715 1966 Οὕτω
739 1904 794 1963 δὲ
818 1909 911 1976 τῆς
934 1907 1185 1985 κρηπῖδος
1212 1909 1607 1987 ἡτοιμασμένης

552 1991 680 2072 πρὸς
705 1989 798 2059 τὰς
822 1994 875 2050 ἐν
906 1995 1052 2072 ἀκμῇ
1081 1997 1174 2065 τῆς
1202 2000 1333 2076 φυῆς
1363 1997 1703 2078 ὓπεκφύσεις,

552 2081 832 2159 ἐγκυμονεῖ
856 2078 953 2158 μὲν
980 2085 1015 2153 ἡ
1043 2081 1206 2151 κάλυξ
1236 2084 1321 2143 τὸν
1351 2085 1585 2166 ἄσταχυν
1601 2130 1617 2158 ,

476 2189 529 2228 as
549 2167 859 2249 ἐκρήγνυται
888 2167 943 2228 δὲ
969 2169 1063 2228 καὶ
1088 2171 1307 2249 προάγει
1334 2172 1423 2230 τὸν
1452 2173 1604 2234 τόκον
1620 2219 1634 2244 ,

550 2257 640 2316 καὶ
662 2257 957 2336 σπαργανοῖ
975 2257 1064 2315 τὸν
1091 2257 1309 2330 κόκκον,
1340 2265 1409 2328 ὡς
1428 2263 1573 2342 λεχὼ
1602 2262 1820 2344 βρέφος,

558 2343 820 2426 μερίζεται
845 2341 901 2402 δὲ
926 2348 1019 2416 τῆς
1041 2346 1225 2423 χλιδῆς
1247 2356 1351 2413 πᾶς
1375 2351 1403 2406 ὃ
1425 2348 1615 2430 σπόρος

547 2431 819 2513 ἐξαιρέτοις
840 2435 1054 2510 χιτῶσιν
1085 2435 1487 2515 ἐνσπειραμένος
1503 2480 1519 2508 ,

548 2518 622 2596 μὴ
648 2519 739 2578 καὶ
764 2518 1040 2600 ψεκασθεὶς
1064 2522 1301 2602 ἐκτραπῇ
1331 2527 1397 2605 τῇ
1430 2525 1695 2584 συνθέσει*

476 2628 529 2668 70
550 2606 827 2687 ἇδρύνεται
857 2606 911 2664 δὲ
938 2612 1029 2666 τοῦ
1058 2615 1207 2668 κενοῦ
1239 2613 1602 2690 πληρουμένου

546 2698 614 2775 τῇ
642 2693 778 2753 κατὰ
807 2692 993 2774 μικρὸν
1026 2699 1130 2754 τῶν
1160 2696 1377 2756 δεόντων
1410 2699 1700 2780 προσθέσει·

550 2782 689 2844 Ἀλλ’
712 2781 799 2842 ἵνα
831 2785 993 2861 μηδὲν
1028 2785 1323 2864 προσπεσὸν
1352 2792 1457 2846 τῶν
1482 2789 1673 2868 ὀρνέων

544 2871 605 2932 τὸ
627 2873 839 2952 σπέρμα
866 2873 1058 2951 γυμνὸν
1089 2872 1289 2953 εὑρεθὲν
1318 2876 1585 2959 διαρπάσῃ
1602 2924 1619 2953 ‚

546 2962 792 3040 στιχηδὸν
824 2962 1095 3041 ἀνθέρικας
1116 2962 1247 3033 ὀξεῖς
1274 2964 1449 3045 ἐκφύει
1466 3012 1481 3037 ,

474 3072 526 3111 ‘75
545 3051 759 3117 λεπταῖς
787 3052 1024 3109 ἀκανθῶν
1057 3051 1299 3121 ἐκὸολαῗς
1324 3054 1657 3121 καθοπλίσας.

544 3128 707 3204 Αὖθις
734 3137 790 3197 δὲ
813 3144 905 3198 τοῦ
930 3139 1129 3208 δέοντος
1156 3140 1536 3219 ἐξικμασμένου

542 3228 632 3287 καὶ
655 3226 784 3307 πρὸς
804 3227 1093 3307 παρακμὴν
1118 3232 1211 3301 τῆς
1232 3234 1384 3308 γονῆς
1413 3230 1739 3303 ὑποστάσης,

540 3315 602 3374 τὸ
625 3321 719 3374 τοῦ
748 3314 922 3396 θέρους
952 3314 1203 3394 δρέπανον
1228 3320 1300 3385 ὡς
1330 3318 1391 3376 ἂν
1422 3318 1735 3399 προὸλέπων

546 3406 617 3469 εἷς
639 3407 739 3480 γῆν
764 3404 946 3462 ἑαυτὸν
970 3406 1176 3483 ὠχριῶν
1202 3405 1455 3464 ἐπικλίνει
1471 3452 1489 3481 ‚

465 3514 520 3552 au
541 3490 852 3568 μαραίνεται
881 3490 935 3549 δὲ
964 3494 1228 3551 κλαυσιῶν
1254 3496 1283 3551 ὁ
1305 3490 1633 3573 πρεσὸύτης,

540 3579 814 3645 σοὸοῦντος
836 3579 989 3637 αὐτὸν
1014 3578 1188 3659 ἠρέμα
1216 3586 1309 3639 τοῦ
1336 3582 1651 3658 πνεύματος.

543 3667 653 3729 Καὶ
682 3666 925 3745 τέμνεται
955 3666 1050 3745 μὲν
1078 3672 1155 3750 τῷ
1183 3670 1499 3753 προσήκοντι
1526 3671 1731 3751 χρόνῳ,

540 3755 847 3833 καθαίρεται
876 3754 931 3815 δὲ
959 3760 1053 3827 τῆς
1082 3758 1330 3833 καλάμης
1358 3757 1619 3838 ᾐρμένης,

538 3842 871 3922 συντρίὸεται
896 3840 951 3901 δὲ
970 3844 1085 3911 ταῖς
1110 3844 1410 3925 κυλίστραις
1435 3850 1539 3904 τῶν
1564 3848 1721 3908 λίθων

462 3952 517 3991 8⁸
536 3931 627 3989 καὶ
655 3930 915 3989 δείκνυται
944 3931 1090 3998 σταὶς
1118 3934 1437 4001 ἐκλεπισθεὶς
1460 3938 1489 3993 ὁ
1516 3935 1727 4015 στάχυς.

539 4018 895 4081 Συστέλλεται
926 4020 971 4077 δ’
997 4010 1083 4077 οὐν
1115 4023 1186 4087 εἰς
1211 4025 1529 4101 φυραθεῒσαν
1552 4022 1749 4101 ζύμην,

538 4109 772 4187 πυγμαῖς
790 4109 1056 4186 περιτταῖς
1080 4109 1273 4167 ὡσανεὶ
1295 4111 1615 4187 τετυμμένος
1629 4155 1646 4185 ,

538 4198 821 4256 ἐκτείνεται
851 4196 905 4255 δὲ
926 4196 1243 4277 προσλαὸών
1265 4222 1383 4257 τινα
1407 4200 1543 4269 ζέσιν

541 4288 600 4344 ἐκ
626 4290 727 4343 τῶν
754 4287 837 4344 ἐπ’
864 4286 1023 4344 αὐτοῦ
1047 4286 1389 4347 συντεθέντων
1414 4289 1637 4369 ἇμφίων.

458 4396 515 4435 ⁹⁰
542 4373 650 4435 Καὶ
673 4374 962 4432 πλάττεται
988 4372 1082 4452 μὲν
1112 4377 1182 4439 εἷς
1210 4375 1297 4434 τὸν
1326 4376 1478 4455 ἄρτον
1508 4378 1695 4437 αὐτίκα
1717 4424 1732 4451 ,

535 4462 846 4534 συντήκεται
871 4461 925 4521 δὲ
950 4466 1015 4542 τῇ
1046 4462 1199 4544 φλογὶ
1228 4465 1598 4545 προσεγγίσας.

537 4556 581 4612 Κ
590 4550 646 4609 αὶ
665 4551 741 4617 τίς
763 4554 955 4618 ἱκανῶς
973 4550 1060 4609 τὸν
1082 4556 1323 4610 τοσοῦτον
1350 4553 1641 4632 θαυμάσει,

531 4638 656 4698 ὅταν
683 4640 743 4697 τὸ
770 4638 939 4715 καμὸν
967 4640 1026 4697 ἐκ
1055 4638 1210 4717 λίμου
1237 4644 1393 4718 σῶμα
1423 4642 1585 4723 τρέφῃ

532 4729 621 4786 καὶ
650 4731 898 4809 ζωγραφῇ
926 4726 1023 4797 τὴν
1051 4725 1221 4807 ὥραν,
1251 4730 1311 4787 ἐκ
1335 4732 1439 4787 τῶν
1469 4729 1703 4807 ἕγκάτων

461 4838 513 4875 οο
532 4815 605 4883 εἰς
628 4817 724 4883 τὰς
749 4813 971 4925 παρειὰς
994 4816 1273 4895 εὐπρεπῶς
1288 4818 1611 4899 ἀνατρέχων.

608 4904 775 4977 Ἀλλ’,
804 4928 847 4963 ω
876 4906 1131 4978 Βασιλεῦ,
1158 4910 1223 4985 τῇ
1251 4908 1423 4983 πλοκῇ
1454 4911 1555 4964 τῶν
1580 4912 1667 4964 νῦν
1692 4906 1860 4985 λόγων

525 4990 783 5070 ᾐνιξάμην
810 4992 895 5051 τὸν
927 5000 1097 5065 σῖτον,
1132 4997 1225 5052 οὐκ
1249 4996 1560 5073 ᾐτησάμην·

533 5080 830 5159 εὐμήχανον
859 5078 959 5159 γὰρ
989 5085 1059 5147 εἰς
1084 5081 1143 5138 τὸ
1168 5083 1366 5140 λυποῦν
1389 5086 1421 5152 ἡ
1450 5081 1614 5161 φύσις.

532 5168 609 5228 Σὺ
641 5170 719 5241 δ’,
748 5172 819 5235 ὡς
849 5169 984 5242 ἔθος,
1012 5172 1271 5245 τολμῶντι
1301 5168 1624 5248 συγγίνωσκέ
1655 5192 1765 5246 μοι.

2083 503 2133 552 et
2151 502 2200 552 in
2219 503 2412 554 latebris
2427 505 2676 554 sulcorum
2693 503 2945 567 sepelitur,

2083 593 2132 640 et
2152 593 2413 653 putrescit,
2435 594 2575 642 terra·
2591 605 2767 655 vapore
2787 593 3076 642 dissolutum
3105 611 3122 642 ε

2083 691 2194 728 mox
2220 680 2426 742 speciem
2450 681 2630 730 babens
2652 680 2864 730 concreti
2885 682 3026 732 lactei
3051 682 3269 732 humoris
3291 683 3520 734 sum

2082 771 2132 818 et
2151 769 2282 819 nibet
2303 773 2352 818 et
2374 769 2552 818 emicat
2573 769 2776 830 sensim,

2082 869 2224 918 porro
2241 856 2536 908 incrassescit
2552 859 2600 906 et
2621 859 2812 908 virescit
2829 861 2878 908 et
2897 858 3090 908 herbam
3113 859 3354 920 protrudit

2081 945 2194 994 solis
2217 945 2436 1008 lampade
2453 945 2697 995 incidente
2711 981 2726 1003 .

2082 1033 2230 1094 atque
2251 1032 2308 1082 nt
2331 1033 2526 1082 venusti
2549 1033 2775 1094 germinis
2797 1033 2945 1084 herba
2961 1071 2975 1094 ,

2081 1122 2184 1170 tum
2209 1120 2438 1171 diffundit
2455 1134 2508 1172 se
2529 1135 2588 1170 ac
2611 1122 2768 1172 fulcra
2785 1135 2874 1172 aun
2892 1122 3089 1182 dilatat,

2080 1221 2139 1257 ac
2165 1209 2366 1272 mystice
2387 1209 2527 1258 nlxas
2551 1209 2794 1260 radicibus
2819 1211 2998 1272 spargit
3021 1212 3330 1274 propagines,

2081 1298 2206 1348 intra
2229 1311 2283 1348 se
2299 1297 2518 1348 nutriens
2539 1297 2698 1347 nisum
2723 1297 2979 1358 colligandi
3001 1311 3108 1359 eas,

2079 1398 2142 1435 ne
2163 1385 2212 1434 lu
2221 1385 2372 1434 xuriei
2399 1385 2589 1448 pondus
2612 1384 2864 1448 concidat,

2079 1473 2438 1534 germinationis
2459 1471 2593 1522 fibris
2613 1473 2851 1522 stabilitis.

2083 1561 2307 1622 Exsurgit
2329 1560 2458 1611 idem
2480 1573 2539 1610 ac
2559 1573 2750 1610 comam
2771 1559 3041 1622 protrudit,

2083 1649 2286 1710 cingulis
2305 1649 2600 1712 quibusdam
2625 1649 2867 1698 inclusum
2891 1647 3238 1710 circumjectis,

2079 1736 2281 1786 simulac
2297 1749 2350 1786 se
2367 1736 2507 1786 caule
2525 1737 2734 1786 erexerit
2756 1749 2873 1796 suo,

2079 1837 2142 1874 ne
2163 1824 2475 1875 munimentis
2497 1824 2734 1874 nudatum
2757 1824 3018 1888 aliquando
3042 1825 3304 1888 frangetur.

2079 1913 2151 1963 lta
2171 1912 2484 1964 fundamento
2503 1913 2720 1964 stabilito

2078 2000 2140 2050 ad
2157 2001 2370 2063 germina
2389 2001 2548 2052 valida
2567 2003 2745 2064 piantae
2764 1999 3013 2051 fundenda
3027 2037 3043 2063 ,

2076 2089 2274 2151 gravida
2292 2089 2436 2152 calyx
2457 2089 2602 2152 spicae
2622 2089 2806 2151 frugem
2825 2087 3059 2152 parturit,

2077 2179 2127 2228 et
2143 2177 2322 2228 diffissa
2341 2177 2508 2227 foetum
2533 2177 2634 2227 edit
2649 2215 2666 2237 ,

2078 2265 2258 2327 atque,
2283 2267 2340 2314 ut
2361 2265 2592 2315 infantem
2613 2276 2876 2328 puerpera,
2899 2277 3102 2326 granum
3129 2264 3284 2314 fasciis
3307 2265 3559 2326 invoivit,

2075 2353 2344 2403 secernitur
2361 2365 2480 2402 vero
2498 2365 2644 2402 omne
2660 2365 2826 2402 semen
2845 2352 2908 2402 ab
2925 2351 3236 2402 berbascente
3253 2351 3454 2402 luxurie

2075 2441 2175 2492 suis
2191 2441 2417 2504 quodque
2433 2441 2609 2491 tunicis
2631 2441 3040 2491 circumvolutum
3054 2477 3069 2501 ,

2075 2543 2136 2581 ne
2151 2531 2273 2579 forte
2293 2543 2402 2580 rore
2419 2529 2742 2580 madefactum
2762 2543 2848 2593 per
2867 2529 3254 2592 coniunctionem
3269 2534 3654 2593 corrumpatur:-

2075 2631 2218 2680 ραι-το
2235 2616 2504 2680 grandescit
2523 2617 2584 2667 ad
2601 2617 2932 2668 maturitatem
2944 2655 2959 2678 ,
2979 2617 3098 2666 dum
3116 2631 3324 2668 vacnum
3345 2619 3614 2681 impietur.

2073 2704 2290 2768 partibus
2309 2706 2588 2756 necessariis
2614 2707 2791 2756 sensim
2809 2705 3204 2756 accrescentibus.

2071 2798 2254 2844 Verum
2279 2807 2342 2844 ne
2363 2795 2462 2844 ulla
2483 2794 2671 2844 irruens
2691 2794 2881 2844 avicula

2070 2895 2269 2945 granum
2299 2881 2484 2932 nudum
2515 2880 2737 2945 diripiat,

2071 2971 2250 3033 profert
2271 2974 2438 3020 acutas
2459 2970 2630 3021 aristas
2651 2970 2820 3020 ordine
2837 2974 3071 3031 structas,

2069 3058 2296 3109 tenuibus
2313 3060 2558 3122 spinarum
2585 3062 2797 3109 armatas
2819 3058 3112 3121 cuspidibus·

2070 3150 2252 3197 Rursus
2273 3149 2438 3197 autem
2463 3148 2700 3208 humore,
2723 3150 2962 3210 quantum
2985 3161 3070 3209 par
3092 3148 3192 3208 at,
3211 3146 3486 3206 exsiccato,

2071 3234 2152 3284 ubi
2179 3236 2309 3297 spica
2331 3235 2544 3285 adolevit
2570 3238 2618 3285 et
2641 3234 2702 3283 ad
2727 3236 3055 3285 maturitatem
3083 3234 3296 3295 pervenit
3319 3235 3524 3297 plenam

2069 3326 2173 3373 tum
2187 3360 2202 3385 ,
2225 3325 2362 3385 quasi
2383 3322 2537 3374 oestivi
2558 3324 2784 3373 messoris
2805 3324 2974 3373 falcem
2991 3322 3299 3386 proevideret,

2068 3411 2329 3473 pallescens
2347 3424 2518 3461 versus
2539 3413 2720 3461 terram
2743 3411 2952 3461 declinat
2967 3448 2982 3472 ,

2068 3503 2114 3550 et
2135 3500 2388 3549 marcescit
2403 3498 2645 3563 crepitans
2662 3500 2827 3550 vctula
2840 3534 2858 3563 ,

2065 3588 2230 3637 afflatu
2255 3588 2386 3638 venti
2407 3589 2578 3639 leniter
2600 3591 2798 3650 agitata.

2067 3680 2188 3727 Tum
2203 3677 2334 3737 Justo
2360 3678 2581 3739 tempore
2605 3676 2885 3739 demetitur,

2064 3779 2122 3814 nc
2141 3768 2374 3829 purgatur
2392 3766 2570 3829 stipula
2588 3764 2751 3816 ablata
2763 3802 2779 3827 ,

2065 3854 2330 3917 teriturque
2347 3867 2574 3905 saxorum
2593 3855 2893 3905 volutatione
2905 3890 2920 3915 ‚
3019 3875 3041 3889 -

2063 3948 2112 3993 et
2134 3942 2464 4006 putaminibus
2485 3944 2646 3993 soluta
2669 3943 2800 4006 spica
2821 3944 2878 3993 fit
2904 3943 3070 3995 farina.

2065 4034 2181 4081 Haec
2204 4033 2391 4081 veroin
2413 4044 2622 4081 massam
2642 4032 2978 4081 fermentatam
3000 4030 3340 4095 compingitur,

2066 4119 2234 4169 validis
2259 4120 2428 4183 pugnis
2449 4122 2680 4185 tanquam
2707 4121 2960 4185 fustigata3

2060 4210 2111 4257 et
2132 4208 2301 4257 dilatat
2317 4222 2395 4268 se,
2421 4211 2613 4271 recepto
2630 4208 2842 4271 quodam
2861 4209 3020 4257 calore

2064 4310 2124 4346 ex
2145 4310 2416 4358 pannorum
2434 4296 2526 4359 ipsi
2550 4296 2838 4359 injectorum
2859 4296 3100 4347 fomentis.

2058 4388 2182 4435 Tum
2200 4384 2360 4433 statim
2381 4384 2430 4434 in
2449 4386 2584 4448 panis
2603 4384 2805 4447 figuram
2823 4386 3130 4447 efformatur,

2061 4478 2110 4523 et
2128 4472 2356 4523 admotus
2385 4472 2481 4535 igni
2499 4473 2753 4536 coquendo
2773 4472 3014 4523 contrahit
3031 4486 3098 4523 se.

2058 4563 2089 4610 J
2091 4574 2170 4610 am
2190 4561 2300 4624 quis
2317 4560 2517 4610 tandem
2535 4560 2641 4622 ejus
2657 4562 2758 4609 vim
2782 4562 2900 4611 sutis
2917 4560 3147 4609 admirari
3165 4558 3348 4624 poterit
3364 4596 3383 4624 ,

2057 4662 2207 4711 quum
2231 4649 2356 4697 fame
2375 4648 2612 4698 afflictum
2637 4663 2814 4711 corpus
2837 4649 3052 4709 enutrit,

2056 4741 2104 4787 et
2125 4737 2260 4787 faciei
2281 4736 2690 4800 pulchritudinem
2714 4738 2894 4800 pingit,
2923 4750 3116 4787 sursum
3139 4750 3201 4786 ex
3223 4736 3474 4787 intestinis

2053 4827 2104 4875 in
2124 4840 2268 4887 genas
2285 4828 2488 4876 venuste
2512 4840 2789 4890 exsurgens,

2114 4918 2462 4965 verumtamen
2479 4952 2492 4975 ,
2515 4929 2544 4964 o
2566 4918 2668 4964 Rex
2684 4952 2698 4976 ,
2720 4915 2896 4965 horum
2913 4914 3172 4963 verborum
3190 4912 3482 4976 ambagibus

2053 5003 2316 5065 significavi
2343 5004 2542 5066 quidem
2571 5016 2840 5063 annonam,
2867 4990 2964 5053 non
2985 5002 3242 5064 efflagitavi
3269 5020 3282 5051 =

2053 5095 2228 5140 natura
2247 5092 2374 5141 enim
2395 5092 2446 5141 in
2467 5092 2698 5141 mmmnis
2716 5092 2961 5151 ingeniosa
2987 5094 3074 5141 est.

2051 5182 2124 5229 Tu
2145 5193 2259 5228 vero
2277 5179 2513 5231 audaculo
2534 5180 2678 5241 mibi,
2699 5194 2784 5243 pro
2803 5183 2886 5229 tua
2903 5177 3250 5229 oensuetudioe
3261 5212 3278 5241 ,
3293 5177 3524 5241 ignem
