3767 5825
412 343 527 395 ιω
1218 329 1624 391 ΣΕΡΒΙΛῘΟΥ
1664 330 2246 392 ΔΑΜΟΚΡΛΤΟΥΣ
2283 333 2389 394 ΤΑ
2431 332 2806 395 ΛΕῙΨΑΝΑ.

428 483 481 523 7³
508 461 772 540 Δήγματα
788 503 807 538 ,
838 459 1058 541 φέροντα
1080 459 1395 538 παρακοπὰς
1419 459 1727 536 ὓλακτικὲις,

510 549 722 616 Φόὸους
750 548 967 626 ἀλόγους
995 571 1051 608 τε
1079 547 1273 614 παντὸς
1300 553 1455 629 ὑγροῦ
1480 548 1570 608 καὶ
1596 555 1785 624 ποτοῦ,

506 639 605 707 Ὡς
619 685 637 717 ,
655 637 753 696 κᾶν
778 635 931 696 ἴδωσι
960 639 1232 702 παντελῶς
1252 635 1391 718 ὕδωρ
1418 637 1622 718 βραχὺ,

507 725 768 807 Τρόμοισι
794 725 886 784 καὶ
912 733 1207 802 σπασμοῖσι
1230 725 1501 806 κατέχοντ’
1526 728 1713 786 αὐτίκα
1729 771 1747 804 ,

510 815 606 876 Ἑν
635 813 944 895 ἀγρυπνίαις
970 837 1027 872 τε
1046 812 1138 872 καὶ
1167 813 1407 893 συνεχέσι
1432 817 1767 896 παρακοπαῒς

428 925 482 965 70
508 903 791 984 Διάγοντες
822 903 1209 973 ἀποθνήσκουσι
1226 903 1626 980 συντομώτατα.

516 990 632 1052 Κᾶν
654 991 715 1051 τὸ
739 997 1072 1073 παραχρῆμα
1092 991 1137 1049 δ’
1163 991 1427 1072 ἐκφύγωσι
1454 990 1572 1059 τοὺς
1592 991 1806 1074 φόὸους,

508 1080 670 1142 Μένει
698 1081 764 1140 τὰ
784 1087 998 1140 τοιαῦτα
1031 1079 1163 1156 μετὰ
1186 1079 1400 1159 χρόνους
1425 1079 1794 1160 συμπτώματα
1815 1125 1832 1158 ,

508 1167 685 1250 Ἄφνω
710 1170 962 1247 γενόμενα
984 1173 1093 1237 τοῖς
1116 1169 1286 1227 πάλαι
1310 1169 1662 1247 δεδηγμένοις.

505 1257 647 1337 Πρὸς
670 1255 789 1324 τοὺς
812 1256 999 1337 φόὸους
1026 1246 1114 1314 οὗν
1138 1260 1240 1314 τῶν
1265 1255 1512 1315 τοιούτων
1542 1256 1825 1336 δηγμάτων

427 1368 479 1407 75
508 1345 677 1427 Ἱερὰν
704 1345 793 1424 ἔχε
820 1345 1031 1411 πάντως
1069 1344 1331 1404 ἀντίδοτον
1355 1345 1748 1424 παρακειμένην
1766 1368 1779 1382 ·

507 1437 577 1493 Οἱ
601 1431 702 1512 γὰρ
731 1431 963 1504 πιόντες,
987 1435 1055 1497 ὡς
1086 1433 1209 1511 ἐρῶ,
1242 1429 1439 1502 ταύτην
1463 1432 1565 1510 ἐγὼ

508 1525 601 1587 Εἷς
620 1519 764 1580 οὐδὲν
786 1521 983 1578 ἄτοπον
1015 1522 1365 1596 ἐμπεσοῦνται
1394 1520 1600 1602 ῥαδίως.

512 1609 745 1678 Σκεύαζε
774 1609 820 1666 δ’
849 1607 1037 1678 αὐτήν·
1058 1607 1331 1687 καρκίνους
1356 1605 1472 1675 τοὺς
1495 1609 1783 1686 ποταμίους

506 1697 633 1760 Ἐπὶ
664 1697 1006 1773 κληματίδων
1036 1695 1290 1754 κατάκαιε
1314 1699 1502 1768 λευκῆς
1523 1697 1765 1775 ἀμπέλου
1782 1743 1798 1772 ,

423 1809 477 1849 80
504 1787 672 1867 Τήρει
694 1809 751 1844 τε
777 1787 930 1843 λειῶν
960 1785 1222 1860 ἐπιμελῶς
1247 1786 1300 1841 ἐν
1318 1784 1522 1858 πυξίδι,

504 1876 613 1936 Καὶ
647 1879 915 1952 γεντιανῆς
937 1873 1080 1951 ῥίζαν
1109 1865 1166 1929 εὖ
1186 1872 1516 1949 σεσησμένην

500 1963 592 2024 Ἐν
616 1961 783 2030 πυξίδ’
810 1960 985 2042 ἑτέρᾳ.
1014 1963 1125 2032 Τῆς
1150 1961 1205 2020 δὲ
1228 1959 1407 2041 χρείας
1420 1961 1698 2038 γενομένης
1715 2006 1732 2037 ,

506 2049 836 2112 Κατάπασον
864 2049 1005 2108 οἴνου
1029 2047 1166 2128 τρισὶ
1185 2049 1393 2117 κυάθοις
1422 2051 1563 2130 [τοῦ]
1584 2050 1733 2121 ἡδέος

503 2138 731 2220 Μύστρα
755 2162 813 2197 τε
840 2139 905 2216 (Ρ)
924 2136 1014 2196 δύο
1034 2136 1219 2217 μακρὰ
1234 2142 1327 2210 τῆς
1342 2140 1535 2198 σποδοῦ
1552 2142 1657 2198 τῶν
1681 2137 1962 2218 καρκίνων,

423 2248 477 2290 ⁸⁸
505 2231 615 2298 Τῆς
642 2231 911 2302 γεντιανῆς
937 2227 1004 2297 δ’,
1032 2227 1102 2292 ὡς
1122 2225 1275 2308 ἔφην,
1302 2226 1655 2304 λελεασμένης

502 2314 607 2376 εἘν
639 2315 894 2396 μύστρον·
920 2313 1083 2380 οὕτως
1112 2316 1310 2373 ἐκπιεῖν
1336 2314 1506 2376 κέλευ’
1545 2319 1753 2396 ἀθροῦν,

502 2404 691 2485 Τρισὶν
715 2403 931 2476 καθεξῆς
948 2401 1151 2482 ἡμέρας
1180 2402 1359 2473 νήστει
1384 2404 1572 2471 διδούς.

510 2491 739 2572 Πρώτην
764 2491 904 2550 κατὰ
928 2489 1093 2571 τύχην
1116 2493 1161 2549 δ’
1189 2491 1479 2573 ὑστερήσας
1502 2491 1723 2573 ἡμέραν,

518 2583 713 2648 Αλλαις
736 2579 879 2640 δυσίν
905 2603 963 2638 τε
988 2579 1297 2660 προσφέρων
1329 2580 1529 2640 ἁπλοῦν
1559 2580 1765 2660 μέτρον,

418 2689 473 2728 ao
500 2669 732 2727 Διπλοῦν
756 2665 1049 2748 προσοίσεις
1076 2665 1314 2746 δεύτερον
1337 2667 1398 2726 τὸ
1436 2668 1713 2750 φάρμακον
1737 2669 1827 2746 (Ρ),

506 2760 603 2825 Εἷς
630 2764 766 2836 τρεῖς
790 2755 844 2816 δὲ
874 2755 1118 2829 κυάθους,
1146 2761 1214 2824 ὡς
1244 2759 1389 2839 ἔφην,
1415 2757 1551 2818 οἴνου
1584 2757 1785 2837 βαλὼν,

505 2845 583 2908 Ἦ
604 2848 702 2906 κάν
730 2844 897 2923 τρισίν
926 2869 984 2924 γε
1011 2850 1117 2912 τοῖς
1142 2848 1377 2927 σφοδρῶς
1405 2848 1756 2926 δεδηγμένοις.

502 2940 614 3007 Τῆς
638 2938 906 3013 γεντιανῆς
934 2933 983 2993 δ’
1001 2925 1069 2992 αὖ
1101 2934 1259 3010 μόνης
1283 2935 1418 2994 τισὶν
1450 2938 1593 2995 δοκεῖ

499 3022 805 3099 Τριωὸόλου
822 3022 881 3081 τὸ
901 3024 1097 3092 πλῆθος
1114 3024 1272 3096 ὁλκῆς
1291 3024 1601 3105 προσφέρειν

418 3134 471 3173 οὔ
508 3110 666 3179 Λείας
693 3112 957 3188 ἐπιμελῶς
975 3110 1199 3191 ἡμέραις
1224 3112 1368 3171 δυσὶν
1400 3112 1593 3172 εἴκοσιν

502 3201 599 3262 Ἐν
626 3196 930 3279 ζωροτέροις
946 3199 1368 3293 κυάθοις-τρισὶν,
1388 3199 1424 3273 ἢ
1457 3204 1631 3283 μικρῷ
1654 3199 1832 3261 πλέον.

506 3378 617 3439 Καὶ
640 3382 793 3435 τοῦτο
816 3375 945 3454 πρὸς
972 3375 1090 3443 τοὺς
1117 3378 1429 3458 ὖδροφοὸίαν
1456 3378 1751 3446 δεδοικότας

500 3463 695 3542 Ἔλεγε
715 3465 800 3524 διὰ
816 3464 997 3544 πείρας
1019 3465 1282 3545 γεγονέναι
1307 3466 1604 3545 Νικήρατος

504 3557 662 3633 Λῦτῷ
685 3577 741 3611 τε
764 3552 856 3611 καὶ
886 3549 1079 3633 φίλοισι
1106 3553 1295 3631 κρίνειν
1328 3554 1631 3630 δυναμένοις

402 3666 479 3707 100
507 3644 593 3705 Τὰ
615 3646 719 3701 τῶν
743 3640 1056 3721 παραδόξων
1083 3642 1375 3721 φαρμάκων
1399 3642 1680 3717 ἰδιώματα.

506 3730 701 3793 Λυκίου
734 3731 1013 3809 κρατίστου
1046 3732 1354 3809 Παταρικοῦ
1380 3730 1679 3811 τριώὸολον·

499 3824 611 3881 Τοῦ
636 3819 680 3877 δ’
704 3817 927 3879 Ἰνδικοῦ
954 3819 1242 3897 βέλτιστον,
1272 3817 1335 3878 ἂν
1360 3810 1396 3899 ᾖ
1420 3842 1503 3879 σοι
1524 3818 1723 3900 παρόν·

505 3907 719 3970 Διδόναι
736 3905 1087 3987 προσέταττεν
1110 3904 1314 3988 ἡμέρας
1342 3906 1417 3974 δὶς
1440 3906 1603 3967 εἴκοσι

500 3996 739 4067 Νήστεσι
775 3997 839 4055 δι’
867 3995 1072 4068 ὕδατος,
1099 3993 1279 4075 ὥσπερ
1303 3986 1448 4055 εἶπον
1473 3997 1681 4075 ἀρτίως.

400 4107 474 4147 1⁰5
505 4082 731 4163 Λέγεται
759 4082 814 4142 δὲ
844 4090 1011 4143 ταῦτα
1036 4092 1202 4143 ποιεῖν
1226 4083 1318 4142 καὶ
1347 4087 1683 4164 βρεταννικῆς

506 4173 684 4240 Δοθεὶς
710 4172 899 4249 ὁμοίως
918 4172 1101 4252 χυλὸς,
1137 4170 1315 4253 ὥσπερ
1339 4173 1398 4231 τὸ
1422 4172 1621 4232 λύκιον.

502 4260 614 4323 Καὶ
635 4264 787 4319 τοῦτο
811 4261 855 4318 δ’
887 4263 1078 4327 ἱκανῶς
1102 4261 1235 4340 παρ’
1263 4260 1413 4326 ἐνίοις
1436 4258 1793 4335 θαυμάζεται·

499 4346 722 4426 Ἄρκτου
744 4349 907 4428 χολῆς
934 4346 1029 4407 δύο
1058 4346 1263 4428 μύστρα
1294 4347 1589 4424 καταμίξας
1616 4348 1761 4406 δυσὶν

504 4435 739 4503 ε’Υδατος
766 4435 974 4502 κυάθοις
1002 4436 1348 4515 προσένεγκον
1376 4436 1441 4513 (Ρ)
1472 4435 1557 4493 ἐπὶ
1598 4438 1735 4515 τρεῖς
1760 4434 1963 4517 ἡμέρας

398 4546 475 4586 no
502 4523 685 4595 Μήπω
704 4521 931 4583 λαὸοῧσι
954 4522 1049 4593 τὴν
1073 4522 1265 4603 τροφὴν
1295 4522 1474 4602 ὄρθρον
1498 4526 1545 4581 τ’
1576 4523 1731 4601 ἄγαν.

503 4611 647 4693 Πρὸς
658 4609 1042 4683 λυσσοδήκτους
1066 4609 1156 4690 ἔχε
1188 4610 1397 4688 μάλισθ’
1422 4609 1551 4669 ὅπου
1576 4610 1739 4676 πολὺς

502 4702 595 4766 Εἷς
622 4699 863 4767 τὸπάθος
889 4698 1142 4777 ἐμπίπτει
1168 4698 1282 4778 [τε]
1304 4698 1396 4757 καὶ
1418 4700 1589 4780 λυσσᾷ
1616 4699 1775 4760 κύων.

1116 4827 1246 4841 —

500 4872 880 4955 Ἐμπλαστρος
906 4866 943 4953 ᾖ
970 4877 1187 4954 χρῶμαι
1209 4874 1337 4953 πρὸς
1362 4872 1452 4931 τὸν
1474 4877 1577 4932 τῶν
1600 4872 1883 4952 δηγμάτων

508 4962 713 5042 Ἰχῶρ’·
750 4961 930 5043 ἄρεσκ’
956 4964 1003 5019 εἰ
1026 4962 1091 5039 (Ρ)
1117 4985 1169 5020 τι
1188 4960 1367 5019 πέλιόν
1391 4962 1437 5017 τ’
1464 4958 1500 5032 ἢ
1523 4960 1616 5019 καὶ
1638 4960 1802 5038 μέλαν

402 5072 477 5113 1ιό
504 5052 630 5118 Τοῖς
649 5050 947 5131 τραύμασιν
964 5048 1216 5129 πρόσεστι
1234 5073 1247 5087 ·
1270 5056 1423 5107 τοῦτο
1445 5046 1775 5128 περικνίσας,

506 5138 801 5201 Ἐπίὸαλλε
824 5136 919 5209 τὴν
948 5137 1287 5218 ἔμπλαστρον
1311 5138 1397 5195 ἐπὶ
1411 5138 1595 5217 χρόνον
1624 5135 1808 5210 πολὺν,

2057 474 2180 530 Quae
2199 472 2410 534 confert,
2433 472 2636 522 latrandi
2657 469 2938 522 inferentem
2956 471 3216 522 amentiam

2061 557 2122 604 Et
2141 554 2354 618 lymphoe
2371 557 2421 606 et
2443 558 2588 619 potus
2612 557 2770 606 omnis
2782 555 3044 606 absurdum
3073 555 3260 605 metum

2060 639 2182 687 Tam
2204 637 2540 687 vehementem
2569 639 2624 688 ut
2650 637 2895 687 tantillum
2913 637 2953 686 si
2977 635 3286 699 conspexu-it

2060 725 2210 783 Aquae
2233 734 2381 782 aeger,
2405 722 2705 772 convellatur
2723 724 2774 772 et
2791 721 2953 771 statlm
2972 723 3182 784 neman

2059 805 2184 854 Hinc
2211 807 2384 869 vigiliis
2405 807 2646 858 continuis
2663 810 2713 857 et
2735 807 2916 858 delitiis

2058 892 2224 942 Vitam
2250 906 2479 958 peragens
2495 896 2844 945 commoriatur
2865 895 3109 946 citissime.

2057 978 2238 1036 Quodsi
2267 983 2462 1043 repente
2491 981 2723 1044 effugiant
2744 981 2835 1031 hos
2856 982 2986 1032 diros
3003 985 3189 1045 metus,

2059 1067 2251 1117 Manent
2269 1067 2523 1118 intervallo
2539 1067 2790 1131 interiecto
2807 1069 3036 1134 temporis

2059 1153 2210 1200 Casus
2231 1151 2352 1202 tales
2375 1153 2424 1202 in
2441 1167 2566 1216 quos
2583 1155 2833 1217 repentino
2849 1153 3070 1207 incidunt

2057 1235 2326 1284 Commorsi
2345 1237 2430 1298 qui
2453 1237 2631 1288 fuerint
2643 1239 2748 1299 iam
2773 1242 2914 1290 antea
2932 1239 3036 1289 diu.

2061 1319 2264 1369 Proinde
2290 1322 2526 1383 ejusmodi
2549 1325 2606 1373 ut
2617 1335 2782 1374 morsu
2796 1326 2846 1374 te
2869 1324 3094 1388 vindica,

2057 1403 2268 1454 Omnino
2286 1407 2560 1457 antidotum
2583 1408 2760 1459 habere
2773 1410 3014 1472 oportebit
3029 1424 3231 1472 sacram,

2055 1492 2176 1538 Nam
2203 1491 2326 1540 hanc
2338 1494 2424 1554 qui
2439 1491 2666 1556 biberint,
2687 1495 2813 1544 sicut
2833 1509 2920 1546 nos
2945 1497 3350 1558 pei-censebimus,

2055 1577 2214 1626 Facile
2241 1577 2292 1627 in
2325 1578 2480 1628 ullum
2502 1581 2585 1629 vix
2605 1580 2822 1630 incident
2845 1581 3223 1634 incommodum.

2059 1666 2220 1724 ipsum
2239 1666 2310 1713 sic
2338 1679 2558 1729 praepara
2585 1680 2598 1714 ε
2621 1680 2822 1716 cancros
2839 1667 3096 1718 fluviatiles

2058 1751 2112 1798 ln
2131 1751 2348 1801 candidae
2365 1751 2480 1802 vitis
2499 1755 2755 1804 sarmentis
2781 1754 2928 1815 inrito,

2055 1838 2300 1899 servaque
2318 1837 2568 1900 diligenter
2588 1839 2760 1889 tritum
2777 1839 2826 1888 in
2850 1839 3044 1903 pyxide;

2054 1919 2282 1970 Radicem
2305 1921 2542 1984 gentianae
2560 1921 2818 1972 cribratam
2835 1923 2986 1985 probe

2055 2006 2220 2057 conde
2237 2007 2330 2058 alio
2347 2008 2540 2072 pyxide,
2557 2012 2702 2074 atque
2719 2023 2872 2074 quum
2892 2025 2968 2060 res
2989 2011 3160 2076 exigit,

2055 2091 2318 2154 [asper-gito
2339 2093 2503 2143 suavis
2521 2093 2620 2142 vini
2644 2095 2835 2158 cyathis
2853 2095 3011 2145 tribus

2055 2177 2240 2240 Maiora
2257 2177 2427 2226 cineris
2440 2178 2624 2240 mystra
2640 2191 2928 2229 cancrorum
2947 2178 3047 2228 duo
3061 2216 3076 2241 ,

2054 2259 2144 2312 Sed
2170 2261 2408 2323 gentianae
2425 2262 2682 2324 laevigatio,
2710 2265 2767 2313 ut
2788 2263 3046 2326 diximus,‘

2054 2347 2319 2409 Mystrum3
2338 2346 2517 2395 haustu
2535 2358 2634 2395 uno
2658 2347 2751 2395 hoc
2769 2348 2929 2396 totum
2954 2345 3210 2396 absorbere
3233 2349 3460 2412 praecipe.

2051 2429 2228 2491 seiano
2250 2433 2351 2481 tres
2365 2429 2469 2481 dies
2485 2430 2714 2494 deinceps
2734 2431 2986 2482 exhibens.

2055 2516 2140 2567 Sin
2159 2517 2283 2567 sorte
2299 2517 2511 2580 primum
2536 2519 2904 2581 praetergressus
2921 2520 2996 2568 est
3018 2517 3164 2580 diem,

2053 2608 2327 2656 Mansuram
2346 2607 2453 2658 aliis
2467 2607 2660 2658 duobus
2677 2607 2842 2671 praebe
2864 2607 3130 2670 simplicem
3143 2642 3158 2667 ,

2055 2693 2267 2756 Duplum
2292 2697 2344 2744 at
2360 2695 2573 2745 secundo
2593 2696 2781 2760 porrige
2799 2694 3134 2756 medicaminis

2055 2783 2112 2830 in
2129 2783 2230 2832 vini
2248 2781 2450 2844 cyathos
2465 2785 2566 2834 tres
2583 2784 2811 2841 mittens,
2843 2785 2900 2834 ut
2921 2781 3152 2844 diximus,

2055 2866 2144 2915 Per
2166 2869 2324 2919 tresve
2343 2869 2445 2922 dies
2467 2884 2630 2923 morsu
2649 2869 2936 2922 conflictatis
2961 2869 3093 2934 gravi
3100 2905 3114 2919 .

2054 2952 2172 3002 Tres
2193 2954 2444 3019 diligenter
2469 2958 2706 3021 laevigatae
2728 2957 2981 3020 porrigunt

2055 3043 2264 3103 Quidam
2281 3042 2450 3092 obolos
2467 3042 2706 3106 gentiana
2731 3043 2849 3103 solae
2867 3054 2952 3104 per
2973 3040 3078 3090 dies

2055 3131 2134 3180 Bis
2153 3128 2376 3179 undecim
2395 3128 2498 3177 vini
2522 3131 2572 3179 in
2595 3126 2942 3178 meracioribus

2053 3215 2252 3279 cyathis
2272 3214 2429 3265 tribus
2447 3214 2526 3265 vel
2549 3215 2599 3265 et
2619 3212 2890 3277 pauxillulo
2912 3210 3130 3275 amplius.

2055 3386 2118 3435 at
2139 3384 2264 3435 hanc
2285 3384 2543 3435 adversum
2565 3397 2650 3435 eos
2675 3383 2890 3433 incidere
2917 3382 3000 3445 qui
3017 3380 3193 3430 timent

2055 3480 2205 3539 Aquae
2224 3474 2277 3525 in
2293 3476 2479 3525 metum
2499 3474 2726 3537 probasse
2744 3487 2834 3523 usu
2857 3472 3107 3523 Niceratus

2053 3564 2146 3627 Ipsi
2170 3567 2318 3627 atque
2343 3563 2510 3613 amicis
2533 3563 2617 3625 qui
2633 3564 2814 3612 norunt
2831 3559 3208 3611 medicaminum

2053 3652 2383 3703 Mirandorum
2417 3651 2671 3701 facultates
2689 3650 2962 3701 discernere

2054 3741 2282 3791 Dicebat:
2303 3740 2509 3791 Patarici
2531 3740 2905 3803 proestantisque
2925 3737 3036 3802 lycii

2053 3830 2233 3880 Obolos
2252 3832 2369 3892 tres,
2393 3829 2476 3879 sed
2493 3829 2534 3879 si
2553 3828 2725 3891 subsit,
2751 3830 2950 3890 praestat
2966 3824 3216 3886 indicum

2054 3918 2270 3969 Jubebat
2296 3931 2381 3980 per
2400 3918 2504 3968 dies
2522 3917 2627 3967 dari
2650 3916 2820 3980 viginti
2844 3916 2919 3965 bis

2051 4008 2230 4070 Jejuno
2247 4020 2389 4070 aqua,
2409 4008 2533 4057 sicut
2553 4006 2691 4055 vobis
2704 4004 2889 4054 dictum
2915 4006 2988 4053 est
3005 4002 3168 4053 modo.

2052 4098 2286 4146 Narratur
2313 4096 2416 4145 haec
2436 4096 2662 4158 praestare
2680 4106 2876 4157 quoque
2897 4092 3188 4142 bretannicoe

2055 4188 2208 4235 Datus
2227 4184 2397 4234 eodem
2421 4196 2595 4234 succus
2611 4186 2761 4247 atque
2783 4182 2965 4246 lycium
2983 4179 3144 4229 modo.

2051 4276 2114 4323 Et
2138 4273 2233 4323 hoc
2251 4272 2376 4336 apud
2395 4271 2654 4323 nonnullos
2673 4273 2748 4322 est
2766 4270 3000 4321 miraculo
3022 4288 3036 4319 z

2053 4363 2164 4414 Ursi
2181 4362 2290 4413 bilis
2311 4364 2497 4425 mystra
2518 4360 2618 4411 duo
2639 4360 2766 4411 binis
2787 4361 3063 4422 temperans

2053 4457 2208 4515 Aqua}
2235 4450 2422 4514 cyathis
2451 4452 2610 4501 tribus
2623 4449 2795 4500 diebus
2817 4448 2992 4499 exhibe

2055 4541 2282 4592 Nondum
2305 4540 2433 4591 datis
2449 4540 2642 4590 cibariis
2659 4539 2878 4589 diluculo

2054 4630 2374 4683 Rabiosorum
2397 4630 2458 4678 ad
2479 4642 2684 4690 morsus,
2710 4626 2976 4691 praesertim
3005 4625 3046 4676 si
3075 4636 3220 4674 canes

2060 4718 2200 4769 Multi
2218 4718 2439 4769 laborant
2458 4718 2642 4769 affectu
2662 4718 2755 4767 hoc
2772 4720 2922 4779 atque
2941 4714 3158 4765 rabiunt.

2055 4881 2380 4944 Emplastrum
2399 4894 2497 4943 quo
2517 4883 2628 4930 utor
2649 4886 2817 4931 contra
2835 4877 3020 4928 saniem
3039 4886 3332 4937 morsuum3

2053 4974 2267 5023 Juvabat
2283 4971 2320 5021 si
2342 4971 2458 5033 quid
2485 4970 2689 5019 lividum
2714 4968 2794 5019 vel
2811 4969 2862 5017 et
2879 4966 3070 5030 nigrum

2053 5064 2256 5113 vulneri
2271 5062 2330 5112 ad
2341 5062 2573 5121 hermu
2593 5058 2726 5123 quod
2743 5058 2998 5120 postquam
3015 5050 3274 5114 dmin,

2056 5154 2272 5215 Longum
2293 5165 2380 5215 per
2399 5154 2593 5213 tempus
2609 5148 2842 5210 iniectum
2859 5144 3180 5208 emplastrum
3199 5140 3346 5205 cine3
