3767 5825
869 414 1205 473 sssnvlLu
1242 416 1735 475 DAMOCRATIS
1778 416 1958 489 QUAE
2001 416 2471 480 suffusum.

192 547 323 607 Ἐὰν
351 549 593 627 ἐπειχθῇς
612 545 985 625 προσὸάλλειν,
1008 546 1095 605 ἵνα
1124 540 1157 627 ᾖ
1184 570 1265 607 σοι
1293 549 1456 628 παρόν

116 658 165 695 ιο
188 633 381 693 Ἔσται
404 634 459 693 δὲ
487 658 525 713 χ
558 634 639 691 εία
664 633 871 700 πάντως
901 638 952 693 ἐν
981 639 1201 714 χειμῶνι
1227 660 1285 714 γε
1304 682 1321 713 ,

186 722 359 781 Ὅταν
392 723 489 801 [τ’]
527 788 537 802 .
580 721 785 800 γεγονὸς
811 726 887 803 τῷ
916 728 1103 804 μακρῷ
1129 724 1301 805 χρόνῳ
1323 723 1467 803 παχὺ

194 814 275 872 Τὸ
300 811 616 891 βαλλόμενον
642 811 816 869 ἔλαιον
844 814 915 878 εἰς
944 812 1003 871 τὸ
1026 812 1317 893 φάρμακον·

192 898 515 979 Λιθάργυρόν
542 922 599 956 τε
626 902 728 955 τῶν
756 898 970 966 ζεόντων
1000 899 1322 957 κατάπασον·

188 986 329 1067 ‘'E-{ae
351 990 396 1044 δ’
424 985 509 1043 ἐπὶ
534 988 763 1066 μαλακῷ
787 985 877 1043 καὶ
906 987 1133 1057 διηνεκεῖ
1154 988 1309 1066 πυρὶ,

117 1096 165 1133 ω
198 1076 371 1133 Κινῶν
395 1072 597 1151 σπάθῃ·
625 1074 843 1149 βέλτιον,
869 1071 931 1131 ἂν
954 1064 991 1153 ᾖ
1012 1078 1077 1153 τῇ
1101 1074 1316 1153 πευκίνῃ
1331 1099 1344 1112 ·

188 1159 361 1221 Ὅταν
383 1161 439 1220 δὲ
459 1161 545 1220 ἐπὶ
567 1160 751 1241 χρόνον
778 1160 981 1241 μέτριον
1003 1159 1283 1242 ἑψούμενον

190 1249 265 1309 Τὸ
290 1249 563 1329 φάρμακον
587 1248 728 1327 λάὸῃ
760 1248 851 1325 μὲν
882 1251 1216 1329 ἐμπλάστρου
1241 1249 1441 1328 πάχος,

188 1335 347 1414 Λάδῃ
374 1336 419 1393 δ’
446 1335 633 1411 ὁμοίως
659 1335 935 1415 φαρμάκου
966 1337 1241 1412 δυσωδίαν,

194 1421 427 1502 Ἕπαιρε
456 1422 659 1501 ταχέως
680 1422 775 1493 τὴν
804 1422 1002 1502 χύτραν
1028 1422 1133 1483 ἀπὸ
1156 1430 1245 1482 τοῦ
1273 1422 1457 1505 πυρὸς,

114 1532 163 1570 aa
192 1514 367 1569 Ποιῶν
396 1510 585 1590 βραχεῖ
607 1510 700 1585 μὲν
721 1510 1071 1592 σκληροτέραν
1097 1515 1148 1569 ἐν
1178 1516 1253 1592 τῷ
1278 1513 1438 1593 θέρει,

186 1596 454 1669 Μαλακὴν
481 1596 535 1656 δὲ
558 1604 649 1655 τοῦ
676 1601 956 1677 χειμῶνος,
983 1598 1267 1673 ἄμόλυντον
1293 1602 1337 1657 δ’
1362 1599 1518 1675 ὅμως·

186 1686 335 1746 Κίνει
366 1684 411 1744 δ’
434 1686 621 1762 ὁμοίως
648 1684 744 1753 ἕως
774 1686 992 1765 μετρίως
1022 1690 1279 1767 ὗποψυγῇ”

188 1765 513 1834 Eira-miluo
536 1774 687 1853 χερσὶ
710 1774 1081 1853 σκληροτέρους
1105 1774 1415 1854 πρόσπασσε
1438 1785 1541 1834 πᾶν

186 1860 483 1941 Μαλαχθέν
500 1884 517 1899 ·
542 1859 679 1919 οὕτω
702 1860 1007 1940 μεταφέρειν
1033 1863 1093 1919 ἐκ
1116 1865 1206 1931 τῆς
1228 1860 1437 1941 χύτρας.

110 1972 159 2008 ου
184 1947 357 2009 Ὅταν
392 1948 434 2005 δ’
459 1939 496 2026 ᾖ
522 1948 707 2029 χρεία,
736 1949 892 2006 πάλιν
918 1948 1202 2023 μαλάττειν
1232 1952 1477 2028 εὐτόνως,

186 2036 429 2116 Μαλακῷ
456 2036 502 2093 τ’
530 2036 789 2110 ἐπιμελῶς
816 2037 1186 2111 ἐμπλάσαντας
1210 2038 1452 2117 δέρματι,

178 2124 363 2191 Οὕτως
392 2123 692 2182 ἐπιὸάλλειν
717 2122 973 2199 εὐμεγέθη
1000 2123 1071 2183 τὰ
1091 2126 1337 2198 σπληνιά.

186 2210 406 2283 Ταύτην
434 2208 491 2269 δὲ
511 2209 608 2281 τὴν
638 2210 973 2291 ἔμπλαστρον
998 2215 1042 2270 εἰ
1074 2214 1245 2291 βούλει
1274 2213 1397 2272 ποτὲ

186 2299 412 2359 Μᾶλλον
434 2303 598 2357 ποιεῖν
626 2299 754 2379 πρὸς
778 2306 932 2378 νεῦρα
960 2300 1139 2379 παχέα
1167 2300 1257 2359 καὶ
1282 2303 1445 2377 μύας,

108 2408 156 2444 es
184 2386 451 2467 Σκληρούς
472 2410 529 2445 τε
550 2385 779 2465 μασθοὺς
792 2433 809 2461 ,
834 2387 997 2467 ἄρθρα
1020 2388 1071 2445 τ’
1090 2388 1385 2469 ἐξῳδηκότα
1401 2434 1415 2459 ,

170 2475 453 2553 ,Μαλάχης
478 2474 661 2556 α’γρίας
682 2480 786 2533 τῶν
816 2475 987 2555 ριζίων
1012 2475 1193 2555 λίτραν
1223 2476 1396 2555 βαλὼν

186 2566 446 2642 Καθαρῶν
477 2562 618 2639 [καὶ]
645 2562 985 2642 προσφάτων,
1010 2565 1101 2623 καὶ
1125 2566 1338 2643 [ταῦτα]
1369 2564 1634 2641 συντεμὼν

187 2652 273 2715 Εἰς
294 2650 655 2716 δακτυλιαίους
681 2654 757 2730 τῷ
783 2674 839 2709 τε
865 2650 1021 2726 μήκει
1050 2652 1138 2709 καὶ
1159 2652 1318 2731 πήχει

178 2738 388 2813 Τόμους
408 2737 659 2795 ἔπίὸαλλε
680 2738 782 2805 τοῖς
803 2738 969 2807 ζέουσ’
990 2742 1041 2797 ἐν
1069 2744 1133 2818 τῇ
1164 2740 1331 2819 χύτρᾳ
1351 2765 1364 2779 ·

107 2846 155 2883 70
178 2825 351 2884 Ὅταν
378 2824 433 2882 δὲ
460 2834 635 2882 πᾶσαν
664 2825 989 2904 ἄνθρακωθέν
1017 2826 1063 2883 τ’
1091 2826 1337 2906 ἀποὸάλῃ

177 2916 225 2971 Τ
225 2912 291 2982 ὴν
316 2910 519 2987 ἰκμάδα
549 2912 653 2990 [τε]
682 2911 770 2971 καὶ
798 2912 891 2982 τὴν
921 2912 1139 2990 δύναμιν
1162 2912 1221 2971 τὸ
1250 2914 1542 2994 φάρμακον,

178 2996 424 3078 Ἔπαρον
454 2999 577 3078 [τῷ]
599 3002 750 3078 ἠθμῷ
778 3005 869 3070 τῆς
899 3001 1146 3080 μαλάχης
1177 3001 1243 3059 τὰ
1275 3001 1435 3082 ριζία·

180 3084 339 3144 Λείαν
372 3085 421 3141 δ’
446 3082 709 3150 ἐπιπάσας
730 3085 823 3156 τὴν
847 3087 1178 3166 λιθάργυρον,
1203 3087 1319 3146 τότε

174 3172 441 3252 Ἔψησον,
464 3175 535 3237 ὣς
558 3173 805 3251 προεῖπον
835 3173 1076 3252 πρόσθεν,
1103 3175 1192 3234 καὶ
1222 3175 1379 3234 πάλιν

106 3281 150 3318 :a
178 3260 399 3319 Ἀπόθου
422 3260 468 3318 θ’
491 3259 711 3336 ὁμοίως,
739 3259 829 3317 καὶ
853 3257 941 3318 τὸν
966 3263 1121 3320 αὐτὸν
1141 3261 1256 3341 χρῶ
1280 3262 1470 3342 τρόπον

174 3437 345 3494 Τοῦτο
371 3433 429 3492 δὲ
453 3433 701 3514 ἑκατέρας
731 3433 859 3514 φησὶ
886 3432 979 3500 τὰς
1002 3434 1185 3513 ἀρετὰς
1210 3435 1347 3515 ἔχειν

174 3523 243 3583 Ὁ
270 3527 481 3602 πρῶτος
503 3522 667 3603 εὑρὼν
696 3523 1035 3601 Μενεκράτης
1057 3523 1117 3582 τὸ
1138 3523 1433 3604 φάρμακον,

174 3611 331 3688 Ἀνὴρ
360 3610 639 3689 κράτιστος
655 3657 671 3682 ,
706 3611 904 3676 ἑκτικὸς
927 3610 1055 3690 πρὸς
1081 3609 1175 3681 τὴν
1198 3610 1386 3690 τέχνην
1406 3631 1419 3644 ·

176 3701 281 3760 Καὶ
305 3699 413 3778 γὰρ
434 3699 712 3778 φυλάττειν
740 3697 805 3756 τὰ
824 3697 1081 3779 νεότρωτα
1103 3699 1381 3779 τραύματα

100 3809 141 3846 ει
171 3789 307 3867 Λίχα
333 3789 661 3866 φλεγμονῆς,
682 3787 878 3866 κολλᾷν
907 3810 962 3844 τε
990 3785 1057 3844 τὰ
1081 3786 1369 3866 διῃρημένα

174 3873 427 3934 Ἔπεισεν
458 3879 626 3950 ἡμᾶς,
652 3873 743 3931 καὶ
772 3873 839 3930 τὰ
862 3872 1225 3954 φλεγμαίνοντ’
1251 3872 1381 3951 ἄγαν

170 3959 347 4034 Ἕλκη
369 3960 701 4040 θεραπεύειν,
732 3960 849 4028 τούς
870 3985 927 4018 τε
950 3961 1235 4038 τρωθέντας
1260 3961 1394 4038 μύας

172 4051 311 4128 Λίχα
337 4049 477 4114 τινὸς
501 4049 663 4107 ἄλλου
689 4053 791 4107 τῶν
818 4049 1021 4128 βοηθεῖν
1044 4048 1339 4126 δυναμένων

181 4137 694 4213 Καταπλασμάτων,
717 4136 959 4214 σπόγγων
982 4160 1039 4195 τε
1059 4138 1148 4194 καὶ
1171 4139 1273 4194 τῶν
1298 4135 1587 4216 ἕμὸροχῶν,

98 4243 145 4282 as
176 4227 355 4284 Ποιεῖν
382 4223 437 4282 δὲ
464 4223 638 4283 πάντα
660 4223 757 4281 ὅσα
781 4223 1069 4304 ἔμπροσθεν
1096 4215 1243 4283 εἶπον
1266 4229 1429 4283 ποιεῖν

170 4313 283 4384 Τὴν
310 4311 401 4371 διὰ
422 4314 735 4393 λιθαργύρου
756 4337 813 4371 τε
841 4313 929 4371 καὶ
955 4312 1255 4392 ἀξουγγίου,

181 4391 333 4459 Εἶναι
356 4402 407 4458 δ’
431 4399 641 4478 ἄριστον
668 4400 861 4459 πεσσὸν
882 4403 934 4458 ἐν
955 4401 1377 4481 κεχρονισμέναις
1391 4447 1407 4476 ,

172 4487 267 4546 Ἔν
291 4487 616 4568 προσφάτοις
639 4512 695 4546 τε
719 4489 1030 4567 φλεγμοναῖς
1052 4492 1143 4559 τῆς
1166 4487 1409 4567 ὑστέρας,

172 4573 354 4646 “lixa-q
386 4598 443 4632 τε
464 4577 695 4653 πληροῦν
718 4577 870 4633 κοῖλα
888 4617 904 4646 ,
937 4576 1190 4633 διεθεῖσαν
1213 4575 1363 4656 μύρῳ

97 4685 147 4721 νυ
168 4659 397 4741 Ῥοδίνῳ
416 4665 674 4720 ἀπουλοῢν
700 4661 747 4740 γ’
772 4661 807 4732 ἢ
835 4665 985 4744 καλῷ
1011 4663 1323 4743 μυρσινίνῳ,

176 4751 423 4810 Καθόλου
442 4773 499 4807 τε
522 4757 630 4808 πᾶν
653 4749 1011 4827 κατάπλασμα
1033 4750 1125 4808 καὶ
1148 4759 1253 4808 πᾶν
1274 4751 1547 4830 φάρμακον

170 4839 406 4906 Ἐξωθεν
436 4838 517 4894 ἐπ’
543 4839 711 4896 αὐτῶν
740 4839 863 4918 φησ’
887 4825 1347 4918 ἐπιῤῥιπτούμενον

178 4925 443 5003 [Ιερισσὸν
470 4916 603 4982 εἶναι
627 4926 733 4991 τοῖς
763 4949 821 5002 γε
844 4925 1011 5004 ταύτῃ
1035 4927 1345 5006 χρωμένοις.

172 5012 365 5072 Ἔστιν
396 5011 439 5069 δ’
464 5002 764 5092 ἀναγραφῆς
787 5011 923 5080 ἄξιον
947 5013 1005 5072 τὸ
1032 5015 1336 5093 φάρμακον·

98 5123 147 5160 ss
172 5100 315 5171 ἸΙδη
340 5100 399 5157 δὲ
422 5101 603 5158 πιστόν
629 5101 741 5158 ἐστι
764 5101 852 5158 καὶ
882 5110 986 5168 τοῖς
1016 5101 1309 5179 βασκάνοις.

171 5189 333 5267 Λέγει
350 5188 405 5246 δὲ
428 5188 557 5246 αὐτὸ
580 5189 745 5247 ποιεῖν
766 5195 946 5248 τοῦτον
974 5191 1061 5249 τὸν
1085 5191 1293 5267 τρόπον·

232 5301 515 5336 υμιοωυιτ.

1730 560 1916 620 Hyeme
1931 570 2140 621 namque
2154 560 2225 607 est
2247 558 2563 607 necessarium
2580 594 2597 619 ,
2620 572 2872 621 quumque
2895 558 3104 609 inditum

1728 643 2032 693 medicamini
2055 656 2268 692 crassum
2287 644 2448 693 oleum
2473 645 2613 705 longo
2633 648 2851 708 tempore

1730 732 1975 791 Evaserm
1997 732 2310 793 lithargyrum
2331 734 2381 782 et
2399 731 2694 782 serventibus

1732 820 1988 881 inspergito
2003 857 2017 879 ,
2037 820 2129 869 levi
2151 820 2257 883 igne
2277 823 2324 870 et
2347 820 2534 869 assidue
2551 834 2729 883 coquas

1726 907 1907 969 spatha
1923 919 2148 968 movens,
2167 920 2315 970 quam
2340 921 2368 957 e
2393 907 2522 957 taeda
2549 912 2746 971 praestat
2761 922 2953 961 sumere
2973 928 2989 973 ;

1726 998 1888 1052 Quum
1907 995 2087 1057 ceperit
2109 994 2334 1044 mediocri
2354 997 2547 1044 coctum
2567 998 2784 1059 tempore

1726 1080 2022 1132 medicamen
2041 1083 2134 1131 hoc
2153 1083 2397 1145 emplastri
2415 1081 2768 1144 spissitudinem
2782 1122 2798 1147 ,

1726 1172 1825 1219 Nee
1842 1183 1943 1219 non
1965 1170 2188 1220 t'oetorem
2210 1170 2357 1220 simili
2377 1174 2518 1235 pacto
2539 1171 2814 1236 pharmaci,

1728 1258 1990 1307 Confestim
2017 1258 2081 1307 ah
2099 1254 2208 1321 igne
2230 1258 2493 1309 caccabum
2517 1258 2770 1323 deponito,

1726 1346 1922 1394 Faciens
1941 1358 2024 1408 per
2045 1347 2260 1396 aestatem
2289 1348 2505 1409 pauxillo
2524 1347 2722 1409 durius,

1724 1432 1816 1481 Sed
1839 1432 2010 1493 hyeme
2037 1434 2256 1496 mollius,
2275 1448 2372 1485 non
2392 1436 2648 1498 inquinans
2669 1438 2859 1495 tamem

1728 1521 1920 1568 Moveto
1947 1520 2190 1583 adusque,
2211 1536 2309 1583 quo
2332 1522 2518 1573 modice
2535 1522 2599 1573 lta
2625 1523 2862 1574 refrixerit
2870 1540 2886 1585 ;

1724 1605 1803 1653 Sic
1820 1604 1992 1654 deinde
2008 1619 2173 1656 rursus
2189 1608 2412 1659 manibus
2429 1609 2703 1661 durioribus

1724 1696 1900 1742 Totum
1921 1694 2178 1743 subactum
2197 1708 2260 1744 ex
2277 1697 2373 1745 olla
2397 1699 2642 1747 transferri
2661 1698 2797 1760 jube.

1724 1784 1886 1838 Quum
1905 1782 2062 1843 poscit
2086 1795 2202 1833 usus
2216 1818 2231 1843 ‚
2258 1782 2436 1834 iterum
2457 1784 2616 1835 valide
2633 1786 2846 1848 mollica,

1724 1868 1956 1931 Molliqne
1981 1868 2232 1932 diligenter
2255 1870 2494 1933 pelliculae
2516 1872 2709 1923 illinens
2723 1911 2739 1935 ‚

1725 1959 1986 2019 Pet-magna
2007 1971 2150 2020 super
2167 1958 2554 2010 accommodabis
2576 1961 2772 2024 splenia.

1726 2046 2052 2106 Emplastrum
2084 2060 2200 2096 vero
2227 2048 2319 2096 hoc
2337 2048 2376 2096 si
2395 2048 2590 2109 quando
2608 2049 2848 2099 efficacius

1724 2133 1972 2183 Desideres
1989 2133 2050 2183 ad
2071 2148 2248 2185 nervos
2274 2148 2458 2186 crassos
2471 2174 2486 2198 ,
2509 2138 2755 2188 musculos

1724 2224 1977 2285 Dux-aeque
2003 2236 2237 2273 mammas
2255 2227 2403 2287 atque
2419 2224 2648 2275 artic-ulos
2662 2226 2858 2289 insuper

1723 2311 1982 2359 Tumentes
1999 2310 2100 2361 fleri
2115 2348 2130 2371 ,
2153 2312 2310 2375 pondo
2331 2312 2544 2361 radicum
2564 2312 2718 2363 indito

1728 2398 1932 2459 Agrestis
1949 2400 2126 2448 malvae
2141 2413 2369 2461 purarum
2387 2414 2448 2450 ac
2466 2401 2732 2451 recentium
2744 2438 2759 2463 ,

1724 2487 1972 2535 sectarum
1991 2486 2041 2535 in
2059 2489 2220 2549 partes
2237 2488 2370 2550 digiti
2388 2488 2699 2539 crassitudine

1724 2578 1794 2622 Ac
1814 2574 2109 2635 longitudine
2127 2575 2176 2623 in
2199 2576 2293 2625 olla
2313 2577 2617 2626 ferventibus.

1725 2662 1788 2711 At
1807 2675 1964 2724 quum
1986 2662 2236 2713 madorem
2254 2664 2414 2713 totum
2436 2667 2485 2713 et
2506 2664 2631 2713 vires
2648 2664 2958 2727 pharmacum

1725 2752 1781 2797 In
1799 2750 2058 2799 carbonem
2081 2762 2366 2800 conversum
2389 2765 2448 2801 ex
2473 2752 2580 2813 igne
2598 2751 2838 2814 amiserit,

1724 2837 1896 2886 Malvoe
1913 2836 2150 2886 radiculas
2171 2838 2277 2886 colo
2295 2838 2532 2887 sustollito
2544 2875 2559 2900 ,

1724 2927 1785 2974 Et
1805 2925 2072 2988 laevigatam
2091 2926 2365 2988 inspergens
2381 2929 2498 2975 tunc
2516 2926 2832 2988 lithargyrum

1724 3017 1892 3076 coque
1909 3014 1964 3062 tu
1980 3048 1995 3072 ,
2014 3013 2420 3076 quemadmodum
2440 3013 2539 3062 dixi
2553 3048 2568 3074 ,
2587 3016 2636 3064 et
2654 3014 2870 3077 reponito
2881 3049 2898 3074 ,

1724 3101 1879 3151 Simili
1901 3099 2046 3149 modo
2068 3113 2236 3150 rursus
2255 3100 2523 3164 eodemque
2539 3101 2642 3164 ipso
2667 3100 2834 3151 utitor.

1724 3449 1950 3511 Utrisque
1970 3463 2086 3498 vero
2106 3449 2198 3498 hoc
2213 3449 2398 3500 viribus
2421 3449 2601 3513 pollere
2617 3451 2687 3500 ait

1722 3538 1909 3586 Primus
1926 3540 2218 3586 Menecrates
2237 3537 2458 3588 inventor
2478 3539 2790 3601 pharmacum

1719 3625 1807 3673 Vir
1824 3625 1907 3686 qui
1926 3624 2014 3674 fuit
2038 3625 2206 3675 habitu
2225 3625 2460 3676 medicam
2479 3627 2610 3676 circa
2629 3629 2784 3678 artem
2804 3629 3014 3692 optim03

1720 3713 1946 3762 Recentia
1963 3712 2090 3762 enim
2114 3726 2304 3764 servare
2323 3715 2443 3763 citra
2467 3714 2798 3779 phlegmonem

1716 3800 1934 3849 Vulnera
1948 3835 1963 3859 ,
1993 3813 2082 3850 nec
2105 3814 2200 3849 non
2225 3801 2376 3850 divisa
2395 3801 2631 3864 glutinare
2650 3803 2765 3854 item

1717 3887 1865 3938 Nobis
1889 3888 2148 3950 persuasit,
2167 3890 2314 3950 atque
2334 3889 2631 3939 inflammata
2658 3890 2818 3940 ulcera

1716 3976 1865 4025 Nimis
1882 3975 2110 4026 medicari
2123 4012 2137 4036 ,
2160 3977 2211 4024 et
2232 3977 2509 4025 vulneratos
2527 3977 2772 4027 musculos

1715 4063 1826 4114 Sine
1844 4064 2073 4127 quopiam
2094 4062 2188 4111 alio
2206 4076 2374 4112 eorum
2391 4075 2504 4126 quae
2526 4077 2804 4113 succurrere

1716 4155 1922 4202 Possunt
1940 4151 2294 4214 cataplasmatis
2308 4187 2322 4212 ,
2346 4151 2598 4212 lomentis,
2621 4151 2830 4214 spongiis

1716 4239 1986 4301 Omniaque
2007 4253 2116 4302 quae
2143 4239 2298 4290 facem
2316 4238 2594 4288 confirmavi
2621 4240 2753 4301 prins

1716 4327 2012 4377 Medicamen
2039 4339 2101 4376 ex
2125 4327 2383 4390 lithargyro
2409 4329 2458 4375 et
2477 4327 2684 4389 axungia

1716 4418 1970 4476 peragere,
1986 4416 2132 4476 atque
2149 4413 2386 4476 optimum
2404 4427 2594 4477 pessum
2621 4414 2819 4465 diutinis

1715 4503 1958 4564 Novisque
1975 4503 2132 4551 vulvoe
2154 4514 2256 4551 esse
2277 4501 2758 4564 inflammationibus,

1714 4593 1846 4640 Cava
1866 4591 2030 4639 ulcera
2049 4589 2271 4651 implere,
2293 4590 2505 4639 solutum
2524 4603 2580 4639 ac
2609 4603 2802 4640 rosaceo

1714 4679 1803 4727 Vel
1822 4679 2008 4740 myrteo
2027 4678 2152 4726 bono
2174 4677 2446 4727 cicatricem
2465 4677 2658 4739 addere3

1716 4766 2004 4814 summatim
2023 4777 2166 4813 omne
2184 4764 2472 4827 cataplasma
2493 4777 2582 4814 nec
2599 4779 2696 4814 non
2717 4765 3027 4827 pharmacum

1716 4854 2024 4902 Extrinsecus
2041 4851 2170 4914 quod
2193 4852 2306 4913 ipsis
2326 4853 2681 4914 superinjicitur

1714 4941 2018 5002 Superssunm
2041 4953 2142 4988 esse
2159 4939 2275 4988 dicit
2299 4939 2391 4988 isto
2417 4941 2677 4990 utentibus.

1716 5031 1934 5078 Profecto
1955 5028 2152 5087 dignum
2171 5027 2428 5089 scriptione
2445 5031 2519 5078 est
2545 5029 2858 5090 pharmacum

1716 5117 1865 5178 cujus
1884 5116 2001 5164 fides
2016 5115 2112 5176 iam
2135 5116 2213 5164 vel
2231 5119 2420 5178 recepta
2437 5119 2509 5165 est
2527 5115 2714 5166 invidia.

1714 5199 1853 5246 Hunc
1876 5196 1928 5245 in
1951 5195 2146 5245 modum
2165 5195 2322 5258 ipsum
2345 5195 2603 5259 proparari
2621 5195 2842 5246 dictitat:

3163 430 3272 481 ua
