3767 5825
432 434 494 475 iv
1824 414 2256 479 PRAEFATto.

428 548 602 619 stitit3
642 548 973 606 emendavit
1014 568 1229 627 pauca,
1264 568 1369 607 nec
1405 569 1472 607 ea
1505 550 1741 627 quidem
1786 552 1990 609 omnia

430 651 614 708 recte3
664 638 1200 715 interpretationem
1246 651 1434 695 autem
1466 638 1705 696 latinam
1743 639 1992 697 confecit

430 726 599 782 talem
623 736 685 781 ut
700 725 976 783 omnibus
991 727 1163 782 etiam
1182 728 1647 803 corruptissimis
1661 725 1992 805 quibusque

427 812 499 869 ad
527 811 769 871 verbum
801 813 1099 871 translatis
1128 814 1305 871 miras
1329 814 1681 891 ineptiarum
1721 815 1991 889 ambages

428 903 797 960 securissime
815 901 1112 960 effutierit.
1129 902 1321 971 Quare
1336 903 1603 960 consulto
1622 904 1849 977 neglexi
1866 923 1990 962 eam

430 992 755 1049 versionem
778 1033 796 1063 ,
818 1010 994 1068 quam
1010 1034 1025 1061 ,
1050 1002 1115 1047 ut
1131 991 1321 1068 ipsius
1341 1006 1471 1049 utar
1504 990 1703 1050 verbis
1718 1034 1735 1063 ,
1757 1014 1867 1049 non
1887 996 1993 1049 ad-

428 1084 643 1136 diturus
669 1093 798 1137 erat
816 1086 931 1136 nisi
948 1078 1328 1155 efflagitasset
1353 1100 1480 1136 eam
1506 1100 1624 1136 mos
1648 1084 1912 1156 puble'cus
1939 1096 1996 1137 et

427 1191 550 1225 eum
568 1175 935 1246 patrocinans
952 1161 1228 1225 librarius.
1264 1159 1271 1166 ’

506 1259 592 1316 De
631 1257 861 1329 verbiS,
890 1276 1020 1333 quae
1066 1256 1302 1333 quidem
1346 1258 1669 1315 innumeris
1700 1256 1994 1315 scatebant

428 1348 626 1417 vitiis,
654 1344 1035 1404 emendandis
1064 1364 1237 1402 nemo
1256 1345 1465 1402 melius
1494 1346 1705 1403 meruit
1720 1346 1994 1419 Philippo

428 1440 709 1503 Dominio,
741 1435 843 1511 qui
872 1434 934 1491 in
962 1431 1361 1491 celeberrimis
1386 1434 1507 1491 illis
1529 1431 1597 1488 ad
1619 1432 1992 1490 Charitonem

428 1519 1039 1579 animadversionibus
1111 1540 1375 1596 magnam
1440 1540 1641 1577 eorum
1710 1520 1990 1577 vitiorum

428 1624 649 1687 partem
675 1624 732 1667 et
755 1609 1037 1683 sagaciter
1064 1608 1364 1683 indagavit
1386 1620 1443 1664 et
1468 1608 1713 1665 feliciter
1741 1609 1988 1667 sanavit.

426 1698 636 1756 Verum
654 1698 726 1755 de
740 1697 1016 1755 carminis
1042 1697 1262 1753 unitate
1280 1709 1336 1753 et
1356 1696 1738 1753 continuitate
1753 1738 1769 1765 ,
1796 1714 1996 1771 quam-

428 1806 599 1861 quam
632 1784 706 1843 ab
730 1783 1287 1863 interpolationibus
1308 1804 1427 1841 non
1462 1803 1705 1841 vacuum
1733 1781 1991 1859 judicat,

430 1875 577 1931 nihil
608 1874 963 1951 suspicionis
1010 1873 1349 1949 concepisse
1396 1872 1665 1941 videtur3
1697 1884 1992 1928 auctorem

430 1962 555 2038 ipse
580 1976 711 2019 ante
734 1961 1035 2018 Manilium
1078 1961 1294 2017 vixisse
1322 1972 1517 2037 putat,
1550 1978 1731 2036 quum
1758 1958 1994 2017 Grono-

432 2050 561 2108 vius
593 2072 723 2108 eum
755 2050 1049 2106 Ptolemaei
1077 2047 1448 2125 Philadelphi
1486 2044 1848 2126 temporibus
1888 2066 1990 2105 au-

429 2137 463 2193 d
476 2151 629 2195 aeter
649 2137 1033 2195 attribuisset.
1622 2208 1631 2217 .

508 2226 593 2283 De
613 2226 705 2284 his
730 2224 905 2283 rebus
928 2226 1187 2282 certatim
1200 2268 1216 2295 ,
1230 2225 1330 2281 sed
1348 2224 1464 2282 alia
1482 2242 1625 2299 agen
1634 2236 1716 2281 tes
1737 2223 1799 2280 in
1816 2236 1998 2281 trans·-

429 2335 601 2372 cursu
626 2327 847 2372 tantum
876 2325 1232 2370 monuerunt
1259 2316 1533 2385 Heynius,
1569 2313 1671 2389 qui
1703 2312 1803 2388 (in
1837 2311 1995 2388 Opu-

430 2404 599 2464 scull.
625 2403 823 2461 acadd.
842 2415 983 2460 tom.
1014 2400 1059 2471 l,
1079 2421 1137 2477 p.
1162 2400 1236 2475 95
1262 2399 1376 2479 sq.)
1400 2401 1694 2477 ingentem
1721 2418 1993 2458 versuum

429 2491 867 2549 subdititiorum
894 2508 1201 2549 numerum
1228 2488 1417 2547 inesse
1436 2488 1610 2563 dicit,
1638 2489 1990 2561 Ty‘rwhittus,

429 2582 530 2657 qui
564 2580 665 2656 (in
702 2579 867 2657 praef.
900 2580 975 2635 ad
1011 2577 1231 2655 Orphei
1280 2576 1544 2655 Lithica)
1582 2597 1657 2635 ex
1696 2577 1843 2634 locis
1867 2578 1996 2653 qui-

427 2668 671 2727 busdam
699 2668 1155 2725 demonstratum
1185 2666 1296 2723 ivit
1338 2685 1569 2723 carmen
1598 2664 1709 2724 sub
1738 2665 1992 2744 imperio

432 2756 692 2814 Romano
716 2755 789 2812 ad
825 2774 1091 2813 occasum
1122 2766 1398 2829 vergente
1434 2754 1715 2832 scriptum
1742 2754 1997 2828 itemque

430 2844 647 2903 librum
685 2845 940 2922 primum
979 2856 1037 2901 et
1070 2843 1341 2922 quintum
1376 2842 1451 2899 ab
1487 2842 1604 2899 alia
1643 2860 1819 2900 manu
1858 2863 1994 2921 pro-

430 2933 637 2991 fectum
685 2953 841 3005 esse,
877 2934 1258 3002 Her-mannus,
1303 2931 1407 3008 qui
1446 2931 1509 2988 in
1543 2928 1995 2988 celebratissima

428 3023 529 3078 illa
548 3023 619 3080 de
642 3021 1054 3096 Argonauticis
1076 3020 1351 3095 Orphicis
1370 3018 1781 3077 dissertatione
1802 3019 1995 3077 Mane-

427 3111 657 3169 thonem
707 3131 837 3168 cum
894 3122 1067 3187 poeta
1111 3109 1218 3167 illo
1261 3108 1335 3166 de
1384 3108 1619 3166 viribus
1671 3107 1990 3166 herbarum

428 3214 629 3274 agente
681 3199 1105 3257 didacticorum
1140 3209 1442 3275 poetarum
1497 3215 1702 3271 agmen
1732 3196 1999 3255 claudere

429 3288 615 3365 ponit.
642 3287 749 3344 Sed
775 3287 847 3343 de
869 3286 1081 3344 horum
1108 3286 1475 3364 aliorumque
1498 3285 1803 3350 sententiis
1837 3305 1999 3343 accu-

430 3390 552 3433 rate
576 3385 975 3452 exposuerunt
996 3377 1204 3430 Axtius
1225 3385 1282 3431 et
1304 3377 1559 3446 Rtgzerus
1574 3374 1639 3430 in
1654 3387 1998 3431 commenta-

429 3465 590 3521 tione
615 3463 916 3540 praemissa
935 3483 987 3520 c.
1019 3460 1070 3518 ll
1090 3504 1107 3532 ,
1136 3481 1197 3536 p.
1229 3480 1385 3519 v1-x.
1820 3469 1831 3483 “

508 3547 661 3628 Ipsi,
692 3562 756 3606 ut
791 3548 914 3625 jam
945 3549 1017 3606 ad
1058 3567 1259 3606 eorum
1303 3567 1540 3625 operam
1591 3548 1857 3606 accedam
1906 3549 1996 3608 his

429 3639 789 3700 carminibus
812 3639 1198 3708 utilissimam,
1227 3638 1317 3695 usi
1348 3650 1483 3694 sunt
1514 3637 1629 3694 alio
1660 3639 1997 3714 apographo

427 3729 648 3788 codicis
678 3727 947 3798 Medicei,
971 3727 1128 3804 quod
1144 3727 1427 3804 scriptum
1454 3724 1527 3783 ab
1552 3726 1857 3784 Holstenio
1887 3729 1996 3786 Ha·

426 3817 502 3874 lis
517 3830 867 3887 asservatur,
899 3815 971 3872 de
999 3835 1118 3892 quo
1138 3814 1277 3872 nolo
1301 3827 1563 3892 repetere
1577 3835 1705 3890 quae
1725 3815 2000 3874 dixerunt

427 3926 487 3983 p.
521 3927 560 3964 v
589 3925 672 3983 sq.
719 3904 895 3962 Aliud
932 3903 1191 3980 ejusdem
1238 3902 1525 3960 Holstenii
1567 3905 1984 3982 apographum,

427 3994 585 4070 quod
608 3993 925 4068 Hamburgi
946 4006 1054 4064 est,
1076 3992 1513 4069 descripserunt
1529 3990 1674 4048 ibid.
1696 4013 1753 4070 p.
1770 3991 1995 4073 1v*''¹‘)‚

430 4082 595 4158 cujus
640 4081 1181 4156 diligentissimam,
1212 4080 1300 4138 uti
1342 4080 1593 4150 videtur,
1630 4081 1996 4140 collationem

433 4169 642 4227 lx'raitii
699 4169 983 4226 beneficio
1024 4181 1156 4245 post
1201 4166 1420 4225 librum
1454 4171 1609 4244 typis
1649 4167 1994 4246 descriptum

430 4259 581 4315 nacti
624 4259 686 4314 in
710 4258 867 4314 calce
900 4278 961 4333 p.
993 4256 1256 4328 247-252
1285 4255 1507 4333 publici
1538 4255 1693 4333 juris
1722 4257 1995 4316 fecerunt.

432 4343 695 4422 Utroque
715 4344 1049 4422 apographo
1074 4364 1204 4401 cum
1228 4342 1429 4402 verbis
1452 4343 1843 4402 Gronovianae
1873 4347 1996 4406 edi-

431 4434 611 4491 tionis
632 4433 840 4490 collato
859 4478 875 4507 ,
906 4446 1123 4508 quanta
1150 4453 1280 4490 cum
1319 4431 1433 4490 fide
1456 4431 1790 4490 Gronovius
1819 4435 1995 4492 codi-

432 4541 556 4578 cem
589 4541 754 4578 suum
792 4521 1167 4597 expresserit,
1215 4519 1441 4594 liquide
1470 4532 1727 4598 apparet.
1774 4520 1842 4578 ln
1881 4525 1998 4599 ple-

433 4610 632 4684 risque
653 4608 889 4686 quidem
910 4621 965 4665 et
986 4607 1359 4683 gravioribus
1374 4607 1558 4665 editio
1588 4628 1718 4666 cum
1749 4623 1995 4687 utroque

434 4695 588 4753 libro
617 4696 942 4766 consensit3
984 4695 1086 4754 ubi
1120 4698 1317 4770 aliqua
1348 4695 1799 4770 deprehenditur
1825 4697 1993 4756 diffe-

436 4784 621 4841 rentia
636 4827 653 4855 ,
687 4797 785 4841 aut
804 4783 1024 4841 codicis
1041 4783 1282 4842 Medicei
1307 4785 1611 4842 lectionem
1634 4805 1668 4842 a
1688 4784 1994 4846 Gronovio

438 4871 689 4946 margini
709 4872 1031 4929 adnotatam
1053 4871 1387 4930 Holstenius
1408 4873 1588 4929 textui
1607 4892 1710 4928 suo
1731 4873 1990 4950 reliquit,

435 4971 555 5033 aut,
582 4959 741 5034 quod
753 4959 965 5036 saepins
991 4959 1200 5016 factum
1222 4973 1329 5030 est,
1348 4959 1444 5016 bic
1460 4960 1649 5017 statim
1674 4962 1993 5019 correctio-

436 5066 538 5104 nes
566 5059 622 5103 et
650 5059 836 5104 certas
862 5060 919 5104 et
945 5048 1103 5106 leves
1134 5046 1443 5104 scribendo
1466 5046 1718 5104 admisit.
1758 5049 1815 5106 Si
1845 5069 1996 5126 quae-

436 5153 634 5192 ramus
655 5147 848 5191 utrum
866 5135 1199 5193 Gronovius
1220 5153 1293 5190 an
1318 5133 1649 5192 Holstenius
1668 5137 1995 5194 accuratius

436 5224 694 5282 codicem
710 5225 1083 5300 expresserit;
1107 5223 1297 5301 priori
1322 5221 1573 5300 palmam
1603 5222 1851 5280 dandam
1872 5244 1994 5283 esse

2085 552 2176 611 vel
2208 572 2282 609 ex
2319 564 2546 609 centum
2593 550 2859 610 versibus
2891 554 3238 630 comparatis
3271 552 3424 612 facile
3449 568 3584 633 patet.

2085 638 2278 697 Possit
2295 639 2428 714 quis
2448 640 2817 717 expostulare
2845 659 3070 699 mecum
3087 684 3104 713 ,
3127 641 3282 717 quod
3303 655 3358 700 et
3385 642 3480 699 hoc
3499 644 3586 700 sin·

2085 728 2237 803 gulis
2264 727 2516 806 probare
2555 728 2762 799 omisi,
2805 748 2995 806 neque
3027 730 3292 789 instituta
3337 730 3590 805 diligenter

2082 817 2517 893 comparatione
2568 806 2872 875 enucleare
2917 817 3242 876 studuerim
3285 830 3460 877 utrum
3500 820 3586 875 duo

2087 902 2461 962 Holsteniana
2479 904 2813 982 apographa
2839 924 2912 963 ex
2935 908 3068 983 ipso
3099 906 3299 965 codice
3319 907 3588 984 descripta,

2082 1010 2156 1048 an
2185 1006 2284 1049 aut
2296 1011 2371 1050 ex
2390 992 2530 1066 alio,
2551 992 2710 1067 quod
2731 994 3108 1066 interciderit,
3123 994 3446 1072 apographo
3463 997 3592 1051 ambo

2083 1078 2348 1137 derivata
2375 1080 2514 1151 sint,
2546 1094 2646 1137 aut
2667 1080 2914 1139 alterum
2948 1101 3024 1139 ex
3054 1082 3238 1141 altero
3261 1084 3491 1140 fluxerit.
3509 1082 3588 1139 Ne·

2084 1186 2197 1241 qne
2219 1186 2326 1241 ego
2355 1166 2510 1224 hunc
2539 1165 2798 1225 laborem
2835 1188 3185 1243 quamquam
3224 1170 3372 1228 taedii
3405 1170 3590 1247 plenum

2085 1253 2583 1329 subterfugissem,
2615 1256 2666 1313 si
2685 1274 2760 1313 ex
2805 1274 2876 1314 eo
2909 1257 3121 1315 similis
3145 1259 3206 1315 in
3231 1258 3592 1315 emendandum

2086 1342 2430 1419 scriptorem
2455 1343 2679 1401 fructus
2698 1342 3126 1403 redundaturus
3150 1346 3358 1414 fixisset,
3385 1360 3530 1421 atque
3545 1366 3594 1401 ex

2083 1429 2370 1505 ejusmodi
2397 1430 2597 1488 labore
2630 1432 2692 1488 in
2719 1430 3002 1490 Velleium
3037 1432 3396 1491 Paterculum
3431 1433 3594 1490 redun-

2083 1516 2264 1577 davit.
2292 1517 2500 1575 Verum
2522 1520 2698 1594 plane
2717 1519 2940 1577 aliares
2957 1533 3046 1579 est
3069 1521 3128 1578 in
3154 1520 3593 1588 Manethonianis‚

2084 1604 2178 1681 cuj
2187 1626 2254 1663 us
2281 1606 2368 1663 rei
2411 1626 2583 1665 causa
2615 1627 2734 1665 non
2770 1606 3033 1666 difficilis
3061 1623 3148 1667 est
3173 1622 3482 1687 perspectu.
3503 1615 3598 1665 Au-

2083 1691 2278 1750 dacter
2299 1697 2680 1769 pronuntiare
2708 1694 2927 1765 ausim,
2957 1694 3071 1753 hoc
3113 1700 3346 1771 negotio
3377 1708 3596 1769 suscepto

2084 1782 2348 1839 nennius
2375 1782 2610 1858 quidem
2634 1783 2700 1840 in
2720 1778 2816 1840 his
2841 1782 3203 1842 carminibus
3231 1784 3343 1842 loci
3369 1782 3596 1841 emenda-

2084 1868 2300 1927 tionem
2321 1870 2753 1949 suppeditatum
2779 1872 2883 1933 iri.

2167 1956 2427 2016 Editores
2447 1959 2711 2033 quidem,
2731 1960 2777 2017 si
2798 1979 3000 2018 eorum
3023 1960 3238 2019 librum
3269 1980 3398 2019 cum
3419 1960 3600 2017 Grono-

2083 2046 2254 2102 viana
2296 2046 2553 2104 editione
2584 2049 3052 2124 comparaveris,
3101 2046 3251 2106 bene
3302 2048 3374 2107 de
3417 2060 3602 2105 auctore

2085 2135 2528 2212 corruptissimo
2568 2136 2850 2193 meruisse
2891 2135 3168 2195 censendi
3210 2151 3357 2196 sunt.
3401 2136 3526 2193 Nam
3559 2148 3600 2191 et

2086 2223 2286 2294 verba,
2303 2223 2581 2282 Dorvillii
2597 2224 2964 2300 aliorumque
2980 2224 3196 2302 opibus
3209 2225 3502 2303 diligenter
3515 2226 3602 2281 col·

2086 2310 2248 2369 lectis
2281 2312 2697 2389 circumspecte
2727 2312 2840 2383 usi,
2871 2314 3044 2371 etiam
3074 2314 3319 2391 propria
3341 2312 3600 2371 divinandi

2091 2395 2224 2455 dote
2244 2397 2398 2457 haud
2419 2398 2788 2458 mediocriter
2813 2400 3000 2477 adjuti
3014 2444 3032 2473 ,
3056 2402 3237 2460 multo
3265 2402 3608 2460 emendatiora

2084 2485 2424 2560 ediderunt,
2457 2488 2522 2546 in
2569 2508 2686 2566 qua
2713 2508 2778 2562 re
2808 2490 2930 2567 jam
2974 2502 3314 2551 accentuum
3356 2492 3606 2567 interpun-

2085 2574 2414 2652 ctionisque
2454 2572 2736 2635 correctio
2791 2577 2948 2637 haud
2993 2582 3262 2656 exiguam
3317 2578 3604 2654 requirebat

2084 2662 2489 2736 attentionem,
2520 2664 2578 2722 et
2615 2665 2808 2723 indice
2844 2664 3159 2725 verborum
3195 2665 3608 2744 locupletissimo

2085 2749 2345 2809 confecto
2379 2771 2497 2809 non
2519 2752 2709 2811 solum
2738 2752 3141 2813 Manethonem
3167 2753 3508 2831 legentibus,
3535 2750 3610 2809 sed

2085 2838 2295 2914 cuique
2331 2840 2436 2917 qui
2482 2839 2710 2899 abditos
2747 2842 3196 2923 lexicographiae
3239 2861 3434 2920 graecae
3464 2844 3612 2898 fontes

2085 2940 2504 3005 perscrutatur,
2539 2931 2769 3006 egregie
2796 2932 3164 3009 proflierunt.
3203 2935 3334 3006 Quo
3373 2931 3540 3004 magis
3571 2941 3612 2982 et

2087 3015 2414 3075 mirandum
2439 3030 2497 3074 et
2519 3017 2832 3078 dolendum
2853 3031 2960 3092 est,
2989 3021 3149 3096 quod
3179 3019 3348 3078 taedio
3373 3017 3608 3094 quodam,

2086 3115 2150 3158 ut
2174 3102 2305 3180 conj
2314 3107 2468 3162 icere
2483 3105 2878 3182 licet,laboris
2901 3107 3057 3165 baud
3085 3106 3262 3166 nimis
3285 3107 3432 3183 grati
3447 3105 3606 3164 obtusi

2088 3207 2274 3264 neque
2303 3211 2443 3269 opes
2483 3212 2616 3251 suas
2641 3195 2788 3252 satis
2823 3209 3088 3254 accurate
3115 3196 3518 3273 disposuerunt
3539 3211 3614 3250 ne·

2087 3295 2198 3350 que
2215 3279 2315 3350 ita,
2336 3280 2420 3338 uti
2439 3293 2724 3358 poterant,
2745 3283 2821 3340 iis
2839 3283 2934 3341 usi
2951 3295 3106 3341 sunt.
3129 3283 3271 3342 Nam
3289 3295 3348 3341 et
3366 3283 3426 3340 in
3443 3298 3610 3338 nnme-

2085 3365 2169 3423 ris
2202 3387 2479 3426 versuum
2503 3359 2696 3427 indice
2715 3372 3025 3443 contentis,
3057 3385 3116 3428 et
3151 3373 3216 3428 in
3242 3370 3424 3428 variis
3449 3367 3612 3427 lectio-

2086 3454 2260 3513 nibus
2275 3457 2633 3516 adnotationi
2649 3459 2870 3517 criticae
2879 3461 3116 3518 insertis
3132 3478 3339 3535 magna
3355 3458 3614 3516 invenitur

2084 3561 2347 3602 errorum
2407 3545 2718 3604 multitudo
2735 3589 2754 3620 ,
2813 3566 3063 3623 quorum
3113 3549 3215 3625 qui
3269 3547 3342 3604 ad
3379 3545 3476 3602 has
3515 3561 3616 3620 spe·

2051 3679 2055 3687 .
2087 3643 2262 3704 etant,
2288 3645 2510 3709 partem
2533 3646 2756 3692 tantum
2799 3635 2864 3692 in
2905 3637 3198 3692 Addendis
3227 3647 3288 3692 et
3317 3633 3622 3706 corrigendis

2088 3718 2190 3797 (p.
2235 3722 2700 3798 xxxvn-xwm)
2747 3723 3120 3782 sustulerunt.
3157 3720 3308 3780 Tum
3355 3723 3420 3779 in
3461 3736 3620 3777 emen·

2085 3806 2278 3866 dando
2325 3809 2610 3886 scriptore
2641 3811 2849 3887 saepius
2895 3810 3196 3886 ingenium
3243 3827 3446 3880 suum,
3477 3824 3620 3882 quam

2085 3898 2268 3974 ipsius
2305 3899 2594 3956 scribendi
2639 3919 2808 3958 usum
2855 3913 3030 3976 atque
3057 3899 3306 3958 aliorum
3347 3898 3422 3956 de
3457 3895 3621 3972 Epic-is

2086 3992 2727 4070 praecepta—cauteilla
2738 3993 3202 4052 Manethonianis
3213 3989 3622 4070 applicanda-,

2086 4099 2257 4154 quam
2291 4079 2872 4138 Manethonianorum
2919 4081 3186 4158 ipsorum
3228 4079 3520 4159 propriam
3551 4078 3620 4134 in-

2086 4167 2523 4241 vestigationem
2563 4169 2728 4244 sequi
2757 4169 3106 4226 maluerunt.
3143 4168 3450 4227 Postremo
3473 4185 3622 4243 quum

2085 4267 2304 4312 tantum
2331 4256 2392 4312 in
2412 4261 2639 4332 singula
2665 4257 2871 4315 oculos
2900 4270 3268 4334 mentemque
3298 4256 3622 4332 defigerent,

2085 4344 2240 4400 viam
2279 4347 2418 4402 recti
2467 4347 2539 4404 de
2581 4345 3047 4404 Manethonianis
3080 4345 3296 4422 judicii
3329 4355 3625 4402 monstrare

2085 4434 2318 4508 quidem
2362 4445 2628 4510 poterant
2658 4433 2825 4506 aliis,
2874 4433 2976 4492 sed
3015 4453 3124 4492 nec
3165 4434 3280 4508 ipsi
3317 4440 3622 4498 senserunt,

2085 4539 2190 4579 nec
2219 4523 2352 4580 aliis
2379 4541 2442 4580 re
2476 4541 2617 4580 vera
2655 4535 3145 4582 monstraverunt.
3185 4525 3399 4581 Vemm
3435 4533 3498 4579 ut
3527 4535 3623 4574 me-

2084 4608 2220 4677 lius,
2243 4610 2382 4684 quid
2412 4610 2670 4668 viderint
2696 4625 2753 4668 et
2780 4612 2920 4688 quid
2944 4630 3062 4669 non
3093 4610 3356 4671 viderint
3373 4609 3621 4674 editores,

2083 4709 2382 4775 appareat,
2439 4716 2720 4756 summam
2781 4697 3194 4775 disputationis
3245 4698 3396 4779 ipsis
3449 4711 3624 4753 eorum

2083 4784 2283 4843 verbis
2327 4798 2586 4861 repetere
2635 4786 2823 4863 placet
2875 4787 2970 4863 (p.
3027 4787 3251 4862 xxxiv)
3299 4807 3316 4841 ε
3355 4811 3384 4837 α
3409 4783 3492 4841 Ex
3533 4782 3624 4850 iis,

2090 4899 2114 4925 «ι
2149 4894 2278 4950 quae
2301 4874 2708 4951 exposuimus,
2744 4873 3111 4948 intelligitur,
3143 4871 3624 4951 Apotelesmatieo·

2091 4987 2114 5012 a
2150 4981 2278 5018 rum
2306 4961 2494 5020 libros
2521 4961 2595 5019 ab
2631 4961 3158 5020 Alexandrinorum
3184 4961 3462 5038 quopiam
3483 4971 3628 5036 poeta

2090 5075 2114 5101 ιι
2149 5069 2266 5107 non
2291 5069 2414 5108 esse
2433 5054 2701 5129 scriptos.
2725 5049 2906 5127 AEque
2927 5063 3148 5109 certum
3171 5063 3256 5108 est
3277 5049 3509 5107 eosdem
3529 5065 3624 5104 non
3700 5051 3701 5062 ¹

2091 5164 2114 5188 «ι
2149 5157 2272 5196 esse
2298 5139 2479 5196 aetatis
2507 5139 2848 5198 Nonnianav.
2881 5138 3140 5216 Apparet
3181 5139 3392 5209 etiam,
3437 5138 3624 5194 librum

2089 5251 2115 5278 ι
2148 5239 2419 5303 quartum
2445 5227 2652 5285 ceteris
2672 5245 2798 5285 esse
2821 5227 3004 5284 multo
3035 5229 3439 5285 recentiorem.
3469 5223 3626 5282 Liber
