3767 5825
459 325 531 376 60
1410 315 1860 386 ΘΕΟΚΡῘΤΟΥ
1899 312 2313 380 mammon
2375 313 2514 386 KH,
2554 312 2682 374 ΚΘ.

952 461 1499 539 ΗΛΑΚΑΤΑ.

974 643 1312 690 mammon·
1347 645 1471 692 ΚΕ.

452 780 721 848 Γλαυκᾶς,
747 765 791 833 ὦ
821 773 1036 856 φιλέριθ’
1064 772 1302 831 ἀλακάτα
1321 818 1336 847 ,
1367 775 1529 853 δῶρον
1564 772 1816 839 Ἀθανάας

449 862 693 944 γυναιξίν,
715 861 825 928 νόος
844 860 1150 942 οἰκωφελίας
1181 851 1318 919 αἷσιν
1348 859 1626 932 ἐπάὸολος,

452 951 693 1033 θαρσεῦσ’
721 948 887 1026 ἄμμιν
916 947 1123 1028 ὖμάρτη
1152 948 1301 1006 πόλιν
1332 950 1381 1014 ἐς
1409 947 1608 1006 Νείλεω
1638 945 1858 1025 ἀγλαάν,

451 1039 556 1119 ὅπᾳ
588 1036 847 1118 Κύπριδος
870 1034 980 1117 ἱρὸν
1004 1028 1230 1114 καλάμω
1256 1034 1459 1115 χλωρὸν
1488 1034 1617 1092 ὑπαὶ
1646 1034 1833 1093 ’παλδκ

397 1147 423 1185 5
448 1127 589 1186 τυίδε
618 1124 719 1206 γὰρ
742 1125 900 1183 πλόον
928 1123 1175 1199 εὖάνεμον
1205 1122 1463 1200 αἰτήμεθα
1486 1122 1597 1204 ,πὰρ
1627 1122 1777 1196 Διός,

450 1212 591 1280 ὅπως
617 1210 773 1280 ξεῖνον
803 1209 929 1288 ἐμὸν
950 1207 1164 1291 τέρψομ’
1194 1203 1315 1267 ἰδὼν
1336 1209 1777 1291 κάντιφιλήσομαι

449 1297 661 1376 Νικίαν,
685 1297 930 1377 Χαρίτων
954 1292 1287 1377 ἱμεροφώνων
1312 1295 1450 1377 ἱερὸν
1478 1296 1656 1377 φυτόν,

448 1384 540 1446 καὶ
568 1384 625 1444 σὲ
647 1384 743 1444 τὰν
765 1384 1041 1466 ἐλέφαντος
1064 1381 1382 1462 πολυμόχθω
1408 1382 1759 1462 γεγενημέναν
1860 1439 1881 1452 ,

452 1475 615 1554 δῶρον
642 1473 869 1540 Νικιάας
898 1475 969 1540 εἰς
1000 1471 1179 1552 ἀλόχω
1202 1469 1393 1551 χέῤῥας
1420 1469 1742 1548 ὀπάσσομεν,

377 1581 423 1620 ιο
450 1560 542 1620 σὺν
562 1570 629 1641 τᾷ
651 1557 825 1620 πολλὰ
845 1558 943 1637 μὲν
963 1557 1069 1638 ἔργ’
1092 1557 1377 1624 ἐκτελέσεις
1394 1553 1641 1636 ἀνδρείοις
1655 1556 1888 1630 πέπλοις,

450 1649 623 1708 πολλὰ
652 1647 696 1707 δ’
724 1639 808 1706 οἶα
835 1647 1073 1724 γυναῖκες
1098 1645 1326 1727 φορέοισ’
1351 1643 1567 1703 ὕδάτινα
1598 1645 1787 1726 βράκη.

450 1736 527 1803 δὶς
552 1734 653 1816 γὰρ
683 1734 899 1816 ματέρες
921 1737 1089 1815 ἀρνῶν
1121 1732 1376 1811 μαλακοίς
1404 1734 1456 1790 ἐν
1490 1732 1684 1813 βοτάνα
1710 1731 1890 1799 πόκοις

452 1823 679 1895 πέξαιντ’
710 1821 967 1897 αὗτοενεί;
994 1821 1300 1901 Θευγενίδος
1326 1821 1375 1900 γ’
1400 1821 1560 1880 ἕννεκ’
1585 1821 1847 1902 ἐυσφύρω·

452 1911 611 1979 οὕτως
638 1909 963 1992 ἀνυσίεργος,
990 1909 1153 1990 φιλέει
1181 1911 1226 1968 δ’
1252 1907 1385 1967 ὅσσα
1416 1908 1712 1989 σαόφρονες.

377 2023 427 2063 15
452 2002 509 2058 οὗ
536 1998 637 2080 γὰρ
665 2001 736 2066 εἰς
761 1999 942 2076 ἀκίρας
968 1999 1075 2058 οὐδ’
1099 2001 1149 2065 ἔς
1172 1997 1343 2078 ἀέργω
1368 2019 1454 2056 κεν
1480 1995 1769 2074 ἐδολλόμαν

454 2087 653 2147 ὀπάσαι
679 2109 739 2147 σε
761 2085 935 2164 δόμοις
959 2087 1255 2167 ἀμμετέρας
1278 2085 1435 2144 ἔσσαν
1463 2084 1567 2143 ἀπὸ
1594 2083 1791 2165 χθονός.

452 2173 545 2233 καὶ
565 2173 667 2253 γάρ
687 2195 768 2233 σοι
789 2172 1000 2254 πατρίς,
1018 2172 1079 2232 ἂν
1098 2172 1169 2240 ὡξ
1189 2172 1421 2253 Ἐφύρας
1440 2173 1618 2256 κτίσσε
1640 2175 1757 2230 ποτ’
1782 2170 2008 2251 Ἀρχίας,

453 2259 597 2320 νάσω
621 2259 937 2342 Τρινακρίας
963 2260 1174 2338 μυελόν,
1198 2262 1398 2339 ἀνδρῶν
1422 2260 1648 2338 δοκίμων
1668 2257 1837 2318 πόλιν.

454 2353 543 2407 νῦν
572 2346 677 2426 μὲν
706 2338 844 2407 οἷκον
874 2345 1032 2426 ἔχοισ’
1064 2347 1269 2428 ἀνέρος,
1292 2347 1348 2415 ὃς
1366 2348 1517 2407 πόλλ’
1539 2348 1667 2420 ἐδάη
1698 2348 1832 2428 σοφά

376 2458 430 2498 20
456 2433 770 2518 ἀνθρώποισι
792 2434 958 2502 νόσοις
980 2435 1233 2517 φάρμακα
1260 2435 1474 2516 λυγραῖς
1496 2434 1890 2513 ἀπαλαλκέμεν,

452 2521 675 2595 οἰκήσεις
695 2519 835 2582 κατὰ
857 2521 1126 2583 Μίλλατον
1151 2520 1368 2604 ἐραννὰν
1396 2523 1508 2600 μετ’
1537 2523 1778 2599 Ἰαόνων,

454 2614 525 2678 ὥς
547 2609 867 2678 εὖαλάκατος
887 2609 1136 2688 Θευγενὶς
1156 2612 1211 2668 ἐν
1237 2608 1503 2686 δαμότισιν
1526 2609 1659 2692 πέλῃ
1677 2655 1693 2683 ,

454 2696 545 2756 καί
566 2699 615 2756 οῖ
643 2706 861 2775 μνᾶστιν
893 2696 977 2756 ἀεὶ
1004 2701 1081 2755 τῶ
1108 2698 1359 2776 φιλαοίδω
1388 2697 1624 2778 παρέχῃς
1650 2697 1793 2766 ξένω.

453 2793 591 2844 κεῖνο
615 2784 718 2866 γάρ
740 2808 816 2853 τις
842 2789 951 2866 ἐρεῖ
972 2775 1143 2852 τῶπος
1169 2783 1291 2844 ἰδών
1320 2789 1388 2843 σ’·
1413 2777 1448 2858 ἦ
1471 2787 1676 2864 μεγάλα
1703 2786 1854 2867 χάρις

378 2897 431 2937 ιο
460 2873 612 2955 δώρῳ
633 2872 726 2934 σὺν
748 2873 937 2956 ὀλίγῳ·
959 2873 1135 2934 πάντα
1165 2872 1218 2933 δὲ
1242 2873 1441 2953 τιματὰ
1464 2873 1530 2933 τὰ
1556 2873 1665 2955 πὰρ
1690 2875 1842 2956 φίλω.

1062 3028 1379 3052 ——n-OOOQ—

995 3140 1472 3219 HAIAIKA.

981 3311 1229 3359 ΕΙΔΥΔΔῙ
1235 3312 1319 3358 ΟΝ
1359 3306 1487 3359 ΚΘ’.

532 3422 713 3503 Οἷνος,
736 3421 781 3489 ὦ
808 3430 923 3512 φίλε
950 3440 1075 3504 παῖ,
1104 3430 1342 3510 λέγεται,
1370 3432 1679 3491 καὶόἰλάθεα
1696 3457 1711 3472 ·

456 3518 637 3597 κᾶμμε
660 3519 765 3597 χρὴ
796 3517 1077 3595 μεθύοντας
1105 3519 1326 3587 ἀλαθέας
1353 3518 1593 3597 ἔμμεναι.

457 3606 605 3684 κήγὼ
636 3603 729 3682 μὲν
753 3605 817 3664 τὰ
842 3608 1038 3686 φρενῶν
1068 3604 1195 3687 ἐρέω
1222 3606 1366 3665 κέατ’
1394 3610 1446 3665 ἐν
1478 3612 1648 3689 μυχῷ.

458 3698 557 3776 οὐχ
584 3694 707 3762 ὅλας
733 3694 923 3776 φιλέειν
949 3695 1005 3772 μ’
1029 3694 1259 3768 ἐθέλησθ’
1288 3694 1394 3754 ἀπὸ
1422 3696 1651 3777 καρδίας.

402 3801 429 3841 a
458 3780 726 3860 γινώσκω·
751 3782 811 3841 τὸ
833 3781 934 3864 γὰρ
960 3782 1124 3860 ἅμισυ
1150 3792 1242 3850 τᾶς
1269 3781 1406 3851 ζοΐας
1433 3782 1539 3863 ἔχω

460 3870 525 3941 ζὰ
548 3869 644 3929 τὰν
672 3870 767 3929 σὰν
798 3870 953 3943 ἰδέαν,
978 3869 1037 3929 τὸ
1059 3869 1113 3928 δὲ
1136 3869 1314 3929 λοιπὸν
1344 3870 1599 3931 ἀπώλετο.

458 3956 636 4037 χῶταν
665 3958 760 4037 μὲν
787 3956 850 4015 σὺ
874 3958 1055 4037 θέλῃς,
1080 3957 1403 4037 μακάρεσσιν
1425 3957 1547 4017 ἴσαν
1577 3958 1689 4038 ἄγω

459 4046 679 4127 ἁμέραν,
708 4045 805 4105 ὅκα
835 4048 881 4105 δ’
912 4047 1006 4104 οὖκ
1034 4045 1209 4124 ἐθέλῃς
1236 4044 1327 4118 τύ,
1354 4046 1478 4123 μάλ’
1497 4050 1549 4105 ἐν
1579 4048 1768 4129 σκότῳ.

458 4138 567 4201 πῶς
591 4136 737 4192 ταῦτ’
765 4133 991 4214 ἄρμενα;
1018 4133 1105 4191 τὸν
1133 4133 1351 4215 φιλέοντ’
1384 4134 1547 4202 ἀνίαις
1576 4135 1753 4209 δίδοις;

387 4246 435 4283 ιο
460 4220 575 4279 ἀλλ’
598 4220 645 4279 εἴ
668 4220 756 4297 μοί
776 4243 828 4278 τι
850 4219 1020 4279 πίθοιο
1040 4219 1149 4287 νέος
1168 4222 1585 4303 προγενεστέρῳ,

459 4312 534 4388 τῷ
558 4332 617 4367 κε
636 4306 789 4369 λώιον
814 4308 966 4374 αὐτὸς
990 4306 1123 4387 ἔχων
1149 4307 1230 4385 ἔμ’
1257 4310 1572 4375 ἐπαινέσαις.

459 4394 676 4467 ποίησαι.
697 4393 884 4454 καλιὰν
915 4394 1038 4473 μίαν
1068 4399 1140 4454 εἶν
1170 4396 1242 4455 ἑνὶ
1267 4397 1509 4479 δενδρίῳ,

460 4483 581 4541 ὅποι
610 4480 769 4558 μηδὲν
800 4482 1036 4551 ἀπίξεται
1061 4482 1236 4564 ἄγριον
1265 4483 1498 4565 ὅρπετον.

462 4576 550 4628 νῦν
579 4568 633 4628 δὲ
660 4571 793 4629 τῶδε
820 4570 915 4647 μὲν
944 4570 1139 4648 ἄματος
1169 4571 1327 4631 ἄλλον
1352 4571 1488 4652 ἔχεις
1509 4572 1716 4645 κλάδον,

390 4683 438 4721 15
462 4658 618 4716 ἄλλον
641 4656 684 4714 δ’
710 4655 907 4737 αὔριον,
934 4656 985 4726 ἐξ
1008 4660 1169 4738 ἑτέρω
1194 4661 1238 4717 δ’
1269 4658 1439 4740 ἕτερον
1464 4659 1649 4737 μάτης.

464 4743 553 4802 καὶ
579 4741 667 4801 κέν
696 4766 786 4803 σευ
811 4744 870 4802 τὸ
897 4744 1054 4803 καλόν
1083 4770 1158 4812 τις
1184 4745 1306 4804 ἰδὼν
1332 4745 1471 4827 ῥέθος
1499 4747 1725 4819 αἰνέσαι,

464 4834 539 4909 τῷ
563 4831 607 4888 δ’
633 4829 775 4897 εὐθὺς
800 4830 955 4889 πλέον
979 4828 1013 4901 ἢ
1042 4831 1241 4909 τριέτης
1267 4831 1439 4910 ἐγένευ
1463 4834 1605 4914 φίλος
1621 4880 1636 4907 ,
1726 4844 1733 4851 “

463 4918 551 4976 τὸν
579 4927 773 4997 πρᾶτον
797 4918 850 4976 δὲ
881 4920 1122 4997 φιλεῦντα
1147 4921 1375 4999 τριταῖον
1404 4922 1612 4993 ἐθήκαο.

468 5006 664 5085 ἀνδρῶν
692 5010 792 5063 τῶν
822 5005 1173 5087 ὑπερανορέων
1204 5008 1392 5073 δοκέεις
1419 5008 1607 5068 πνέειν.

390 5115 443 5153 20
472 5092 595 5170 φίλη
621 5093 687 5169 δ’,
712 5084 771 5159 ἇς
797 5116 855 5151 κε
886 5092 1029 5173 ζόῃς,
1058 5093 1145 5152 τὸν
1171 5092 1346 5171 ὅμοιον
1372 5095 1510 5174 ἔχειν
1542 5096 1640 5155 ἀεί.

2650 449 3038 538 COLUS.

2547 622 2897 679 IDYLLION
2921 621 3185 678 xxvln.

2092 783 2286 834 Glaucae
2299 820 2315 848 ,
2340 798 2371 834 ο
2397 784 2550 834 amica
2571 783 2765 835 lanificii
2781 785 2943 847 colus,
2967 783 3150 833 donum
3165 781 3394 834 Minerva:

2091 873 2324 922 matronis
2334 909 2350 935 ,
2375 873 2551 935 quibus
2567 885 2704 922 mens
2715 875 2790 922 est
2808 870 3006 922 utilitati
3023 870 3299 921 domaeticae
3318 869 3482 921 dedita
3493 907 3508 932 ,

2091 959 2334 1010 confidens
2353 974 2443 1010 nos
2459 973 2657 1024 sequere
2672 961 2723 1010 in
2740 961 2872 1010 Nelei
2889 959 3059 1009 urbem
3075 957 3310 1009 illustrem
3323 995 3338 1021 ‚

2090 1047 2175 1097 ubi
2193 1049 2391 1099 Veneris
2407 1049 2640 1111 templum
2661 1048 2812 1097 viride
2830 1049 2880 1097 in
2897 1047 3180 1098 arundineto
3199 1049 3382 1096 tenero.

2091 1147 2149 1184 eo
2165 1135 2293 1184 enim
2309 1134 2658 1198 navigationem
2680 1147 2954 1199 prosperam
2974 1133 3184 1198 petimus
3198 1147 3228 1182 a
3245 1136 3370 1184 Jove
3384 1170 3400 1196 ,

2091 1223 2148 1272 ut
2165 1221 2349 1285 hospite
2371 1235 2480 1272 meo
2503 1235 2712 1286 pmaens
2736 1221 2965 1286 oblecter,
2989 1223 3041 1272 et
3054 1220 3262 1271 vicissim
3283 1234 3436 1283 amer,

2094 1310 2228 1360 Nicia
2238 1347 2255 1373 ,
2275 1311 2548 1362 Gratiarum
2575 1323 2723 1361 suave
2739 1309 3040 1373 loquentium
3057 1323 3192 1360 sacro
3209 1308 3418 1372 germine
3429 1344 3446 1370 ‚

2093 1400 2142 1447 et
2161 1401 2224 1449 ut
2247 1400 2324 1462 te,
2341 1399 2497 1449 multa
2516 1401 2620 1449 arte
2637 1413 2701 1449 ex
2721 1399 2865 1449 ebore
2883 1400 3085 1460 factam,

2092 1497 2268 1536 munus
2289 1485 2340 1536 iu
2361 1485 2574 1549 coniugis
2590 1485 2737 1537 Niciae
2759 1499 2932 1535 manus
2951 1483 3223 1548 tradamus„

2047 1605 2051 1607 -
2093 1585 2208 1622 cum
2232 1583 2329 1636 qua
2357 1573 2603 1638 (conjuge)
2625 1573 2779 1623 multa
2799 1585 2942 1636 opera
2959 1571 3201 1635 perficies,
3219 1570 3379 1620 viriles
3394 1571 3572 1632 vestes,

2093 1661 2270 1711 multas
2288 1675 2507 1724 quoque,
2530 1673 2650 1723 quas
2681 1661 2908 1710 mulieres
2927 1660 3130 1722 gestant,
3153 1658 3436 1708 thalassius
3460 1655 3634 1719 (undu-

2093 1748 2298 1814 lata-sm
2331 1749 2405 1800 bis
2429 1749 2556 1800 enim
2573 1750 2751 1800 matres
2765 1762 2999 1812 agnorum
3015 1747 3180 1798 mollia
3195 1749 3246 1798 in
3267 1747 3455 1812 pascuis
3470 1747 3638 1797 vellera

2093 1835 2334 1886 tondenda
2354 1837 2597 1900 praebeant
2609 1837 2778 1887 eodem
2796 1850 2924 1886 anno
2935 1873 2952 1900 ,
2973 1839 3168 1900 propter
3180 1834 3533 1898 Tbeugenidem
3545 1833 3639 1898 pul-

2093 1924 2186 1974 cris
2197 1924 2304 1974 talis
2321 1922 2356 1988 ε]
2367 1924 2486 1974 adeo
2498 1928 2576 1974 est
2587 1937 2784 1987 operosa
2796 1940 2811 1985 ς
2827 1925 3052 1987 amatque
3069 1935 3181 1988 quie
3196 1925 3380 1973 amant
3394 1925 3642 1973 matrona·

2094 2011 2345 2076 honestam]
2354 2026 2450 2062 non
2460 2013 2588 2062 enim
2603 2013 2654 2061 in
2671 2011 2854 2062 inutilis
2868 2013 2920 2063 et
2935 2011 3180 2062 desidiosae
3196 2011 3435 2062 mulieris
3451 2010 3640 2060 domum

2094 2100 2268 2150 vellem
2284 2100 2334 2149 te
2349 2099 2466 2150 dare
2476 2136 2491 2162 ,
2515 2100 2673 2149 ortam
2687 2113 2751 2150 ex
2767 2101 2930 2150 noem
2945 2101 3091 2150 terra.
3407 2097 3642 2162 [nobba.

2096 2187 2272 2236 etenim
2301 2185 2390 2236 tibi
2421 2184 2576 2250 patria
2597 2189 2676 2236 est
2686 2223 2702 2251 ,
2719 2199 2869 2250 quam
2899 2187 2982 2238 ille
2996 2199 3059 2237 ex
3091 2186 3282 2250 Ephyra
3297 2183 3514 2236 condidit
3537 2185 3645 2234 olim

2094 2275 2264 2326 insulae
2281 2274 2537 2325 Trmacrioe
2567 2273 2858 2338 medullam,
2875 2275 3193 2339 probatorum
3213 2273 3431 2324 virorum
3461 2272 3641 2324 urbem.

2095 2376 2225 2412 nuuc
2241 2376 2354 2414 sane
2374 2361 2576 2413 domum
2591 2364 2760 2414 tenens
2774 2363 2867 2414 viri
2877 2399 2894 2426 ,
2907 2364 2994 2427 qui
3014 2363 3170 2413 multa
3183 2361 3320 2412 novit
3334 2361 3564 2411 salubria

2097 2450 2306 2500 remedia
2323 2450 2638 2502 arcmdorum
2655 2450 2718 2501 ab
2733 2450 3006 2501 hominibus
3021 2449 3232 2501 tristium
3249 2448 3533 2499 morborum
3543 2484 3562 2510 ,

2097 2537 2330 2588 habitabis
2351 2539 2570 2589 Miletum
2595 2538 2854 2589 amabilem
2881 2549 2995 2588 cum
3015 2536 3241 2601 ionibus,

2099 2627 2154 2675 ut
2177 2626 2344 2689 pulcra
2361 2627 2467 2676 colo
2485 2625 2754 2690 Theogenis
2771 2628 2900 2676 inter
2917 2625 3173 2690 populares
3186 2624 3425 2688 νεικείω,

2098 2715 2148 2763 et
2159 2713 2224 2762 illi
2239 2714 2517 2764 memoriam
2529 2713 2726 2788 hospitis
2743 2713 3012 2763 carminum
3021 2712 3227 2784 amantis
3235 2725 3336 2762 sem
3433 2723 3647 2762 moves.

2100 2775 2192 2824 hoc
2215 2777 2343 2825 enim
2361 2777 2484 2826 alter
2503 2775 2642 2825 alteri
2658 2775 2787 2826 dicet
2802 2775 3008 2825 verbum
3023 2777 3078 2824 te
3093 2786 3195 2824 visa
3215 2793 3228 2823 ε
3487 2785 3651 2834 magna

2098 2836 2265 2900 gmtin
2279 2837 2450 2902 exiguo
2463 2837 2590 2888 dono
2602 2837 2738 2888 adeat
2746 2853 2762 2899 ς
2777 2836 2941 2886 omnia
2957 2835 3086 2886 enim
3101 2837 3226 2885 sunt
3245 2787 3502 2886 ffiooe
3513 2870 3528 2896 ,
3545 2846 3652 2906 qua}

2957 2896 3375 2963 lprfflcsscuutw
3395 2896 3461 2947 ab
3483 2908 3650 2947 amico.

2729 3040 3036 3065 m*-

2637 3137 3100 3225 AMORES.
3123 3204 3130 3211 -

2563 3302 2912 3363 inYLuoN
2951 3302 3168 3359 xxlx.

2161 3441 2340 3490 Vinum
2351 3476 2366 3503 ,
2385 3452 2416 3488 o
2432 3451 2540 3489 care
2556 3451 2693 3502 puer,
2712 3438 2905 3502 dicunt,
2925 3440 2975 3491 et
2987 3438 3191 3499 veritam

2099 3530 2148 3579 et
2165 3542 2252 3579 nos
2273 3529 2430 3579 ebrios
2446 3530 2635 3591 oportet
2649 3540 2842 3579 veraces
2858 3540 2978 3578 esse.
3093 3540 3098 3547 ·

2099 3619 2150 3667 et
2165 3629 2250 3679 ego
2266 3616 2424 3666 dicam
2435 3653 2450 3679 ‚
2470 3629 2580 3680 quae
2594 3616 2645 3665 in
2662 3615 2867 3678 pectoris
2883 3627 3072 3665 recessu
3090 3612 3335 3665 recondita
3350 3616 3490 3664 sunt.

2099 3718 2196 3755 non
2221 3705 2326 3754 toto
2342 3717 2421 3755 me
2441 3703 2602 3753 animo
2622 3704 2696 3753 vis
2713 3714 2892 3754 amare.

2097 3792 2333 3854 intelligo;
2352 3790 2603 3840 dimidium
2621 3790 2751 3841 enim-
2766 3790 2880 3840 vitoe
2897 3802 3024 3841 meoe
3045 3789 3198 3840 babeo

2099 3894 2184 3943 per
2201 3881 2341 3929 tuum
2361 3878 2640 3941 adspectum
2653 3915 2667 3940 ,
2697 3862 2936 3941 reliquum
2959 3878 3113 3941 periit-

2098 3970 2147 4017 et
2164 3967 2354 4030 quando
2369 3969 2426 4018 tu
2442 3966 2677 4029 volueris,
2696 3966 3046 4016 immortalibus
3061 3965 3263 4016 similem
3279 3978 3367 4028 ago

2099 4056 2250 4105 vitam
2265 4091 2280 4118 ,
2298 4054 2492 4117 quando
2508 4068 2608 4105 non
2623 4054 2834 4105 volueris
2854 4056 2934 4115 tu,
2955 4067 3053 4116 ayo
3073 4053 3229 4103 densis
3245 4054 3295 4103 in
3311 4053 3556 4107 tenebris.

2098 4142 2341 4205 quomodo
2356 4142 2464 4191 baec
2477 4142 2605 4204 iusta
2620 4144 2784 4192 sunt?
2799 4143 3043 4191 amantem
3059 4140 3286 4191 oerunmis
3301 4140 3494 4191 tradis?

2099 4231 2205 4280 atsi
2224 4230 2340 4293 quid
2357 4229 2476 4279 mihi
2493 4212 2794 4293 obtemperes
2806 4229 2999 4292 juvenis
3013 4228 3214 4291 seniori,

2097 4318 2203 4367 tum
2216 4355 2230 4379 ,
2250 4316 2445 4380 quando
2462 4317 2552 4367 tibi
2569 4316 2658 4379 ipsi
2675 4317 2846 4367 melius
2861 4317 2954 4366 erit
2963 4352 2980 4379 ,
3003 4330 3084 4366 me
3100 4315 3388 4366 laudaveris.

2100 4405 2176 4455 sac
2191 4405 2279 4454 tibi
2300 4405 2472 4454 nidum
2497 4416 2650 4454 unum
2676 4404 2727 4453 in
2751 4417 2850 4453 una
2874 4404 3074 4466 arbore,

2098 4506 2196 4556 quo
2215 4492 2347 4543 nulla
2362 4492 2606 4555 perveniet
2622 4504 2750 4542 saeva
2766 4491 2947 4541 bellua.

2097 4594 2230 4629 nunc
2245 4582 2407 4631 autem
2425 4581 2518 4629 hoc
2533 4578 2612 4629 die
2629 4578 2778 4628 alium
2794 4581 2930 4629 tenes
2945 4590 3136 4627 ramum
3147 4613 3162 4640 ,

2098 4668 2246 4717 alium
2265 4680 2395 4729 cras,
2415 4668 2717 4729 alterumque
2731 4668 2840 4729 post
2856 4666 3062 4716 alterum
3080 4665 3272 4729 qumi-ia.

2099 4755 2232 4819 quod
2247 4756 2289 4805 si
2304 4755 2411 4820 quis
2424 4756 2558 4805 tuam
2575 4754 2792 4817 pulcram
2819 4754 2988 4803 faciem
3007 4754 3310 4817 conspectam
3333 4751 3646 4813 laudaverit,

2098 4842 2212 4892 huic
2231 4843 2394 4892 statim
2416 4842 2526 4905 plus
2551 4854 2697 4905 quam
2721 4841 2923 4891 triennia
2947 4841 3104 4891 factus
3120 4854 3174 4891 ea
3187 4839 3402 4903 amicus,

2097 4930 2310 4993 primum
2317 4942 2434 4979 vero
2446 4931 2688 4978 amantem
2705 4927 2794 4978 tibi
2812 4926 3056 4977 reddidisti
3065 4926 3275 4977 amicum
3285 4925 3450 4979 trium
3460 4928 3671 4978 dierum.

2099 5018 2314 5067 virorum
2331 5015 2646 5080 superborum
2663 5015 2860 5079 aliquis
2877 5018 2936 5064 tu
2953 5014 3132 5064 videris
3153 5027 3263 5065 cum
3287 5026 3485 5077 magno
3503 5016 3676 5081 spiritu

2101 5108 2151 5155 at
2171 5118 2298 5168 ama,
2314 5103 2473 5167 quoad
2489 5104 2640 5166 vives,
2651 5102 2947 5154 consimilem
2965 5116 3152 5166 semper
3168 5102 3361 5153 babere.
3465 5104 3672 5170 [vivere.
