3767 5825
474 426 563 469 ιχ
1866 404 2296 467 PRAEFATIO.

472 544 525 599 ἐν
569 540 730 619 γήραι
752 552 1080 619 exspectes,
1110 550 1171 597 et
1208 538 1298 609 11,
1333 539 1444 607 403
1476 540 1526 603 ἐς
1562 534 1803 607 νεότητα,
1836 536 1942 613 ubi
1985 538 2038 593 ἐν

470 627 694 697 νεότητι,
744 628 1031 685 Praeterea
1073 626 1233 701 ἀμφίς
1280 627 1507 684 rariore
1554 624 1741 683 forma
1782 644 1922 682 usus
1955 638 2042 682 est

470 716 571 787 Vl,
607 716 747 788 658,
774 718 917 787 683,
966 714 1209 773 fortasse
1238 714 1345 781 111,
1389 716 1533 785 188;
1558 726 1617 771 et
1642 712 1763 791 πρίν
1789 722 1918 771 cum
1945 732 2040 787 ge-

475 803 663 861 nitivo
680 802 879 881 junxit
901 801 982 874 11,
1015 804 1151 860 286.
1191 800 1621 859 Adverbialiter
1652 799 1779 877 πρὸς
1799 800 1842 857 δ’
1877 799 1954 856 ἔτι
1981 811 2040 857 et

473 891 601 970 πρὸς
636 888 692 947 δὲ
732 890 823 949 καί
846 892 1073 968 posuit,
1110 890 1361 967 simplex
1387 888 1515 967 πρὸς
1551 887 1605 945 δέ
1633 891 1805 947 etiam
1842 901 2046 946 auctor

474 978 614 1037 libri
642 986 846 1054 quarti,
878 978 1033 1035 unde
1057 977 1115 1034 ll
1135 1021 1152 1049 ,
1189 985 1301 1051 294
1340 976 1493 1034 idem
1524 976 1829 1034 restituere
1868 994 2044 1033 ausus

474 1088 624 1125 sum.
660 1068 927 1143 Denique
968 1066 1060 1123 σύν
1085 1090 1143 1125 τε
1171 1064 1271 1136 vl,
1300 1067 1413 1132 466
1432 1108 1450 1136 ,
1478 1065 1590 1121 563
1638 1065 1857 1142 posuit,
1884 1064 2044 1141 quod

480 1174 667 1231 nuper
694 1155 869 1213 etiam
896 1154 1115 1222 Quinto
1140 1152 1501 1211 vindicatum
1534 1165 1621 1209 est
1642 1164 1701 1210 et
1736 1152 1950 1227 legitur
1977 1152 2042 1209 in

474 1244 941 1303 Manethonianis
972 1262 1207 1320 quoque
1235 1242 1289 1313 l,
1339 1262 1469 1317 107,
1515 1261 1659 1313 110;
1688 1239 1760 1312 V,
1803 1241 1903 1299 63.
1941 1240 2042 1297 Bis

474 1332 733 1391 editores
750 1331 811 1410 γέ
841 1335 1205 1389 invexerant.

554 1420 913 1479 Paucissima
938 1433 1091 1493 sunt,
1128 1438 1257 1494 quae
1285 1416 1351 1477 in
1383 1417 1695 1477 verborum
1704 1415 2047 1495 jungendo-

475 1529 605 1567 rum
634 1509 860 1567 ratione
894 1506 1149 1565 notanda
1167 1506 1501 1576 videantur,
1525 1520 1589 1564 ut
1614 1512 1891 1579 genitivus
1917 1524 2048 1582 pre·

477 1600 541 1655 tii
572 1602 755 1673 μισθοῦ
781 1596 871 1669 Π,
914 1618 1058 1674 1793
1090 1596 1188 1667 vl,
1227 1605 1366 1672 490,
1403 1596 1552 1668 5853
1586 1595 1803 1654 locutio
1842 1594 2049 1669 tragici

477 1688 694 1744 coloris
734 1684 975 1751 ἀτέκνους
1002 1686 1267 1755 κηδεστῶν
1296 1683 1417 1757 ΠΙ,
1459 1699 1525 1752 41
1558 1704 1680 1762 sq.;
1708 1690 2052 1740 accusativus

476 1774 549 1831 ad
596 1774 843 1849 figuram
893 1772 1342 1848 etymologicam
1394 1770 1676 1829 accedens
1720 1768 1902 1839 λώὸην
1952 1770 2048 1825 τιν’

479 1862 738 1933 ἀεικελίην
788 1861 1031 1939 ἀκάχησε
1080 1860 1319 1937 γυναικός
1370 1860 1458 1918 ΙΙΙ
1475 1904 1492 1931 ,
1540 1863 1650 1932 60;
1685 1859 2052 1919 accusativus

478 1964 643 2029 aptus
669 1970 742 2010 ex
766 1949 943 2027 μίμνει
964 1948 1063 2018 vl,
1096 1950 1205 2021 803
1235 1948 1559 2007 insolenter
1574 1952 1831 2026 positum
1844 1946 2050 2005 adver·

480 2039 639 2097 bium
691 2039 819 2097 sine
866 2038 1187 2117 participio
1218 2037 1365 2095 ibid.
1426 2058 1531 2109 117
1570 2036 1877 2113 δμογνήτοις
1899 2038 2051 2113 γενεῇ

477 2131 525 2184 τ’
557 2126 784 2205 ἄγχιστα
814 2126 1069 2192 συνεύνοις
1095 2123 1448 2203 Ζεῦγνυνται,
1484 2125 1591 2185 ubi
1626 2124 1884 2189 συνεύνοις
1913 2143 2054 2181 cave

474 2219 688 2290 jungas
732 2234 863 2272 cum
892 2212 1355 2313 praecedentibus
1385 2216 1538 2291 γενεῇ
1573 2212 1823 2313 ἄγχιστα.
1866 2210 2054 2269 Ροιϊο

480 2311 743 2361 attractio
770 2302 1143 2380 pronominis
1165 2302 1400 2359 relativi
1428 2320 1545 2359 non
1576 2300 1755 2359 nimis
1780 2299 2053 2407 frequens

480 2389 635 2467 apud
659 2388 857 2468 epicos
884 2388 963 2460 ll,
1000 2397 1105 2460 174
1133 2378 1235 2445 οἷσί
1257 2392 1305 2445 τ’
1330 2388 1697 2467 ἐφορμήσωσιν
1728 2386 1811 2444 αἐὶ
1840 2388 2054 2467 τέκμωρ

480 2478 781 2555 ἐπάγοντες.
811 2476 889 2547 ll,
940 2478 1047 2533 183
1094 2478 1179 2532 ἐπ’
1221 2474 1479 2554 αἴσχεσιν,
1522 2467 1595 2542 οἷς
1624 2472 1914 2535 τελέουσιν.
1961 2470 2050 2549 Π,

484 2569 590 2638 3⁰7
614 2566 843 2624 κτεάνων
860 2563 1081 2635 πίστεις,
1096 2552 1170 2621 ὧν
1187 2562 1285 2642 πέρ
1302 2587 1378 2630 τις
1407 2563 1595 2623 ἔδωκεν
1618 2598 1711 2636 -,
1730 2561 2050 2642 ἠρνήσαντο.

483 2654 580 2725 vl,
618 2656 729 2712 180
752 2652 869 2723 ἣν
839 2654 881 2710 ο’
911 2648 1119 2731 Ἑρμῆς
1156 2650 1439 2731 κίντροισιν
1470 2651 1645 2727 ἐπείη,
1682 2654 1849 2709 τοῖσιν
1874 2648 2052 2717 ἔλεξα·

482 2756 539 2799 et
554 2742 896 2801 substantivi
921 2761 935 2797 ι
962 2740 1043 2812 ll,
1070 2742 1183 2807 340
1204 2731 1308 2797 οἷσί
1323 2762 1355 2797 τ
1356 2737 1661 2799 ’ἐπιθύνωσ’
1682 2737 1873 2819 ἔργοις,
1897 2737 2053 2795 πάντ’

482 2834 831 2895 ἐκτελέουσιν.
844 2832 946 2906 Vl,
979 2854 1047 2890 η
1072 2832 1164 2889 καὶ
1186 2831 1375 2912 (ἀμφὶ)
1394 2830 1589 2891 τέκνων
1610 2834 1811 2909 γενεῆς,
1830 2829 2056 2888 σινέεσσί

480 2948 539 2982 τε
561 2933 724 2983 τοῖσιν
753 2921 1321 3000 ἕκαστος-μεμόρηται.
1358 2922 1629 2999 Denique
1636 2923 1923 2998 prolepsis
1943 2918 2019 2977 Vl
2036 2963 2052 2992 ‚

486 3035 597 3090 297
620 3011 899 3091 κέρσαντες
921 3009 1023 3090 γὰρ
1053 3011 1263 3088 ἀχρεῖον
1287 3013 1375 3070 ἑοῦ
1404 3009 1509 3068 ἀπὸ
1532 3009 1777 3084 σώματος
1811 3009 1971 3080 αἰδῶ,
2000 3021 2058 3066 et

486 3122 721 3176 zeugma
757 3099 840 3168 ll,
874 3101 981 3172 371
1022 3099 1196 3178 φιλίην
1236 3097 1481 3176 μεγάλων
1507 3097 1599 3156 καὶ
1628 3096 1817 3177 κέρδεα
1843 3105 2050 3173 νωμᾶν.

563 3194 815 3246 Transeo
838 3187 908 3244 ad
930 3190 1321 3246 membrorum
1346 3187 1632 3245 orationis
1652 3187 1928 3264 syntaxin
1942 3229 1960 3258 ‚
1985 3205 2058 3244 ex

484 3295 601 3353 qua
632 3295 813 3334 unum
842 3276 1033 3332 locum
1062 3275 1264 3352 paucis
1282 3277 1565 3350 attingere
1591 3273 1760 3348 libet,
1785 3276 1890 3352 qui
1919 3275 2057 3350 qui-

485 3366 615 3424 dem
664 3377 751 3424 est
778 3364 849 3420 de
878 3365 1071 3421 modis
1108 3377 1239 3440 post
1264 3365 1582 3440 particulas
1624 3362 1975 3442 temporales
2001 3375 2060 3421 et

488 3451 911 3509 conditionales
961 3452 1189 3526 positis.
1250 3453 1366 3510 Has
1414 3453 1571 3510 enim
1612 3450 2058 3528 conjunctiones

488 3559 596 3615 pro
640 3537 965 3613 argumenti
1004 3536 1205 3595 indole
1230 3539 1560 3597 necessario
1596 3541 1755 3616 apud
1782 3538 2054 3596 Nostrum

488 3645 729 3701 regnare
750 3625 873 3702 jam
904 3625 1189 3684 monitum
1216 3637 1321 3684 est.
1358 3625 1645 3683 Finalium
1675 3625 2056 3702 conjunctio-

488 3733 625 3771 num
655 3717 743 3782 ὡς,
771 3710 931 3784 ὅπως,
968 3709 1077 3780 ἵνα,
1112 3711 1187 3787 μή
1215 3730 1519 3789 nunquam
1550 3725 1895 3783 occurrunt,
1924 3713 2057 3792 ὄφρα

488 3802 661 3859 semel
700 3821 834 3859 cum
861 3800 1242 3878 conjunctivo
1268 3799 1371 3878 Vl,
1404 3810 1541 3873 742.
1574 3801 2057 3860 Consecutionem

490 3890 707 3948 indicat
730 3893 798 3955 ὡς
824 3889 970 3966 (καί)
993 3909 1125 3946 cum
1147 3890 1445 3947 infinitivo
1468 3890 1725 3967 simplici
1751 3889 1831 3962 ll,
1858 3911 1888 3962 7
1909 3912 1926 3961 ;
1957 3890 2055 3962 vl,

490 3978 642 4049 6253
668 3981 736 4044 ὡς
764 3989 894 4036 cum
926 3977 1225 4037 infinitivo
1257 3990 1318 4036 et
1344 3983 1668 4036 accusativo
1701 3978 1781 4052 ΙΙ,
1808 3978 1921 4055 ²95
1949 3985 1970 4050 (
1992 3981 2060 4046 ὣς

486 4065 577 4123 καὶ
602 4065 714 4143 δ’),
744 4069 855 4133 416
887 4066 904 4146 (
931 4067 1185 4145 οὖχὼς);
1211 4065 1349 4123 ὥστε
1386 4086 1519 4123 cum
1548 4066 1846 4123 infinitivo
1876 4065 1964 4138 ll,
1997 4067 2050 4128 5.

488 4151 647 4212 Ἐπεί
664 4155 895 4212 causale
922 4155 1137 4228 legitur
1162 4153 1239 4225 ll,
1263 4155 1401 4224 348,
1430 4155 1533 4210 501
1560 4177 1578 4226 3
1604 4153 1715 4224 Ill,
1744 4175 1883 4223 212,
1921 4155 2055 4224 361,

490 4239 630 4316 399,
686 4243 814 4313 137.
862 4275 938 4286 --
976 4242 1063 4300 De
1088 4241 1152 4312 ἤν
1191 4261 1323 4300 cum
1370 4242 1631 4320 optativo
1662 4256 1721 4299 et
1746 4241 1820 4299 de
1855 4243 1900 4299 εἰ
1929 4263 2058 4298 cum

490 4328 865 4404 conjunctivo
884 4327 1041 4407 apud
1068 4328 1496 4403 Manethonem,
1520 4330 1577 4388 h.
1609 4350 1659 4390 e.
1702 4331 1765 4386 in
1788 4329 2061 4388 omnibus

490 4435 593 4473 sex
622 4415 821 4488 libris,
848 4417 987 4475 satis
1012 4417 1228 4488 multa,
1264 4438 1370 4476 nec
1398 4432 1588 4476 tamen
1618 4419 1912 4476 fructuosa
1933 4439 2059 4477 mo·

490 4516 747 4562 nuerunt
764 4503 1018 4564 editores
1050 4507 1377 4583 nuperrimi
1406 4527 1467 4584 p.
1494 4526 1860 4577 xxvxi-mx,
1890 4526 2060 4582 regu-

493 4592 605 4648 lam
630 4591 921 4669 quandam
944 4607 1372 4670 proponentes,
1400 4595 1475 4652 ad
1508 4614 1681 4672 quam
1708 4614 1779 4652 ea
1801 4594 2060 4652 insolen-

492 4681 609 4738 tior
624 4682 887 4739 struendi
910 4683 1059 4739 ratio
1080 4682 1333 4741 admissa
1348 4683 1541 4754 fuerit,
1562 4704 1677 4758 qua
1692 4687 1894 4758 regula
1911 4682 2058 4740 nihil

494 4780 581 4824 est
602 4768 827 4826 vanius.
842 4767 984 4826 Eam
1006 4787 1153 4827 vero
1168 4770 1489 4828 doctrinam
1510 4769 1813 4828 absolvere
1832 4789 1952 4828 non
1978 4783 2063 4827 est

494 4855 669 4932 hujus
693 4857 843 4930 loci3
880 4857 1078 4933 itaque
1106 4859 1408 4915 nonnullis
1440 4859 1505 4915 in
1542 4858 1880 4916 universum
1909 4877 2060 4935 prae-

498 4945 733 5000 monitis
756 4963 879 5001 rem
906 4945 969 5002 in
1000 4959 1199 5002 nostro
1230 4959 1399 5021 poeta
1421 4947 1495 5003 ad
1525 4947 1813 5023 liquidum
1842 4949 2057 5023 per-du

497 5051 625 5086 cere
662 5031 935 5089 conabor.
978 5033 1233 5092 Omnino
1294 5035 1389 5092 hic
1433 5035 1505 5092 de
1558 5035 1865 5093 modorum
1907 5037 2062 5112 apud

498 5117 709 5194 Epicos
732 5120 965 5178 Graecos
992 5141 1103 5177 usu
1124 5136 1181 5178 et
1210 5126 1430 5180 ratione
1450 5124 1610 5180 locus
1638 5123 2064 5182 tenebrosissi-

2131 538 2480 615 peculiarem
2501 555 2736 615 operam
2758 536 2820 592 in
2843 555 2914 593 eo
2937 534 3282 593 illustrando
3297 534 3521 611 posuit,
3541 534 3684 609 qnod

2131 644 2270 683 sane
2287 626 2412 683 fieri
2431 645 2550 682 non
2571 636 2762 699 potest
2781 624 2896 681 nisi
2913 623 3190 681 omnibus
3212 622 3278 679 in
3297 641 3534 699 quoque
3551 624 3684 679 scri—

2133 726 2298 789 ptore
2328 712 2504 789 hujus
2531 712 2760 787 generis
2809 712 2950 769 locis
2987 712 3216 769 collatis
3249 723 3311 767 et
3333 711 3684 769 examinatis

2133 800 2336 879 ltaque
2350 821 2458 877 ego
2479 800 2714 877 quidem
2729 800 2851 877 jam
2873 820 2980 875 per
2999 800 3224 874 aliquot
3241 818 3430 857 annos
3443 798 3686 855 vastissi-

2133 907 2292 946 mum
2316 888 2391 947 ab
2419 889 2666 946 Homero
2684 908 2870 965 usque
2885 888 2958 946 ad
2976 891 3248 945 Nonnum
3269 886 3518 963 ejusque
3535 898 3690 945 secta-
3740 946 3741 955 γ

2135 989 2283 1034 tores
2304 996 2774 1055 comparaveram
2797 988 3136 1053 apparatum
3158 996 3177 1046 ;
3197 975 3516 1053 plerosque
3535 974 3688 1031 etiam

2135 1064 2271 1122 inde
2294 1064 2369 1123 ab
2393 1064 2712 1143 Apollonio
2737 1063 2860 1141 jam
2898 1082 2970 1121 eo
2997 1063 3236 1121 nomine
3267 1061 3540 1137 singulos
3565 1082 3690 1135 per-

2137 1164 2549 1223 tractaveram‚
2581 1172 2764 1229 quum
2791 1170 2846 1213 a.
2880 1153 3029 1217 1846
3052 1151 3500 1209 adconventum
3531 1150 3694 1225 philo-

2137 1240 2404 1316 logorum
2431 1240 2740 1299 Jenensem
2793 1240 3200 1318 proficiscens,
3239 1240 3443 1315 inepte
3495 1237 3637 1295 illud
3677 1260 3688 1291 :

2135 1336 2326 1387 onmia
2351 1350 2478 1386 mea
2513 1350 2724 1385 mecum
2758 1328 3018 1386 imitatus
3058 1346 3262 1387 omnoe
3299 1326 3608 1384 schedulas
3637 1326 3692 1381 ad

2137 1436 2263 1477 eam
2281 1437 2404 1475 rem
2425 1419 2784 1495 pertinentes
2805 1436 3030 1475 mecum
3051 1415 3228 1475 traxi.
3247 1415 3364 1473 Sed
3393 1414 3546 1491 quid
3565 1416 3692 1471 acci-

2137 1506 2260 1565 dit?
2279 1506 2606 1565 Revertenti
2629 1506 2776 1565 milii
2795 1524 2900 1584 per
2919 1507 3074 1563 viam
3098 1504 3305 1563 ferreis
3317 1490 3694 1563 laminisstra-

2141 1608 2254 1653 tam
2281 1597 2434 1655 inter
2455 1595 2818 1673 Albipetram
2841 1608 2900 1653 et
2927 1594 3098 1653 Halas
3117 1595 3286 1662 cista„
3311 1594 3412 1653 cui
3437 1613 3576 1651 cum
3589 1594 3695 1649 aliis

2141 1683 2316 1743 rebus
2347 1684 2464 1742 illae
2508 1702 2744 1762 quoque
2777 1682 2992 1741 tabula
3023 1683 3263 1741 inclusae
3301 1696 3512 1753 erant,
3539 1702 3576 1739 a
3599 1682 3698 1738 fure

2141 1771 2368 1831 sublata
2379 1785 2488 1843 est,
2507 1790 2698 1850 neque
2711 1773 2846 1830 data
2857 1790 3038 1848 opera
3049 1770 3388 1849 recuperari
3407 1772 3620 1847 potuit.
3635 1769 3700 1825 lta

2141 1861 2260 1919 inae
2297 1861 2534 1938 quidem
2567 1860 2822 1932 schedae,
2861 1878 3110 1937 quarum
3141 1859 3438 1917 literatum
3469 1859 3700 1936 pretium

2142 1949 2316 2007 homo
2331 1950 2508 2008 trium
2527 1949 2827 2007 literarum
2842 1949 2948 2007 vix
2961 1948 3346 2018 divinaverit,
3361 1944 3493 2023 jam
3505 1946 3701 2004 dudum

2143 2058 2260 2095 non
2279 2036 2482 2095 dubito
2501 2039 2648 2115 quin
2669 2038 2732 2095 in
2755 2037 2978 2095 fumum
3001 2037 3280 2094 fimumve
3300 2034 3598 2107 abierint3
3617 2054 3704 2109 ego

2145 2122 2286 2184 v'ero
2315 2146 2494 2203 quum
2515 2138 2632 2183 tam
2653 2124 2949 2183 taediosum
2977 2122 3240 2181 laborem
3263 2124 3528 2198 negotiis
3549 2124 3704 2179 variis
3740 2186 3741 2193 γ

2141 2226 2202 2271 et
2249 2215 2498 2273 diversis
2541 2214 2829 2273 distentus
2871 2214 2946 2273 de
2987 2213 3218 2287 integro
3269 2211 3583 2291 revolvere
3621 2232 3706 2268 nec

2143 2302 2432 2361 voluerim
2465 2322 2572 2361 nec
2593 2302 2886 2382 potuerim
2901 2345 2920 2373 ,
2945 2303 3174 2361 veniam
3203 2313 3340 2378 peto
3375 2300 3704 2375 legentium,

2144 2391 2303 2467 quod
2345 2389 2444 2449 hic
2473 2390 2709 2468 quidem
2731 2387 3121 2468 ‘paucissimis
3167 2402 3398 2447 tantum
3441 2388 3706 2463 defungor

2144 2479 2336 2556 iisque
2361 2478 2678 2538 levissimis
2695 2476 3224 2537 observationibus.
3247 2476 3514 2537 Omnino
3537 2490 3706 2535 autem

2145 2566 2311 2645 Epici
2331 2566 2456 2644 jam
2481 2567 2620 2625 inde
2645 2567 2722 2625 ab
2759 2565 3176 2626 Alexandrinis
3205 2578 3436 2623 tantum
3475 2563 3632 2623 abest
3657 2577 3710 2620 ut

2147 2655 2222 2711 iis
2264 2652 2482 2711 finibus
2527 2672 2590 2711 se
2635 2653 3038 2711 continuerint
3051 2695 3068 2724 ,
3121 2652 3228 2729 qui
3265 2672 3342 2711 ex
3391 2665 3708 2710 nostrorum

2145 2742 2655 2817 grammaticorum
2701 2741 2970 2800 docta-ina
3012 2760 3048 2799 a
3079 2741 3291 2799 ceteris
3331 2738 3712 2819 scriptoribus

2145 2829 2437 2889 observati
2467 2842 2604 2888 sunt
2621 2872 2640 2903 ,
2683 2843 2750 2887 ut
2777 2830 3025 2889 liberius
3066 2830 3132 2888 in
3153 2829 3268 2888 hoc
3293 2848 3509 2907 campo
3535 2830 3710 2904 vagati

2147 2921 2266 2976 fere
2309 2919 2526 2994 singuli
2571 2919 2669 2978 vel
2708 2919 2810 2978 hic
2846 2919 2940 2977 vel
2979 2919 3104 2977 illic
3129 2919 3390 2996 aliquam
3431 2920 3497 2976 in
3541 2919 3710 2976 modis

2145 3007 2435 3084 ponendis
2474 3008 2889 3086 proprietatem
2931 3007 3050 3066 sibi
3092 3008 3525 3078 adsumserint‚
3553 3027 3708 3085 quam

2147 3108 2337 3154 tamen
2363 3115 2485 3155 non
2528 3109 2646 3153 tam
2683 3096 2958 3154 tenebant
2984 3095 3118 3154 data
3155 3115 3367 3174 opera,
3401 3095 3508 3153 sed
3532 3097 3712 3171 potius

2145 3183 2538 3262 sequebantur
2563 3185 2756 3243 inscii.
2786 3182 2872 3242 lta
2895 3197 3056 3244 tanta
3071 3205 3258 3262 usque
3279 3187 3358 3242 ad
3373 3186 3576 3244 Nonni
3595 3197 3712 3240 tem-

2147 3292 2292 3350 pora
2318 3274 2570 3332 varietas
2599 3285 2660 3332 et
2684 3291 2828 3331 vero
2863 3272 3124 3332 turbatio
3147 3273 3374 3332 exstitit
3397 3317 3418 3347 ,
3453 3285 3522 3330 ut
3549 3291 3706 3349 quum

2147 3379 2438 3438 quemque
2467 3374 2696 3439 poetam
2716 3359 2965 3439 ejusque
2981 3381 3202 3419 morem
3223 3360 3524 3438 speculari
3548 3373 3606 3418 et
3628 3377 3710 3416 ex·

2147 3461 2343 3508 cutere
2355 3449 2590 3523 debeas,
2608 3449 2958 3528 perdifficile
2971 3450 3073 3522 sit,
3089 3449 3162 3507 ad
3177 3468 3384 3528 parem
3403 3449 3712 3507 similemve

2147 3555 2414 3594 normam
2443 3556 2646 3596 omnes
2665 3555 2972 3596 revocare.
3005 3537 3268 3596 Tandem
3301 3541 3542 3596 Nomas
3553 3539 3712 3594 etiam

2147 3621 2255 3682 bac
2273 3625 2336 3682 in
2360 3645 2424 3683 re
2447 3625 2690 3702 signifer
2710 3638 2769 3683 et
2791 3625 2914 3684 dux
2935 3626 3077 3684 novi
3105 3628 3288 3703 epicae
3311 3645 3561 3704 poeseos
3587 3625 3712 3682 arti·

2147 3713 2266 3770 ficii
2289 3715 2544 3786 exstitit,
2569 3726 2636 3772 ut
2663 3732 2808 3790 quas
2839 3714 2944 3772 ille
2965 3713 3084 3772 sibi
3111 3715 3176 3772 in
3201 3714 3582 3791 Dionysiads
3609 3715 3710 3770 im-

2149 3802 2410 3879 posuerit
2463 3801 2617 3877 leges
2631 3843 2650 3873 ,
2707 3800 3052 3860 brevissime
3102 3815 3162 3860 et
3212 3803 3548 3860 certissime
3595 3819 3712 3877 per·

2147 3888 2406 3948 scribere
2431 3889 2624 3968 possis
2641 3931 2658 3963 ‚
2689 3907 2872 3967 quum
2891 3893 2954 3948 in
2981 3888 3340 3968 paraphrasi
3372 3909 3483 3969 per
3519 3888 3716 3948 scriba-

2149 3997 2280 4036 rum
2307 3979 2697 4054 ignorantiam
2727 3979 2868 4036 satis
2904 3978 3089 4036 multa
3129 3977 3366 4037 turbata
3391 3979 3535 4037 sint.
3561 3973 3712 4053 Apud

2149 4079 2348 4143 poetas
2396 4085 2540 4124 vero
2581 4065 2852 4124 Nonnum
2899 4085 3256 4144 praegressos
3305 4067 3556 4124 omnino
3595 4081 3710 4120 oon·

2142 4153 2168 4230 j
2175 4155 2448 4212 unctivus
2469 4153 2768 4214 dominari
2790 4153 3048 4227 videtur,
3075 4165 3142 4211 ut
3154 4156 3276 4212 fere
3294 4153 3518 4230 ubique
3532 4149 3710 4228 praefie-
3740 4213 3741 4218 η

2151 4255 2338 4315 ratur,
2367 4241 2471 4301 ubi
2500 4261 2622 4301 non
2649 4255 2750 4302 aut
2785 4243 2959 4301 metri
2992 4255 3096 4301 aut
3114 4243 3228 4300 alia
3251 4243 3506 4319 quadam
3537 4255 3710 4296 neees-

2149 4331 2317 4390 sitate
2357 4332 2654 4408 optativus
2687 4331 3042 4409 postulatur.
3081 4330 3304 4388 Contra
3339 4327 3590 4406 optativi
3633 4343 3712 4380 eas

2151 4419 2365 4477 formas
2383 4453 2465 4466 --
2487 4419 2738 4477 maxime
2765 4419 3065 4521 longiores
3091 4417 3224 4476 illas
3261 4419 3328 4476 in
3355 4437 3486 4484 ειας,
3519 4435 3606 4480 tis,
3629 4434 3712 4468 ειετ

2151 4509 2526 4566 terminantes
2549 4519 2609 4565 et
2633 4505 2744 4579 εἴην
2769 4508 3027 4585 respicio
3047 4540 3122 4550 —
3145 4525 3282 4584 quae
3301 4517 3492 4564 meu-o
3519 4521 3714 4560 accom-

2151 4597 2395 4655 modatae
2413 4595 2546 4674 conj
2553 4596 2810 4654 unctivis
2829 4616 2949 4654 non
2971 4608 3241 4675 poterant
3263 4594 3522 4664 mutari,
3555 4591 3708 4648 etiam

2151 4683 2237 4742 ibi
2254 4703 2478 4760 ponere
2492 4703 2611 4742 non
2613 4672 3072 4760 dubitaverunt,
3085 4681 3190 4741 ubi
3204 4679 3540 4757 exlegibus
3553 4677 3714 4750 vulgo

2152 4793 2286 4849 quae
2310 4773 2598 4846 feruntur,
2646 4773 3058 4850 conjunctivus
3098 4769 3428 4829 desiderari
3477 4768 3712 4826 videtur.
3740 4799 3741 4804 κ

2152 4860 2354 4962 ltaque
2386 4861 2540 4939 apud
2565 4860 2848 4937 quosdam
2865 4903 2883 4932 ,
2919 4861 2969 4918 si
2995 4877 3195 4918 crassa
3219 4857 3498 4916 Minerva
3517 4854 3714 4920 utaris,

2153 4951 2342 5027 possis
2365 4969 2572 5008 eorum
2598 4949 3084 5008 consuetudinem
3112 4946 3206 5006 his
3233 4945 3444 5004 verbis
3472 4963 3720 5023 compre·

2153 5037 2429 5110 bendere,
2449 5038 2890 5114 conjunctivum
2904 5040 3024 5096 fere
3039 5040 3184 5114 poni
3197 5037 3418 5106 solere,
3443 5033 3552 5093 ubi
3567 5031 3716 5090 metri

2193 5129 2340 5185 ratia
2395 5131 2561 5198 ossit‚
2588 5148 2625 5184 o
2671 5129 2912 5184 tativum
2961 5124 3063 5183 ubi
3083 5123 3314 5182 debeat.
3339 5125 3497 5182 Hinc
3525 5123 3716 5180 factum

499 5225 626 5263 mus
654 5218 741 5263 est
767 5220 825 5263 et
839 5207 1358 5282 salebrosissimus,
1375 5230 1568 5288 ‘neque
1593 5211 1732 5269 dum
1753 5214 2062 5289 quisquam
2104 5177 2112 5234 ς
2154 5147 2190 5201 g
2355 5146 2394 5206 P
2627 5147 2666 5204 P
2919 5169 2936 5198 2

2154 5227 2218 5272 ut
2247 5215 2546 5273 nonnullae
2572 5215 2822 5292 optativi
2853 5215 3054 5272 formae
3083 5231 3251 5290 paene
3279 5212 3346 5271 in
3371 5212 3716 5272 oblivionem
