3767 5825
383 404 476 465 ’34

401 540 506 588 Νοιι
528 538 568 588 si
591 538 800 589 Palladia
820 539 992 588 doctus
1016 539 1242 587 formaret
1264 538 1326 589 ab
1347 542 1448 589 arte
1461 578 1475 601 ,

403 628 646 695 Distantes
665 627 806 676 orbes
827 628 998 677 melius
1021 628 1260 691 religasset
1284 630 1348 678 ab
1370 643 1481 678 uno.

402 715 497 765 Sed
519 715 676 765 tribus
701 716 831 765 idem
855 720 990 766 ortus
1012 718 1144 767 omni
1169 721 1433 767 nascuntur
1459 718 1520 767 ab
1541 732 1648 767 aevo
1662 755 1677 778 ,

401 805 558 865 Atque
579 802 746 853 eadem
768 817 965 854 occasus
985 808 1235 856 remanent
1256 794 1523 855 certissima
1545 808 1692 868 signa.

461 894 676 948 Quartus
702 891 765 941 ab
791 895 984 942 Oceano
1011 896 1202 943 tantum
1229 894 1428 956 vestigia
1455 896 1613 943 mutat
1629 931 1643 955 ,

399 977 610 1040 obliquo
635 992 833 1030 currens
858 982 1042 1043 spatio,
1070 985 1311 1045 quantum
1337 982 1661 1046 capricornus

397 1066 618 1116 AEstil'ero
645 1066 792 1116 distat
819 1071 1035 1130 cancro,
1065 1083 1213 1132 quam
1240 1070 1369 1120 latus
1395 1071 1456 1119 ad
1485 1083 1630 1120 auras

395 1153 636 1203 AEtberias
655 1154 831 1237 surgit,
859 1158 961 1206 tam
984 1158 1131 1206 sacris
1157 1158 1388 1220 mergitur
1413 1157 1572 1208 undis.

395 1240 484 1305 [ln
503 1255 589 1291 sex
606 1228 883 1305 signiferum
901 1245 941 1294 si
961 1246 1069 1308 quis
1085 1245 1298 1297 diviserit
1314 1246 1482 1297 orbem

394 1331 622 1394 AEquales
642 1334 829 1394 partes,
848 1333 1133 1384 succumbet
1148 1334 1313 1397 regula
1330 1334 1458 1385 binis

394 1420 598 1470 lnicrior
613 1420 757 1483 signh
767 1457 783 1481 ,
801 1421 942 1483 spatii
959 1424 1248 1486 tantumque
1265 1422 1450 1474 tenebit

395 1511 502 1559 Una
513 1546 528 1570 ,
548 1508 624 1559 sui
641 1509 805 1560 lateris
820 1515 1060 1573 quantum
1077 1524 1109 1561 a
1125 1511 1319 1562 Tellure
1335 1508 1515 1562 recedit
1525 1528 1543 1573 ς

395 1599 493 1647 Nec
513 1599 679 1647 tamen
701 1598 938 1647 humanos
959 1600 1091 1648 visus
1108 1599 1230 1661 fingit
1247 1598 1448 1649 ultimus
1463 1599 1609 1648 orbis.
1625 1598 1646 1662 ]

394 1688 509 1735 nme
526 1686 605 1735 vla
627 1686 751 1736 Solis
773 1686 865 1736 erit
886 1686 959 1736 bis
982 1686 1112 1737 senis
1137 1686 1304 1737 lucida
1323 1687 1486 1751 signis.

393 1772 574 1823 Nobilis
591 1774 673 1824 hic
689 1774 827 1825 Aries
844 1774 1015 1824 aurato
1032 1774 1214 1825 vellere
1224 1812 1240 1838 ,
1263 1775 1512 1838 quondam

394 1861 487 1919 Qui
507 1862 620 1911 tulit
635 1862 688 1911 in
705 1864 890 1912 Tauros
910 1862 1143 1913 Phrixum
1157 1899 1173 1924 ,
1190 1863 1275 1926 qui
1295 1862 1504 1926 prodidit
1520 1863 1720 1923 Helleu3

393 1952 552 2005 Quem
569 1952 764 2013 propter
783 1948 1014 1999 fabricata
1032 1951 1174 2012 ratis,
1194 1962 1342 2013 quem
1360 1950 1543 2015 perfida
1560 1951 1752 2002 colchis

393 2036 559 2099 sopito
575 2036 718 2099 vigile
733 2038 917 2089 incesto
934 2037 1135 2089 donavit
1151 2038 1320 2089 amor-l.

394 2126 622 2188 Corniger
637 2126 718 2175 hlc
733 2128 921 2176 Taurus
934 2163 952 2190 ,
969 2126 1110 2189 cujus
1124 2126 1327 2191 decepta
1337 2126 1489 2192 figura

391 2216 610 2277 suropo,
630 2214 858 2266 mamis
879 2217 928 2264 et
947 2198 1220 2279 virginitate
1241 2200 1406 2268 mileu
1420 2254 1438 2281 ,

393 2304 486 2352 Per
504 2303 629 2353 freta
643 2284 1018 2367 sublimis'tergo
1031 2340 1048 2367 ,
1067 2304 1317 2356 mendacia
1331 2304 1482 2357 unit

392 2391 580 2451 Litora,
607 2394 798 2443 cretae
817 2394 983 2468 partus
998 2392 1140 2443 enixa
1157 2392 1349 2444 marito.

391 2480 517 2529 Sunt
532 2480 723 2530 Gemini
737 2516 755 2543 ,
776 2493 901 2543 qnos
921 2478 1058 2531 nulla
1073 2479 1176 2531 dies
1193 2478 1288 2531 sub
1302 2480 1504 2531 Tartara
1521 2481 1679 2543 misit,

391 2566 485 2616 Sed
503 2568 624 2617 coelo
641 2580 849 2632 nuper,
867 2567 1032 2618 nautis
1046 2568 1292 2620 letissima
1311 2567 1472 2632 dgna,

388 2654 589 2707 Ledaeos
605 2655 772 2706 statmt
783 2656 988 2719 juvmes
1006 2656 1178 2720 pater‘
1161 2668 1266 2721 ipse
1279 2655 1500 2708 deorum.

390 2745 461 2793 Te
482 2756 707 2807 quoque,
731 2742 988 2795 fecundam
1009 2746 1214 2796 meter-et
1228 2756 1382 2808 quum
1404 2745 1626 2795 cominus
1646 2745 1860 2808 Hydram

392 2831 607 2891 Alcides,
630 2845 804 2882 ausum
825 2845 992 2883 morsu
1013 2831 1291 2897 contingere
1306 2832 1489 2894 chelm,

389 2919 554 2971 Sidere
572 2920 798 2984 donavit,
823 2925 1027 2984 cancer,
1050 2923 1278 2974 Saturnia
1296 2925 1458 2984 luno,

389 3008 646 3072 Nunquam
669 3009 822 3060 oblita
842 3010 949 3073 sui,
973 3023 1224 3074 nunquam
1246 3023 1416 3062 secura
1435 3023 1672 3062 novercae.

390 3097 516 3146 Hinc
531 3098 780 3148 Nemeum
797 3097 890 3148 erit
903 3097 1046 3160 iuxta
1066 3102 1194 3160 Leo;
1215 3101 1321 3150 tum
1337 3099 1419 3163 pia
1437 3101 1616 3163 virg03

388 3183 610 3246 Scorpios
632 3184 746 3235 hinc
761 3184 912 3248 duplo
939 3199 1098 3262 quam·
1114 3189 1274 3237 cetera
1295 3187 1506 3250 possidet
1527 3188 1648 3238 orbe

387 3271 554 3322 Sidera
567 3310 583 3334 ,
603 3285 689 3335 per
706 3273 877 3323 Chelas
898 3275 1140 3334 geminato
1163 3275 1345 3326 lumine
1364 3275 1550 3338 migens
1563 3313 1578 3338 ,

390 3363 545 3418 Quem
568 3360 685 3410 mibi
703 3361 828 3412 Diva
846 3363 991 3411 canet
1007 3361 1140 3412 dicto
1162 3362 1296 3424 prius
1312 3363 1492 3415 Orione
1502 3380 1519 3425 ς

390 3448 510 3497 lnde
527 3447 803 3510 Sagittifero
822 3449 986 3499 tentus
1004 3449 1291 3500 curvabitur
1307 3463 1476 3512 arcus,

388 3535 510 3596 Qui,
531 3534 702 3586 solitus
717 3539 878 3585 himas
894 3537 1113 3586 venerari
1131 3537 1346 3614 supplice
1361 3538 1563 3600 plausu,

387 3626 626 3687 Acceptus
647 3623 770 3674 coelo
794 3605 1014 3675 Phoebeis
1034 3623 1210 3675 ardet
1194 3638 1244 3674 m
1268 3627 1454 3675 armis:

387 3711 631 3763 cochlidis
647 3713 889 3775 inventor,
909 3713 1060 3786 cujus
1067 3711 1256 3764 Titania
1275 3713 1393 3763 ilatu

390 3801 560 3852 Proella
577 3802 817 3853 commisit
831 3801 1056 3853 divorum
1073 3788 1231 3853 loetior
1247 3805 1395 3865 oetas,

387 3891 653 3940 Bellantem
671 3889 901 3942 comitata
918 3892 1119 3952 lovem,
1139 3890 1330 3955 pietatis
1349 3891 1580 3941 honorem
1594 3929 1609 3952 ,

387 3981 453 4029 ut
471 3979 627 4029 iuerat
642 3979 862 4042 geminus
878 3979 1034 4029 forma
1045 4015 1058 4037 ,
1078 3981 1148 4028 sic
1165 3979 1320 4032 sidere
1332 4017 1347 4040 ,
1369 3981 1513 4041 cepit.

390 4067 506 4132 llic,
527 4069 768 4130 Auguste,
787 4071 930 4118 tuum
949 4067 1142 4130 genitali
1163 4049 1365 4130 corpore
1382 4081 1564 4117 numen

390 4157 628 4205 Attonitas
649 4156 774 4204 inter
793 4159 958 4218 gentes
981 4156 1284 4219 patriamque
1306 4159 1561 4218 paventem

387 4246 444 4292 iu
467 4244 640 4292 coelum
671 4243 785 4293 tulit
809 4245 860 4293 et
887 4244 1118 4293 maternis
1143 4241 1352 4293 reddidit
1380 4245 1537 4294 astris.

388 4332 671 4392 Proximus,
696 4331 891 4382 infestas
915 4332 1032 4381 olim
1060 4345 1182 4395 quas
1206 4333 1395 4394 fugerat
1417 4332 1596 4396 undas,

388 4421 649 4469 Deucalion
671 4431 869 4482 parvam
891 4419 1159 4470 defundens
1183 4419 1365 4469 indicat
1385 4433 1578 4471 urnam.

386 4512 560 4558 Annua
582 4507 882 4557 concludunt
901 4509 1053 4570 Syriae
1075 4507 1175 4557 duo
1197 4507 1400 4557 numina
1424 4509 1582 4558 Pisces

389 4599 656 4660 Tempora3
683 4599 802 4645 tunc
825 4597 1004 4646 iterum
1033 4597 1290 4659 praedictus
1319 4597 1533 4647 nascitur
1554 4595 1702 4657 ordo,

387 4683 602 4748 Lanigeri
621 4685 674 4734 et
691 4683 867 4746 Tauri,
887 4685 1202 4734 Geminorum
1219 4721 1235 4747 ,
1263 4687 1432 4748 postea
1453 4685 1659 4746 cancrl;
1817 4745 1822 4751 Ι

387 4776 526 4823 Tunc
549 4775 646 4823 Leo
657 4809 673 4836 ‚
695 4775 816 4823 tunc
833 4774 1011 4835 virgo,
1031 4775 1148 4823 tunc
1168 4775 1391 4836 Scorpios
1408 4773 1785 4835 Arcitenensque

386 4864 448 4911 Et
464 4859 648 4923 gelidus
665 4861 988 4924 Capricornus
1005 4863 1054 4911 et
1071 4860 1303 4910 imbriferi
1322 4860 1422 4910 duo
1443 4861 1602 4910 Pisces
1623 4880 1637 4912 ε

387 4950 544 5011 Hujus
561 4951 797 5012 quantum
821 4949 944 4998 altas
965 4947 1264 5012 demergitur
1285 4949 1415 4999 orbis
1437 4948 1487 4998 in
1509 4948 1666 5000 und-

386 5037 566 5088 Oceani
581 5075 596 5099 ‚
619 5038 811 5087 tantum
840 5038 1080 5100 liquidnm
1103 5050 1388 5106 supoe'aera
1416 5038 1573 5101 iucet;

385 5126 627 5188 Nullaque
649 5138 747 5174 nox
767 5125 844 5176 bis
864 5129 1002 5176 terna
1023 5125 1184 5175 minus
1205 5126 1325 5175 caelo
1348 5125 1496 5175 trahit
1517 5127 1673 5188 astrea

387 5216 626 5278 Nullaque
643 5215 801 5278 major
817 5214 938 5277 erit,
955 5227 1104 5278 quam
1121 5217 1306 5277 quanto
1322 5217 1541 5276 tempore
1555 5214 1609 5265 in
1622 5225 1767 5266 auus

1865 899 1952 943 525

1862 1340 1955 1381 530

1864 1780 1953 1825 535

1859 2220 1952 2267 540

1861 2659 1953 2706 545

1864 3105 1954 3149 550

1861 3545 1954 3588 555

1861 3987 1951 4030 560

1861 4428 1951 4470 5⁶5

1861 4865 1953 4912 ⁵70

1591 406 2027 470 GERMANlcl
2070 410 2405 471 CAESARIS

2048 540 2193 591 Orbis
2212 541 2407 605 perfecti
2425 540 2605 589 divisus
2621 541 2806 591 tollitur
2824 554 2985 591 arcus.
3516 548 3595 594 ³7⁵

2106 632 2245 690 saepe
2264 629 2385 678 velis
2402 630 2643 690 quantum
2664 632 2860 691 superet
2878 642 3166 691 cognoscere
3182 629 3342 679 noctis

2046 718 2105 765 Et
2125 730 2208 777 spe
2225 720 2444 766 venturae
2462 716 2609 766 solari
2627 720 2822 779 pectora
2844 718 2983 767 lucis.

2045 806 2204 855 Prima
2220 804 2307 853 tibi
2324 807 2440 854 uota
2460 804 2584 854 Solis
2600 805 2691 854 erit
2703 842 2718 865 ,
2737 817 2835 867 quo
2854 806 3013 855 sidere
3029 808 3193 855 currat
3210 822 3226 865 ;

2044 896 2241 955 Semper
2258 892 2387 941 enim
2404 892 2541 953 siguo
2561 892 2767 941 Phoebus
2785 893 2996 942 radiabit
3010 892 3061 941 iu
3080 907 3179 942 uno
3201 907 3216 941 :

2045 982 2218 1030 cetera
2234 982 2341 1029 tum
2360 980 2563 1043 propriis
2582 979 2799 1029 ardentia
2820 980 3009 1043 suspice
3026 980 3236 1029 flammis
3248 1015 3264 1039 ,

2046 1066 2187 1126 Quod
2209 1067 2351 1118 cadat
2369 1069 2457 1117 aut
2472 1069 2639 1131 surgat
2655 1080 2909 1117 summove
2927 1068 3107 1118 teratur
3123 1068 3175 1117 in
3191 1068 3311 1116 orbe
3321 1105 3337 1129 ,

2044 1158 2334 1217 Quantoque
2353 1155 2577 1211 exsiliant
2598 1156 2777 1218 spatio,
2796 1168 2949 1219 quum
2971 1156 3150 1205 coerula
3169 1156 3401 1218 linquunt
3418 1172 3435 1216 ;

2043 1246 2259 1306 Namque
2276 1243 2381 1293 aliis
2397 1244 2569 1305 pernix
2587 1242 2764 1304 saltus,
2784 1243 2969 1306 majore
2990 1244 3252 1293 trahuntur

2043 1330 2169 1380 Mole
2188 1332 2310 1391 alia,
2332 1333 2579 1380 Oceanum
2601 1330 2741 1381 tardo
2760 1330 3024 1393 linquentia
3042 1344 3206 1393 passu.

2044 1416 2183 1472 Quod
2207 1418 2246 1467 si
2268 1418 2399 1467 nube
2420 1431 2542 1467 cava
2570 1418 2697 1470 Solis
2716 1419 2798 1469 via
2818 1420 2943 1469 forte
2962 1418 3157 1481 latebit,

2044 1490 2244 1554 oo‘culet
2260 1508 2347 1555 aut
2368 1506 2558 1567 signum
2576 1506 2905 1557 conscendens
2919 1508 3101 1557 vertice
3122 1508 3297 1557 caelum

2042 1594 2182 1641 Altus
2204 1593 2353 1642 Athos
2375 1594 2451 1643 vel
2480 1594 2675 1657 cyllene
2699 1594 2777 1643 vel
2805 1594 3039 1644 candidus
3068 1597 3293 1653 Haemus,

2042 1682 2285 1742 Garganou
2309 1684 2395 1731 aut
2419 1681 2506 1732 lde
2524 1682 2779 1745 superine
2800 1684 3007 1746 agitatus
3028 1684 3266 1745 Olympus
3281 1721 3297 1744 ,

2041 1770 2175 1817 Tunc
2201 1768 2373 1819 dextra
2393 1769 2617 1833 loevaquc
2642 1771 2787 1821 simul
2812 1771 3067 1821 redeuntia
3094 1770 3238 1832 signis

2042 1855 2209 1905 Sidera
2230 1858 2450 1919 sineris,
2476 1871 2729 1921 nunquam
2750 1862 2802 1909 te
2824 1860 3047 1921 tempora
3071 1860 3227 1909 noctis

2040 1945 2305 2005 Effugient,
2331 1959 2582 2007 nunquam
2601 1947 2797 1997 veniens
2813 1947 3069 1998 Tithonius
3090 1950 3250 1996 onus.

2058 2089 2072 2102 ·
2105 2036 2265 2090 Quum
2291 2034 2499 2096 primum
2518 2036 2759 2084 Cancrum
2776 2034 2957 2098 Tethys
2976 2034 3157 2085 emittit
3176 2034 3225 2084 in
3248 2048 3393 2083 auras
3406 2070 3423 2094 ,

2040 2121 2233 2182 Excipit
2255 2124 2475 2172 Oceanus
2496 2122 2671 2172 Minoae
2692 2126 2819 2172 serta
2840 2134 3032 2173 corouoe
3050 2161 3065 2184 ,

2041 2214 2230 2265 Occidit
2250 2217 2299 2264 et
2320 2214 2461 2265 dorso
2487 2216 2635 2265 Piscis
2658 2215 2910 2277 caudaque
2930 2213 3090 2278 priore
3123 2236 3136 2263 ς

2042 2302 2273 2364 Mergitur
2289 2304 2339 2352 ln
2356 2306 2484 2353 totos
2503 2304 2731 2353 humeros
2749 2303 3034 2366 Ophiuchus
3049 2304 3103 2361 et
3119 2301 3296 2363 Anguis

2042 2391 2224 2441 Ultima
2240 2390 2393 2442 cauda
2410 2392 2556 2440 micat
2570 2409 2584 2453 ;
2605 2396 2761 2441 tortus
2778 2390 2923 2441 habet
2939 2390 3023 2440 illa
3040 2390 3293 2439 timendos.

2044 2484 2140 2530 Nec
2158 2480 2314 2530 multo
2332 2478 2660 2543 Arctophylax
2676 2481 2791 2530 hinc
2807 2479 2948 2543 longe
2964 2478 3181 2540 subiacet
3200 2480 3331 2527 astro
3344 2514 3373 2541 ‚-

2042 2568 2247 2617 Lumine
2264 2568 2348 2631 qui
2366 2569 2522 2631 primo
2539 2581 2696 2631 quum
2715 2570 2939 2632 Scorpios
2955 2567 3132 2618 occidit
3154 2566 3297 2615 undis
3310 2602 3327 2625 ,

2042 2657 2294 2706 Occulitur
2316 2657 2547 2719 pedibus;
2572 2658 2716 2707 durat
2742 2659 2907 2707 tamen
2928 2654 3110 2706 arduus
3126 2668 3213 2704 ore
3228 2692 3243 2714 ‚

2042 2748 2169 2793 Dum
2196 2744 2399 2807 rigidum
2420 2746 2639 2806 AEgoceri
2660 2747 2851 2809 signum
2881 2744 3004 2796 steta
3028 2744 3191 2794 lucida
3211 2744 3377 2792 ten-et.

2040 2833 2235 2883 Siderea
2255 2833 2342 2883 vix
2357 2836 2465 2884 tum
2486 2836 2687 2885 satiatus
2709 2836 2819 2885 luce
2840 2836 3016 2884 Bootes

2043 2923 2094 2968 ln
2115 2925 2263 2970 terras
2281 2922 2382 2972 abit
2399 2925 2449 2972 et
2466 2923 2622 2973 noctis
2638 2923 2749 2986 plns
2764 2923 2903 2986 parte
2918 2922 3169 2985 relinquit.

2041 3012 2105 3059 At
2126 3014 2294 3060 contra
2311 3011 2447 3061 nullo
2464 3010 2683 3061 deiectus
2703 3010 2889 3061 lumine
2903 3011 3039 3060 totus

2042 3099 2191 3146 orion
2210 3098 2423 3149 humeris
2439 3099 2707 3161 splendebit
2726 3111 2997 3162 magnaque
3020 3099 3134 3148 Divi

2042 3188 2225 3250 vagina
2245 3190 2295 3238 et
2312 3189 2441 3238 claro
2463 3188 2667 3238 caelatus
2687 3186 2879 3238 balteus
2898 3188 2995 3250 igni
3016 3202 3030 3235 :

3521 1423 3603 1470 585

3518 1860 3603 1906 580

1975 3297 1978 3300 ·
2042 3279 2236 3326 Cornua
2254 3278 2302 3327 et
2320 3275 2555 3327 Eridanus
2573 3277 2757 3339 liquido
2773 3275 2897 3327 ieret
2914 3278 3122 3337 utraque
3140 3275 3280 3324 coelo.

2104 3367 2166 3415 At
2182 3379 2335 3428 quum
2352 3365 2509 3427 prima
2523 3365 2642 3428 juba
2661 3363 2861 3415 radiarit
2880 3361 3076 3414 flamma
3096 3363 3300 3423 Leonis,

2043 3452 2287 3515 Quidquid
2308 3455 2444 3515 parte
2460 3453 2608 3502 micat
2628 3453 2751 3502 caelo
2764 3489 2779 3512 ,
2800 3451 2897 3503 hoc
2914 3455 3143 3501 nascente
3156 3489 3170 3511 ‚
3192 3451 3285 3500 sub
3304 3449 3461 3498 undas

2044 3545 2202 3591 Omne
2219 3541 2320 3590 abit
2336 3543 2487 3603 atque
2503 3540 2591 3590 ieri
2610 3541 2847 3590 venientis
2865 3539 3051 3601 defugit
3068 3553 3170 3590 ora.

2040 3631 2160 3678 Tota
2177 3630 2311 3677 Jovis
2328 3641 2485 3678 mersa
2502 3630 2575 3678 est
2592 3627 2761 3691 pennis
2778 3627 3081 3678 stellantibus
3104 3625 3239 3686 Ales;

2040 3716 2231 3777 Quique
2253 3729 2377 3778 genu
2402 3717 2560 3779 posito
2581 3717 2797 3766 defessus
2818 3697 3045 3765 conditur
3066 3713 3239 3774 undiS,

2044 3815 2066 3836 *
2088 3809 2285 3855 Summa
2302 3817 2427 3866 genu
2442 3803 2676 3854 subversa
2694 3805 2831 3854 tenet
2847 3841 2861 3866 ,
2884 3815 2979 3867 qua
2998 3817 3050 3852 se
3070 3805 3195 3864 Lyra
3215 3803 3377 3850 versat
3395 3837 3408 3858 ,

2042 3898 2196 3945 crure
2218 3895 2356 3941 tenus
2383 3913 2395 3942 ε
2424 3891 2547 3942 redit
2570 3893 2619 3941 in
2644 3892 2817 3941 caelum
2840 3892 2966 3941 vasti
2990 3893 3139 3953 caput
3164 3891 3319 3951 Hydri

2043 3984 2102 4030 Et
2128 3982 2297 4043 pernix
2320 3987 2477 4044 Lepus
2497 3983 2548 4030 et
2570 3983 2790 4043 Procyon
2810 3983 2860 4030 et
2884 3981 3039 4029 Sirius
3062 3979 3163 4041 ipse

2042 4071 2304 4130 Totiusque
2328 4069 2472 4119 Canis
2490 4068 2641 4117 rabidi
2662 4069 2859 4130 vestigia
2877 4069 3050 4130 prima.

2104 4158 2301 4219 Accipe,
2324 4170 2439 4218 quse
2462 4158 2618 4208 vitent
2640 4170 2827 4206 exorsae
2850 4157 3061 4217 Virginis
3080 4169 3167 4204 ora
3192 4191 3205 4204 .

2041 4245 2303 4308 Delphinus
2322 4245 2449 4295 notis
2462 4245 2561 4307 jam
2588 4247 2697 4293 tum
2720 4244 2971 4294 deflexerit
2991 4243 3161 4302 undis,

2042 4337 2100 4383 Et
2119 4338 2247 4397 Lyra
2264 4333 2407 4383 dulce
2424 4346 2603 4383 sonans
2623 4335 2673 4383 et
2692 4333 2899 4382 flammis
2921 4332 3082 4381 cincta
3106 4332 3317 4394 Sagitla;

2040 4425 2104 4472 Et
2120 4423 2291 4472 niveus
2307 4425 2505 4484 Cycnus
2521 4422 2791 4486 properarit
2804 4423 3005 4483 tangere
3024 4420 3235 4479 fluctum

2042 4513 2259 4572 Utraque
2276 4523 2435 4572 penna
2449 4509 2619 4560 volans
2642 4509 2844 4558 caudam
2866 4509 2945 4558 vix
2966 4508 3097 4558 lucet
3114 4507 3175 4557 ad
3198 4507 3379 4568 ips-amn

2040 4598 2366 4660 Nigrescitque
2386 4597 2573 4657 Padus,
2590 4599 2739 4647 terrae
2758 4597 2842 4658 qui
2864 4599 3117 4660 proximus
3138 4609 3249 4645 amn
3258 4597 3315 4642 is.

2040 4689 2165 4735 Tum
2184 4688 2329 4748 caput
2348 4685 2611 4735 abscondet
2628 4686 2855 4747 Sonipes;
2880 4687 2987 4734 tum
3004 4687 3109 4733 tota
3132 4682 3303 4733 latebit

2040 4777 2217 4825 cervix
2230 4791 2245 4836 ;
2268 4777 2320 4823 at
2344 4777 2514 4824 contra
2535 4773 2789 4824 subilmior
2812 4773 2981 4836 Hydra
3004 4773 3184 4822 feretur

2041 4865 2238 4912 Cratera
2258 4865 2433 4924 tenus3
2457 4864 2508 4912 et
2528 4866 2727 4924 surgent
2749 4861 2981 4924 aplustria
3004 4863 3177 4924 puppis

2042 4957 2210 5012 Argoae
2228 4953 2461 5014 totusque
2482 4951 2629 5000 Canis
2640 4966 2659 5012 ς
2675 4950 2760 4999 sed
2776 4963 2931 5012 quum
2952 4949 3031 5011 pia
3049 4947 3198 5008 Virgo

2040 5041 2280 5100 Nascitur,
2305 5039 2391 5089 illa
2412 5039 2531 5088 ratis
2552 5037 2716 5090 media
2730 5038 2842 5100 plus
2858 5037 3032 5087 arbore
3056 5036 3205 5086 lucet.

2102 5131 2357 5190 surgentes
2377 5127 2525 5177 etiam
2548 5127 2725 5176 Chelas
2745 5140 2837 5176 sua
2860 5126 2993 5187 signa
3013 5121 3257 5173 notabunt
3282 5141 3299 5172 ε

2040 5216 2213 5268 Ειείιίι
2237 5219 2432 5267 Oceano
2456 5227 2589 5266 nunc
2609 5217 2715 5266 toto
2736 5214 2870 5265 crine
2890 5215 3096 5274 Bootes,

3522 3629 3609 3672 clo

3524 4067 3611 4114 ωδ

3524 4509 3613 4550 620

3528 4949 3619 4995 825
