3767 5825
158 371 467 454 (maffeus),
861 378 1116 440 PHILAE
1162 377 1445 440 VERSUS
1482 379 1587 440 DE
1626 379 2074 442 ANIMALIUM
2117 379 2668 441 PROPRIETATE.
3293 399 3357 475 ,⁴¹

292 533 333 589 χ
334 509 433 590 ειρὶ
451 507 507 567 δὲ
527 507 705 566 λαὸὼν
730 507 821 566 καὶ
844 505 1194 587 παραψαύσας
1224 506 1401 584 μόνον,
1810 518 1896 569 sed
1917 519 1960 570 si
1979 531 2126 569 manu
2145 518 2451 582 prehenderit
2465 522 2517 568 et
2533 518 2739 580 attigerit
2762 519 2934 583 modo,

184 599 274 676 (10)
298 600 369 664 εἰς
397 595 548 676 ὄγκον
574 599 737 676 ὑγρᾶς
754 596 1046 676 φλεγμονῆς
1074 594 1357 676 ἐξετράπη,

293 682 531 766 καθάπερ
556 684 685 743 οἰδεῖ
708 683 800 742 καὶ
826 682 886 740 τὸ
914 685 1179 763 σαρκῶδες
1198 684 1348 764 τέρας

180 794 285 832 1805
306 771 451 853 ῥιφὲν
480 770 616 831 κατὰ
635 777 730 851 γῆς
750 774 845 831 οὐκ
869 770 1088 850 ἐχούσης
1109 771 1333 849 ἰκμάδα.

302 859 463 933 Πλὴν
490 859 743 920 ἀπολυθὲν
773 862 845 927 εἷς
871 859 932 917 τὸ
962 863 1177 940 ῥεῖθρον,
1212 857 1441 928 αὐτάναξ
1458 906 1473 933 ,

300 939 447 1016 αὖθις
468 951 632 1027 ἀναζῇ
652 993 669 1024 ,
693 947 785 1006 καὶ
805 945 1121 1028 προέρχεται
1144 947 1321 1020 πλέον,

178 1038 275 1114 (15)
298 1040 371 1104 ὥς
394 1035 665 1118 πομφόλυξ
684 1081 700 1109 ,
727 1035 763 1107 ἢ
788 1033 991 1108 κύστις,
1012 1033 1049 1106 ἢ
1074 1040 1269 1133 σφαῖρα
1294 1034 1433 1109 ξένη.

554 1275 737 1334 ΠΕΡΙ
780 1275 1069 1335 ΙΧΘΥΟΣ
1110 1273 1358 1335 ΙΝΔΟΥ.

308 1409 464 1470 ’Euri
485 1409 613 1489 παρ’
635 1409 813 1478 Ἰνδοῖς
836 1407 930 1468 καὶ
958 1407 1157 1490 βραχὺς
1182 1407 1326 1487 ἰχθὺς
1355 1407 1517 1486 μέλας
1535 1455 1552 1486 ,

188 1519 297 1558 1700
316 1498 369 1565 ὃς
395 1497 681 1578 κρύπτεται
710 1501 809 1566 ζῶν
832 1499 902 1563 εἷς
932 1495 992 1554 τὸ
1018 1500 1117 1554 τῶν
1150 1497 1361 1576 ῥείθρων
1394 1496 1547 1576 βάθος

308 1583 406 1650 ἕως
428 1587 698 1655 τελευτῆς·
726 1585 1013 1654 τηνικαῦτα
1039 1581 1140 1663 γὰρ
1166 1581 1320 1659 μόνον

193 1699 202 1707 ·
304 1675 337 1728 δ
367 1670 543 1750 νεκρὸς
567 1669 875 1730 ἀνέπλευσεν
901 1673 971 1735 ὥς
993 1669 1161 1750 κούφη
1188 1667 1354 1734 πίτυς.

194 1763 285 1838 (00)
314 1759 385 1820 Ὃ
414 1764 533 1836 γοῦν
558 1757 644 1816 τὸν
668 1761 816 1836 ἰχθῦν
844 1761 939 1828 τῆς
966 1758 1086 1837 ῥοῆς
1114 1754 1411 1834 ἐξαρπάσας

305 1845 605 1928 παραυτίκα
631 1844 875 1916 τέθνηκε;
902 1841 953 1900 τί
976 1843 1055 1900 δεῖ
1077 1842 1398 1923 φαρμάκων,

248 2083 437 2144 ΠΕΡΙ
481 2083 1028 2143 κΡοΚοΔΕιΛοΥ
1069 2082 1224 2159 [im
1266 2084 1657 2144 TPOXIAOY

763 2171 1147 2248 oPNleoz}

191 2333 297 2372 17⁰5
318 2312 389 2373 ‘0
415 2311 739 2392 κροκόδειλος
762 2309 987 2391 νήχεται
1005 2309 1099 2389 μὲν
1132 2310 1349 2379 εὐτόνως
1368 2357 1387 2390 ,

311 2400 451 2467 ἀνεὶς
478 2398 534 2458 δὲ
560 2399 750 2479 χανδὸν
780 2401 850 2467 εἷς
878 2399 939 2458 τὸ
966 2405 1108 2476 κῦμα
1138 2399 1197 2458 τὸ
1227 2399 1427 2478 στόμα,

325 2488 555 2568 βδελλῶν
583 2485 802 2566 φορυτὸν
827 2485 881 2558 ἐξ
906 2486 1102 2546 ἐκείνου
1124 2486 1381 2562 συλλέγει.

318 2565 460 2638 Εἶτα
489 2574 673 2641 amet<
696 2577 769 2641 εἷς
796 2573 881 2634 τὸν
906 2573 1060 2653 ὄχθον
1092 2577 1151 2632 ἐκ
1178 2574 1371 2654 πόρου,

198 2667 267 2742 (s)
296 2663 481 2721 πίπτει
509 2661 647 2721 κατὰ
673 2667 769 2740 γῆς
793 2661 885 2721 καὶ
910 2660 1089 2741 βλέπει
1120 2661 1206 2720 τὸν
1241 2662 1405 2736 ἥλιον,

188 2774 297 2815 1710
312 2752 407 2811 καὶ
435 2759 766 2832 παραγυμνοῖ
788 2749 916 2830 πρὸς
933 2749 993 2807 τὸ
1018 2755 1126 2830 φῶς
1149 2749 1239 2808 καὶ
1266 2750 1358 2822 τὴν
1391 2749 1526 2820 ζέσιν

310 2839 433 2907 τοὺς
458 2843 561 2898 τῶν
582 2838 805 2917 γνάθων,
833 2837 1110 2920 κράτιστε,
1140 2839 1423 2908 κολπώδεις
1446 2839 1649 2906 τόπους.

308 2930 499 3010 Ὄρνις
523 2928 577 2989 δέ
609 2954 687 2997 τις
707 2928 945 3010 τροχίλος
974 2928 1368 3007 ὠνομασμένος,

316 3018 381 3077 τὸ
411 3018 613 3101 ῥάμφος
642 3020 801 3089 αὐτῆς
824 3019 1023 3095 εὐφυῶς
1046 3016 1385 3097 ἕπεισφέρων,

194 3110 291 3191 (10)
317 3106 412 3173 τὰς
436 3106 743 3186 αἱμοχαρεῖς
770 3104 860 3163 καὶ
882 3102 1159 3171 θλιὸούσας
1189 3104 1390 3183 ἐξάγει,

192 3218 305 3258 1715
324 3194 509 3254 τούτου
537 3194 718 3277 πράως
740 3192 948 3273 ἔχοντος
976 3194 1047 3259 εἷς
1067 3192 1129 3251 τὸ
1158 3192 1417 3273 συμφέρον
1439 3217 1452 3230 ·

320 3282 415 3343 καὶ
437 3282 532 3353 τὴν
560 3280 794 3363 κεφαλὴν
818 3280 935 3339 ἀντὶ
958 3286 1143 3357 μισθοῦ
1172 3280 1431 3359 λαμὸάνει

324 3368 490 3447 μηδὲν
513 3369 671 3427 κακὸν
692 3374 961 3427 παθοῦσαν
984 3370 1042 3425 ἐκ
1070 3372 1159 3426 τοῦ
1189 3368 1386 3448 θηρίου.

884 3532 967 3542 —-

565 3624 773 3701 [ΠΕΡΙ
816 3625 1369 3703 1ΧΝΕΥΜΟΝΟΣ.]

326 3778 656 3863 Ἰχνεύμονος
679 3780 733 3839 δὲ
746 3781 1065 3862 προσὸαλεῖν
1088 3782 1431 3861 ἧπειγμένου,

328 3876 433 3952 βοᾷ
454 3893 505 3928 τι
527 3868 769 3950 λαμπρὸν
797 3874 825 3929 ὁ
846 3870 1086 3951 τροχίλος
1108 3870 1314 3944 ἐνθάδε,

200 3981 307 4020 1720
326 3958 419 4017 καὶ
447 3958 685 4039 διανιστᾷ
701 3957 789 4017 τὸν
820 3958 1015 4038 βραδὺν
1040 3958 1167 4039 πρὸς
1188 3958 1283 4029 τὴν
1314 3957 1513 4037 μάχην,

324 4045 498 4106 παίων
526 4045 642 4105 κατ’
668 4048 829 4117 αὐτῆς
851 4052 945 4119 τῆς
970 4045 1129 4125 ῥινὸς,
1154 4044 1244 4103 καὶ
1273 4045 1554 4125 θαῤῥύνων,

209 4140 279 4215 (ε)
312 4134 408 4193 καὶ
438 4132 571 4210 μηδὲ
592 4132 775 4213 μικρὸν
804 4137 1019 4212 ἠρεμεῖν
1048 4132 1363 4213 ἐπιτρέπων.

327 4218 399 4282 Ὅ
430 4222 485 4280 δὲ
512 4220 640 4299 πρὸς
662 4219 820 4299 ὀργὴν
840 4225 910 4289 ὡς
935 4220 993 4280 τὸ
1019 4227 1124 4301 πῦρ
1148 4219 1397 4289 ἀναζέων,

326 4314 465 4391 αἱρεῖ
490 4308 579 4367 τὸν
612 4308 793 4391 ἐχθρὸν
825 4311 1079 4390 εὐχερῶς,
1103 4308 1195 4366 καὶ
1222 4307 1515 4387 συμπνίγει.

207 4420 316 4460 172⁶
334 4398 547 4459 “Ὂπλον
570 4419 631 4474 γε
660 4395 765 4475 μὴν
792 4393 995 4475 ἕτοιμον
1022 4395 1283 4476 ἰχνεύμων
1310 4395 1478 4477 φέρων

326 4486 495 4567 χωρεῖ
523 4487 638 4543 κατ’
670 4486 831 4557 αὐτῆς
856 4488 1073 4564 εὐγενῶς
1096 4490 1189 4556 τῆς
1218 4486 1433 4550 ἀσπίδος
1449 4509 1461 4520 ·

214 4574 313 4657 (ro)
344 4576 507 4655 πηλῷ
532 4572 634 4654 γὰρ
662 4576 806 4654 ὑγρῷ
832 4572 929 4645 τὴν
958 4572 1113 4653 δορὰν
1136 4572 1491 4653 καταχρίσας,

333 4662 397 4721 τὸ
421 4663 601 4741 δῆγμα
620 4662 801 4743 θαρῤεἵ
824 4661 917 4720 καὶ
944 4665 1130 4741 κρατεῖ
1152 4661 1535 4741 προσερπύσας.

410 4747 597 4829 Ὕδωρ
618 4748 675 4807 δὲ
702 4753 779 4830 τῷ
803 4749 1027 4826 στόματι
1054 4748 1307 4814 πολλάκις
1336 4748 1503 4829 φέρων

206 4860 317 4901 1730
342 4842 371 4896 ὁ
394 4834 721 4916 κροκόδειλος
743 4826 888 4903 οὗτος
906 4880 923 4909 ,
954 4835 1011 4895 ὃν
1034 4838 1220 4903 Νεῖλος
1251 4836 1455 4916 τρέφει,

338 4930 363 4986 ἐ
400 4930 491 5005 χεῖ
510 4923 705 5003 μεταξὺ
728 4924 1084 4991 λανθανόντως
1104 4928 1209 4984 τῶν
1237 4924 1453 5002 τρίὸων,

218 5016 314 5099 (ts)
345 4950 429 5081 αἱ
456 5011 519 5072 ἂν
542 5012 851 5073 ὀλισθάνωσι
875 5012 945 5071 τὰ
971 5012 1164 5085 κτήνη,
1200 5010 1375 5092 τρέχει

336 5102 431 5161 καὶ
452 5106 619 5160 ταῦτα
642 5100 839 5159 δειπνεῖ
860 5104 1151 5178 συμπατῶν
1174 5102 1248 5179 τῷ
1278 5099 1535 5181 βορὸόρῳ.

340 5188 453 5251 Καὶ
468 5188 588 5257 τοὺς
610 5186 753 5269 ὕδωρ
772 5188 993 5259 ἥκοντας
1022 5187 1226 5269 ἀρύτειν
1246 5187 1418 5267 θέρους

1814 607 1864 655 111
1884 609 2120 657 tumorem
2139 606 2350 656 humidae
2373 606 2681 670 phlegmones
2699 608 2966 669 conjicitur,

1813 693 2214 759 quemadmodum
2233 700 2388 746 tumet
2413 695 2558 745 etiam
2567 708 2822 746 carnosum
2846 697 3116 746 monstrum

1814 797 2072 832 excussum
2095 783 2144 832 in
2169 787 2342 832 terram
2360 796 2470 846 quae
2489 782 2739 832 humorem
2763 785 2950 834 nullum
2973 784 3114 836 habet
3140 798 3152 835 ε

1815 876 1864 920 at
1884 872 2140 921 remissum
2158 872 2208 921 in
2234 871 2439 933 fluenta,
2461 885 2542 920 rex
2565 908 2578 932 ,

1818 973 1985 1008 rursus
2003 959 2270 1018 reviviscit,
2294 961 2342 1008 et
2356 959 2513 1007 nando
2536 959 2828 1022 provehitur,

1820 1051 1873 1097 ut
1897 1048 2052 1110 bulla,
2079 1047 2157 1097 vel
2178 1048 2362 1108 vesica,
2386 1047 2463 1097 vel
2486 1045 2655 1109 globus
2678 1048 2924 1098 mirabilis.

2180 1289 2273 1340 96.
2319 1279 2426 1338 ΒΕ
2467 1281 2743 1342 INDICO
2789 1269 3022 1342 PISCE.

1822 1433 1910 1479 Est
1926 1429 2052 1492 apud
2072 1429 2216 1480 Indos
2241 1444 2415 1494 parvus
2437 1432 2582 1482 etiam
2601 1432 2748 1495 piscis
2767 1433 2902 1494 niger

1821 1518 1906 1579 qui
1929 1517 2096 1567 vivens
2118 1517 2428 1568 absconditur
2449 1520 2498 1569 in
2515 1519 2811 1570 fluentorum
2829 1520 2978 1571 fundo

1824 1618 1978 1666 usque
1995 1603 2056 1652 ad
2080 1606 2282 1654 mortem
2311 1619 2324 1652 :
2351 1618 2462 1654 nam
2480 1608 2596 1654 tunc
2618 1607 2924 1656 solummodo

1823 1692 2028 1742 cadaver
2050 1692 2154 1754 ejus
2171 1693 2370 1754 emergit
2387 1693 2522 1742 velut
2539 1693 2658 1743 levis
2677 1694 2835 1758 pinus,

1822 1783 1932 1830 Jam
1956 1781 2041 1844 qui
2063 1781 2190 1830 110118
2205 1781 2381 1844 piscem
2401 1794 2429 1830 e
2449 1781 2675 1831 fluctibus
2697 1783 2933 1841 extraxit,

1826 1869 1954 1918 illico
1977 1870 2178 1919 moritur
2203 1884 2216 1918 ε
2237 1869 2354 1932 quid
2372 1882 2494 1933 opus
2519 1872 2595 1919 est
2614 1869 3008 1920 medicamentis?

1830 2099 1900 2149 97
1952 2087 2094 2169 (82).
2149 2090 2252 2149 DE
2315 2091 2754 2151 CROCODILO
2811 2092 2933 2170 [ET
2989 2093 3394 2152 mommo

2504 2178 2710 2256 Avn}

1831 2322 2110 2372 Crocodilus
2129 2327 2262 2373 natat
2279 2323 2474 2386 quidem
2493 2325 2686 2388 acriter,

1832 2408 1917 2457 sed
1941 2409 2071 2457 hiare
2088 2411 2139 2457 in
2152 2409 2331 2458 undam
2349 2408 2516 2459 sinens
2534 2423 2592 2458 os
2613 2445 2630 2470 ,

1832 2496 2109 2546 hirudinum
2135 2497 2324 2546 turbam
2343 2511 2405 2548 ex
2424 2497 2504 2546 illa
2521 2497 2718 2558 colligit.

1833 2585 1950 2634 Inde
1971 2585 2140 2635 transit
2159 2585 2208 2633 in
2233 2585 2384 2648 ripam
2403 2598 2466 2634 ex
2494 2585 2720 2645 numine,
2742 2589 2791 2633 et

1836 2672 1886 2719 in
1911 2676 2035 2721 terra
2053 2673 2181 2733 Jacet
2199 2672 2465 2736 aspicitque
2482 2672 2633 2721 solem
2651 2707 2666 2732 ,

1834 2760 1883 2806 et
1903 2757 2054 2807 nudat
2078 2757 2138 2806 ad
2162 2758 2316 2806 lucem
2335 2758 2640 2820 caloremque

1838 2846 2048 2894 saucium
2067 2883 2082 2908 ,
2108 2845 2448 2895 potentissime
2465 2881 2480 2906 ‚
2497 2845 2652 2907 spatia
2679 2846 2892 2895 sinuosa.

1836 2936 1954 2987 Avis
1977 2947 2093 2984 vero
2115 2934 2336 2999 quaedam
2359 2935 2590 2985 trochilus
2610 2934 2738 2985 dicta
2753 2970 2768 2993 ‚

1838 3028 2047 3074 rostrum
2070 3036 2212 3073 suum
2234 3026 2500 3085 opportune
2517 3026 2597 3072 ori
2617 3023 2767 3071 illius
2791 3024 3020 3083 inserens,

1838 3111 2082 3175 sanguinis
2099 3111 2296 3174 cupidas
2313 3115 2361 3162 et
2379 3111 2654 3160 mordentes
2672 3112 2908 3173 extrahit,

1838 3200 2056 3250 dumille
2075 3201 2268 3262 quietus
2287 3200 2451 3249 manet
2471 3198 2534 3247 ad
2553 3212 2652 3249 rem
2677 3199 2843 3248 utilem
2871 3214 2885 3247 ε

1841 3294 1890 3337 81
1913 3292 2025 3338 avis
2045 3292 2191 3351 caput
2213 3286 2417 3351 (vitam)
2445 3302 2529 3350 pro
2549 3286 2769 3337 mercede
2787 3288 2945 3336 aufert

1842 3377 1957 3427 nihil
1982 3377 2095 3426 mali
2118 3390 2312 3439 passum
2333 3391 2392 3425 ex
2413 3376 2591 3426 bellua.

2101 3616 2202 3693 [98
2250 3614 2391 3692 (sa).
2435 3615 2538 3674 nn
2581 3614 3151 3692 chNEUMONE.]

1845 3785 2170 3831 Ic'nneumone
2191 3782 2355 3829 autem
2373 3780 2560 3841 aggredi
2575 3778 2890 3829 crocodilum
2914 3780 3225 3842 properante,

1848 3872 1962 3917 tunc
1973 3876 2172 3918 acutum
2191 3868 2451 3917 clamorem
2475 3867 2576 3917 edit
2595 3868 2828 3917 trochilus
2842 3903 2855 3927 ,

1844 3958 1895 4007 et
1917 3957 2082 4005 incitat
2101 3955 2292 4004 tardum
2313 3954 2374 4003 ad
2399 3968 2604 4019 pugnam
2619 3992 2633 4015 ,

1844 4045 2018 4093 teriens
2039 4045 2166 4109 ipsas
2189 4043 2296 4105 ejus
2321 4054 2460 4091 nares
2474 4078 2491 4105 ,
2521 4044 2570 4091 et
2588 4042 2884 4091 exsuscitans
2900 4079 2916 4102 ,

1845 4137 1896 4182 et
1907 4146 1970 4182 ne
1993 4132 2262 4195 pauxillum
2283 4130 2482 4193 quidem
2501 4131 2746 4193 quiescere
2768 4129 2944 4179 sinens.

1844 4225 1908 4271 At
1934 4220 2014 4269 1118
2034 4221 2084 4270 111
2103 4219 2222 4268 iram
2241 4219 2372 4268 velut
2390 4218 2513 4279 ignis
2537 4218 2859 4267 inflammatus
2877 4255 2890 4279 ,

1845 4308 2042 4371 corripit
2064 4308 2254 4357 hostem
2272 4306 2502 4369 expedite
2515 4342 2530 4367 ,
2553 4310 2604 4355 et
2625 4306 2846 4356 suffocat.

1846 4400 2026 4446 Verum
2047 4408 2179 4445 arma
2197 4395 2368 4445 idonea
2387 4395 2542 4444 ferens
2567 4394 2854 4444 ichneumon

1845 4484 2112 4546 aggreditur
2130 4484 2282 4547 ipsam
2299 4484 2512 4533 animose
2523 4482 2738 4546 aspidem
2764 4495 2778 4530 :

1846 4586 1959 4623 nam
1977 4572 2060 4623 ubi
2083 4572 2275 4621 madido
2296 4584 2434 4625 coeno
2449 4571 2621 4634 pellem
2645 4582 2784 4619 suam
2802 4568 3012 4629 oblevit,

1848 4676 2064 4711 morsum
2087 4660 2294 4723 spernit,
2319 4658 2507 4722 adrepit
2523 4662 2572 4709 et
2592 4658 2754 4707 vincit.

1910 4755 2095 4813 Aquam
2113 4752 2276 4799 autem
2294 4748 2346 4797 in
2368 4761 2454 4797 ore
2479 4761 2606 4809 saepe
2630 4747 2786 4797 serens

1849 4837 2119 4888 crocodilus
2143 4837 2220 4886 hic
2235 4873 2251 4899 ‚
2275 4849 2420 4900 quem
2437 4835 2576 4886 Nilus
2597 4836 2683 4884 alit

1849 4926 2052 4976 effundit
2077 4926 2202 4975 clam
2217 4925 2268 4973 in
2290 4924 2460 4975 mediis
2481 4924 2664 4973 semitis
2689 4943 2701 4974 ι

1850 5016 1902 5064 111
1923 5014 2100 5078 quibus
2113 5014 2196 5063 11111
2215 5014 2346 5077 lapsa
2367 5012 2545 5061 suerint
2557 5012 2775 5075 jumenta
2789 5047 2805 5073 ‚
2827 5010 3028 5059 accurrit

1850 5102 2022 5154 81111118
2042 5101 2262 5164 epulatur
2286 5104 2532 5165 proterens
2555 5100 2604 5149 in
2633 5100 2804 5148 lutum.

1856 5194 1920 5241 Et
1943 5191 2030 5252 iis,
2058 5191 2140 5253 qui
2161 5194 2392 5240 venerunt
2403 5201 2576 5251 aquam
2595 5188 2826 5237 haustum
2841 5190 3012 5236 aestate
3025 5220 3043 5245 ‚
