3767 5825
161 473 224 512 ,53³

157 913 219 952 ⁶³0

1105 324 1419 388 OPPIANI
1458 331 1561 391 DE
1600 332 2064 398 PISCATIONE
2103 338 2251 402 LIB.
2293 344 2401 406 lv.

256 461 409 532 χεῖμα
436 451 493 510 δὲ
512 448 913 528 πηλαμύδεσσιν
939 453 1271 530 ἀπαμὸλόνει
1300 456 1429 539 φάος
1456 459 1647 522 ὅσσων.

256 538 413 600 Ἔνθα
439 539 486 597 δ’
514 543 567 599 ἓν
596 542 907 619 εὖρωποῖσιν
936 540 1061 608 ἁλὸς
1086 542 1366 621 λαγόνεσσι
1387 555 1647 609 πεσοῦσαι

258 626 416 696 αὔτως
440 625 763 700 δηθύνουσιν,
789 627 1067 706 ἀεξόμεναι
1092 632 1147 690 δὲ
1175 631 1388 710 με’νουσι

254 715 401 796 λαρὸν
429 713 542 796 ἔαρ·
566 721 631 796 τῇ
666 715 723 774 δέ
749 739 841 800 σφι
867 717 959 777 καὶ
981 715 1220 800 ἵμερος”
1184 745 1362 781 ανεται
1394 727 1556 798 εὐνῆς·

252 804 582 884 πλησάμεναι
612 805 667 864 δὲ
693 804 869 865 τόκοιο
896 808 1224 892 παλίμποροι
1246 803 1449 880 αῧτις”
1426 836 1590 873 ιενται

252 895 483 973 πατρῷον
507 890 643 969 μετὰ
662 899 837 972 κῦμα,
863 893 1024 973 μόγον
1049 895 1094 953 δ’
1123 896 1229 955 ἀπὸ
1246 900 1472 980 γαστρὸς
1495 900 1686 962 ἔθεντο.

320 979 431 1050 Τὰς
442 981 541 1040 δ’
505 1005 624 1054 ητοι
637 981 877 1050 Μέλανος
892 982 986 1060 μὲν
1007 982 1137 1065 ὑπὲρ
1152 985 1283 1066 βαθυ
1294 989 1494 1065 λαῖτμα
1508 988 1691 1070 πόροιο

250 1070 469 1148 Θρήϊκες
496 1069 857 1150 ἀγρώσσουσιν
888 1073 1084 1144 ἀπηνέῖ
1101 1074 1355 1154 χείματος
1380 1075 1493 1159 ὥρῃ
1507 1124 1524 1157 ,

251 1157 399 1238 θνρην
425 1156 690 1239 ἀργαλέην
718 1158 809 1218 καὶ
837 1159 1097 1242 ἀτερπέα,
1124 1164 1396 1235 δηῖοτῆτος

252 1247 429 1324 θεσμὸν
452 1247 535 1328 ὑφ’
561 1245 883 1324 αἱματόεντα
909 1249 1001 1308 καὶ
1030 1249 1211 1333 ἄγριον
1246 1243 1401 1312 αἶσαν
1426 1254 1655 1336 ὀλέθρου.

170 1346 237 1386 535
252 1331 399 1395 Ἔστι
425 1359 505 1402 τις
526 1337 586 1394 οὗ
602 1334 789 1416 δολιχὴ
808 1336 923 1416 μὲν,
940 1337 1075 1420 ἀτὰρ
1104 1339 1277 1420 πάχος
1299 1340 1409 1400 ὅττι
1434 1343 1685 1423 μεγίστη,

156 1799 217 1836 54⁰

154 2238 214 2278 545

140 3564 205 3601 δώ

136 4006 198 4045 iffi

132 4446 197 4483 530

128 4884 193 4923 575

253 1428 403 1500 μῆκος
430 1421 654 1494 ὅσονπη
578 1428 785 1502 πῆχυς,
816 1425 1043 1508 στιὸαρὴ
1074 1426 1230 1495 δοκίς·
1254 1432 1308 1488 ἐν
1333 1429 1391 1488 δέ
1416 1435 1463 1490 οἱ
1485 1432 1617 1514 ἄκρῃ

251 1512 405 1584 πολλὴ
436 1512 535 1590 μὲν
560 1512 797 1591 μολίὸοιο
818 1537 971 1594 χυσις
994 1561 1009 1592 ,
1036 1519 1231 1578 πολλαί
1260 1517 1315 1577 δὲ
1345 1519 1561 1603 σιδήρου

252 1599 431 1704 αἱχμαὶ
452 1598 790 1684 τριγλώχινες
818 1603 1171 1686 ἐπασσυτεραι
1198 1606 1445 1689 πεφύασι·

250 1690 437 1766 πεῖσμα
468 1687 526 1748 δέ
550 1713 639 1768 μιν
662 1689 952 1770 περίμηκες
975 1687 1229 1753 ἐυπλοκον
1253 1695 1604 1778 ἀμφιὸέὸηκε.

250 1775 395 1856 Δουρι
424 1779 469 1835 δ’
496 1777 929 1853 ἀναπλώσαντες,
950 1780 1075 1849 ἁλὸς
1098 1781 1255 1865 πόρος
1273 1782 1395 1843 ἔνθα
1418 1783 1686 1864 βαθιστος,

249 1868 295 1932 ἐς
320 1866 527 1946 βυθὸν’
496 1867 745 1947 ηερόεντα
769 1866 1053 1980 περικρεμὲ
1054 1895 1080 1937 ς
985 1861 1295 1948 με’-ἧκαν
1258 1878 1436 2019 ενεῖρθε

247 1951 495 2032 πυθμένος
516 1954 774 2015 εἷλατίνου
798 1956 1049 2039 κρατερὸν
1078 1957 1271 2028 σθένος·
1297 1984 1330 2018 α
1352 1965 1428 2042 ψα
1454 1961 1510 2021 δὲ
1536 1965 1662 2044 ῥιπῇ

248 2042 612 2124 σπερχόμενον,
641 2043 845 2126 μολίὸῳ
871 2069 930 2104 τε
957 2047 1290 2130 καταῤῥεπὲς
1313 2048 1409 2121 ἠδὲ
1434 2050 1661 2132 σιδήρῳ,

250 2155 444 2191 σευεται
468 2135 518 2199 ἐς
546 2131 732 2200 νεάτας
761 2131 905 2214 ῥίζας
931 2134 1082 2208 ἇλος,
1115 2133 1216 2200 ἔνθ’
1240 2139 1527 2214 ἀμενηναῒς

248 2217 513 2298 πηλαμυσι
542 2219 834 2336 προῦτυψεν
860 2223 915 2280 ἐν
942 2219 1083 2282 ἰλυσι
1106 2224 1437 2298 πεπτηυίαις·

248 2307 331 2366 σὺν
359 2307 403 2368 δ’
432 2307 520 2366 ἕλε
543 2308 635 2367 σόν
664 2313 713 2368 τ’
744 2309 989 2391 ἐτόρησεν
1009 2310 1127 2371 ὅσον
1152 2311 1274 2396 κίχε
1292 2312 1461 2373 δειλὸν
1482 2313 1683 2392 ὅμιλον.

246 2401 309 2456 Οἱ
330 2395 385 2454 δὲ
408 2400 537 2464 θοῶς
566 2396 853 2475 ἀνέρυσσαν
884 2398 1211 2479 ἐληλαμένας
1234 2401 1357 2484 περὶ
1378 2405 1567 2486 χαλκῶ

246 2483 569 2562 παλλομένας
590 2483 790 2544 ἐλεεινὰ
818 2487 1080 2570 σιδηρείῃς
1110 2487 1344 2570 ὀδυνῃσι.

244 2573 343 2640 Τὰς
368 2573 426 2632 δέ
451 2597 529 2641 τις
557 2573 801 2655 εἰσορόων
828 2575 943 2634 καί
948 2600 1037 2636 κεν
1063 2579 1443 2661 θρασυκάρδιος
1468 2581 1601 2664 ἀνὴρ

246 2661 488 2772 οἰκτείραι
515 2661 678 2744 θήρης
702 2687 762 2722 τε
790 2665 1068 2746 δυσαγρέος
1095 2669 1189 2738 ἠδὲ
1222 2667 1419 2751 μόροιο·

244 2775 359 2828 της
348 2753 441 2809 μὲν
466 2748 571 2832 γὰρ
591 2750 902 2830 λαγόνεσσιν
930 2753 1156 2824 ἐλήλατο
1183 2756 1361 2839 δουρὸς
1393 2756 1578 2829 ἀκωκὴ
1594 2802 1612 2837 ,

246 2862 331 2910 της
355 2837 409 2898 δὲ
436 2838 574 2921 κάρη
604 2839 865 2923 ξυνέπειρε
892 2841 1008 2902 θοὸν
1036 2841 1209 2924 βέλος,
1234 2849 1268 2917 ἡ
1292 2846 1339 2904 δ’
1363 2843 1495 2927 ὑπὲρ
1524 2845 1681 2929 οὖρὴν

246 2927 513 3001 οὔτασται,
541 2926 701 3001 νηδυν
726 2931 773 2988 δ’
797 2928 1006 3013 ἑτέρης,
1033 2931 1200 3003 ἄλλης
1228 2933 1273 2992 δ’
1302 2932 1391 2993 ἕλε
1416 2956 1555 2993 νωτα

244 3016 416 3097 δριμυς
438 3017 591 3097 ἄρης,
623 3017 761 3090 ἄλλη
790 3017 847 3079 δὲ
877 3018 1036 3099 μέσον
1064 3025 1295 3082 κενεῶνα
1317 3022 1600 3105 πέπαρται.

232 3103 319 3170 Ὡς
341 3106 384 3163 δ’
414 3105 569 3163 ὁπότε
581 3104 913 3186 ,κρινθέντος
938 3108 1197 3167 ἐνυαλίοιο
1220 3112 1472 3183 κυδοιμοῦ
1489 3157 1506 3190 ,

242 3190 571 3272 δουριφάτους
599 3192 775 3264 κονίης
796 3218 855 3252 τε
875 3194 968 3253 καὶ
993 3194 1217 3273 αἵματος
1242 3196 1564 3267 ἐξανελόντες

241 3278 381 3350 εὐνὴν
412 3281 463 3346 ἐς
488 3280 818 3361 πυρόεσσαν
816 3280 893 3341 ἑοὶ
920 3282 1207 3345 στέλλωσιν
1236 3288 1432 3368 ἑταῖροι

242 3368 530 3449 μυρόμενοι·
555 3368 623 3427 τὰ
650 3369 706 3428 δὲ
730 3369 905 3431 πολλὰ
928 3371 1019 3433 καὶ
1048 3371 1201 3433 αἰόλα
1230 3373 1445 3452 σώμασι
1484 3380 1679 3457 νεκρῶν

238 3454 389 3515 ἕλκεα
408 3456 653 3516 παντοῖαί
683 3482 741 3517 τε
775 3459 928 3539 βολαὶ
960 3460 1309 3533 ·ιτλήθουσιν’ν
1272 3485 1448 3544 αρηος·

239 3569 303 3609 ως
328 3544 417 3603 καὶ
440 3545 720 3623 πηλαμύδε
727 3570 843 3606 σσιν
867 3548 1147 3631 ἐπιπρέπει
1167 3547 1327 3609 ἕλκεα
1355 3551 1556 3625 πάντη,

238 3632 440 3691 εἴδωλον
464 3633 740 3713 πολέμοιο,
770 3636 920 3714 φίλον
937 3660 998 3716 γε
1028 3637 1123 3717 μὲν
1153 3642 1517 3701 ἀσπαλιεῦσιν.

309 3720 555 3781 'Num
510 3742 537 3782 0
584 3714 654 3782 αὖ
678 3723 918 3807 κούφοισι
948 3725 1105 3795 λίνοις
1137 3726 1257 3789 ἕλον
1279 3726 1409 3788 ἔθνε’
1431 3732 1679 3812 ἀφαυρῶν

234 3810 569 3889 πηλαμυδων·
594 3813 698 3871 αἰει
716 3812 822 3895 γὰρ
850 3813 953 3874 ἀνὰ
970 3814 1197 3898 κνέφας,
1225 3815 1281 3891 ὅ,
1310 3841 1393 3876 ττι
1414 3842 1503 3877 κεν
1531 3818 1675 3899 ἅλμῃ

234 3899 496 3979 ἐμπίπτῃ,
502 3901 832 4011 τρομέουσι,
863 3902 1025 3985 φόὸον
1058 3906 1103 3965 δ’
1134 3908 1381 3988 ὄρφναῒον
1403 3905 1627 3987 ἔχουσιν·

234 3986 391 4068 ὄρφνη
420 3989 463 4047 δ’
492 3990 887 4071 ἀγρώσσονται,
918 3992 1234 4072 ἀτυζόμεναι
1261 3994 1401 4053 κατὰ
1428 3996 1621 4075 βένθος.

238 4075 435 4135 Δίκτυα
457 4076 556 4160 γαρ
581 4076 731 4155 μα’λα
758 4085 934 4163 κοῦφα
951 4079 1106 4140 λίνων
1127 4082 1416 4155 στήσαντες
1439 4086 1676 4167 ἐλαφρῶν

236 4186 295 4221 κο
298 4164 395 4221 κ)’
366 4188 457 4223 οσε
484 4166 735 4226 δινεύουσι
750 4168 885 4247 ,βίῃ
917 4168 1162 4239 θείνοντες
1185 4174 1421 4253 ἐρετμοῖς

220 4258 377 4312 νῶτον
404 4253 553 4332 ἇλος,
578 4261 781 4323 κοντοῖς
807 4280 866 4316 τε
892 4256 1182 4338 καταΐγδην
1209 4260 1537 4321 κτυπέουσιν·

236 4340 289 4397 αἲ
310 4340 355 4397 δ’
378 4340 481 4399 ὑπο
498 4348 851 4425 μαρμαρυγῆς
871 4344 1160 4427 ταχυήρεος
1186 4348 1269 4419 ἠδ’
1299 4348 1516 4427 ὁμάδοιο

234 4427 479 4508 φυζαλέαι
507 4430 827 4513 θρώσκουσι,
854 4434 999 4493 λίνου
1021 4436 1066 4493 δ’
1093 4437 1165 4503 εἷς
1192 4434 1387 4495 κόλπον
1411 4435 1577 4496 ἵενται

235 4516 461 4595 ἀτρέμας
486 4522 767 4593 ἐστηῶτος,
796 4521 1035 4601 ὀῖόμεναι
1059 4520 1258 4592 σκέπας
1286 4515 1446 4599 εἶναι,

229 4604 449 4681 νήπιαι,
470 4605 527 4665 αἳ
542 4606 753 4668 δούποιο
776 4608 921 4691 φόὸῳ
948 4610 1105 4691 μόρον
1133 4610 1493 4695 εἷσεπέρησαν.

228 4690 299 4751 Ἐ
302 4693 375 4749 νθ’
405 4692 565 4771 οἱμὲν
594 4695 873 4776 σχοίνοισιν
904 4698 1280 4779 ἐπισπέρχουσ’
1310 4699 1549 4782 ἑκάτερθε

230 4779 433 4838 δίκτυον
454 4780 786 4863 ἐξερυοντες
764 4784 845 4842 επ’
866 4784 1042 4865 ᾐόνας·
1066 4785 1126 4845 αἳ
1150 4788 1195 4846 δ’
1223 4788 1449 4866 ὁρόωσαι

219 4889 307 4944 0-ss
290 4868 451 4935 ίνους
470 4870 771 4949 κινυμένας,
799 4872 1067 4951 ἀνεμώλια
1100 4874 1360 4953 δείματΗ
1328 4899 1577 4956 εχουσαι,

230 4958 305 5013 εἷλ
292 4955 491 5033 όμεναι
516 4958 809 5031 πτήσσουσι
835 4962 924 5019 καὶ
950 4962 1135 5042 ἀθρόαι
1165 4963 1517 5045 ἐσπείρηνται.

232 5043 419 5101 Πολλά
438 5068 519 5103 κεν
548 5046 811 5163 ἀγραίοισι
834 5047 939 5108 τότ’
968 5048 1227 5131 ἀρήσαιτο
1252 5052 1413 5113 θεοῖσι

232 5130 553 5208 emmenum,
581 5136 710 5215 μήτ’
738 5126 826 5195 ουν
850 5160 901 5196 τι
923 5145 1091 5220 θορεῖν
1115 5137 1328 5201 ἔκτοσθε
1348 5138 1541 5216 λίνοιο,

437 5262 591 5301 (DUAE
598 5268 667 5302 [S.

1792 473 1948 524 hiems
1963 482 2129 529 autem
2146 481 2483 546 pelamydibus
2499 485 2693 538 hebetat
2715 489 2884 542 lumen
2900 495 3168 546 oculorum.

1795 560 1863 612 lbi
1889 575 2004 614 vero
2020 565 2070 615 in
2091 568 2314 629 spatiosis
2331 572 2480 622 maris
2495 575 2786 628 caritatibus
2803 579 3042 632 irruentes

1792 651 1972 700 temere
1994 657 2373 718 commorantur,
2389 667 2656 711 crescentes
2675 677 2791 715 voro
2812 674 3070 730 expectant

1790 735 1934 790 dulce
1949 753 2067 803 τοι,
2092 742 2172 794 bic
2193 758 2311 797 vero
2343 747 2468 812 ipsis
2499 750 2646 802 etiam
2666 755 2912 817 appetitus
2931 759 3174 821 perficitur
3192 777 3361 812 concu-

1764 841 1775 852 ·
1791 822 1918 876 bitus
1929 826 1965 890 ;]
1983 827 2196 892 impletae
2212 845 2328 884 vero
2345 833 2444 885 letu
2461 836 2661 888 reduces
2679 840 2852 890 iterum
2871 845 3242 906 proficiscuntur

1792 915 2044 975 paternum
2067 916 2130 968 ad
2156 932 2314 981 mare,
2339 919 2649 988 laboremque
2662 928 2842 978 ventris
2861 928 3126 994 deponunt.

1852 1006 1951 1054 Has
1981 1019 2099 1056 vero
2123 1021 2242 1060 sane
2271 1010 2406 1074 Nigri
2427 1012 2625 1077 quidem
2657 1030 2806 1080 supra
2839 1020 3132 1082 profundum
3163 1023 3363 1076 fluctum

1785 1091 1950 1156 maris]
1965 1076 2176 1146 Thraces
2197 1097 2396 1161 capiunt
2411 1098 2686 1152 inclementi
2707 1102 2879 1155 hiemis
2897 1107 3140 1171 tempore,

1786 1183 1988 1242 captura
2008 1181 2191 1234 difficili
2213 1189 2265 1236 et
2278 1184 2572 1252 iniucunda,
2592 1191 2870 1244 hostilitatis

1784 1266 1886 1331 lege
1905 1275 2103 1322 cruenta
2125 1273 2177 1323 et
2197 1272 2396 1325 immani
2419 1276 2519 1327 fato
2539 1277 2691 1328 exitii.
2771 1325 2775 1329 .

1785 1354 1869 1404 Est
1884 1357 2110 1418 quaedam
2127 1372 2224 1411 non
2241 1359 2384 1424 longa
2399 1362 2596 1425 quidem
2607 1400 2623 1425 ‚
2646 1370 2698 1415 at
2710 1367 2930 1419 crassitie
2950 1383 3099 1434 quam
3118 1373 3328 1424 maxima
3341 1411 3356 1436 ,

1781 1441 2077 1504 longitudine
2107 1447 2262 1498 tanta
2279 1450 2492 1511 quantus
2513 1450 2735 1513 cubitus,
2749 1451 2888 1504 firma
2907 1457 3064 1519 trabs;
3085 1459 3134 1508 in
3153 1459 3233 1509 illa
3247 1475 3364 1511 vero

1780 1530 1992 1595 summa]
2011 1533 2164 1584 multa
2185 1535 2380 1598 quidem
2403 1537 2590 1600 plumbi
2609 1539 2846 1606 profusio,
2869 1545 3130 1610 multaeque
3148 1547 3258 1598 ferri

1780 1616 2003 1681 cuspides
2026 1619 2256 1684 tricipites
2276 1621 2441 1674 densae
2461 1625 2722 1690 inlioerent3

1780 1704 1912 1756 funis
1933 1711 2098 1758 autem
2120 1707 2277 1774 ipsam
2294 1702 2568 1776 proelon'gus
2586 1717 2870 1778 apte-nexus
2885 1719 3170 1771 circumdat.

1780 1794 1928 1856 Ligno
1949 1801 2112 1847 autem
2133 1798 2441 1863 navigantes,
2465 1803 2614 1853 maris
2637 1805 2720 1856 via
2735 1806 2822 1857 ubi
2849 1811 2929 1858 est
2958 1810 3359 1875 profundissima,

1782 1879 1829 1930 in
1852 1881 2086 1944 gurgitem
2107 1883 2372 1936 obscurum
2390 1900 2686 1952 suspensum
2707 1891 2972 1944 demittunt
2987 1895 3174 1948 inferne

1778 1968 1915 2018 tundi
1937 1970 2124 2036 abiegni
2147 1974 2362 2026 validum
2379 1977 2552 2041 robur;
2569 1980 2736 2032 statim
2757 1983 2924 2035 autem
2942 1984 3154 2050 impulsu

1778 2058 2037 2123 festinans,
2059 2062 2354 2130 plumboque
2375 2067 2832 2134 deorsum-vergens
2853 2075 3003 2138 atque
3018 2075 3172 2138 ferro,

1779 2147 1932 2198 fertur
1949 2151 2000 2200 in
2019 2149 2216 2202 ultimas
2238 2153 2424 2206 radices
2443 2156 2621 2219 maris,
2646 2159 2731 2209 ubi
2754 2159 2958 2212 infirmis

1780 2235 2114 2300 pelamydibus
2133 2239 2334 2292 illiditur
2351 2243 2400 2292 in
2418 2242 2536 2294 limo
2554 2246 2788 2298 volutatis
2811 2263 2826 2297 :
2874 2229 2881 2235 ’

1776 2321 2068 2387 corripitque
2081 2329 2132 2376 et
2152 2327 2374 2391 configit,
2397 2335 2634 2393 quantum
2658 2333 2991 2399 deprehendit,
3011 2337 3240 2390 anison-um
3262 2355 3352 2392 otn-

1775 2408 1922 2473 tum.]
1941 2409 2016 2460 Illi
2038 2425 2156 2462 vero
2173 2415 2389 2466 celeriter
2406 2419 2669 2471 extrahunt
2685 2421 2887 2483 agitatas
2905 2424 3031 2474 circa
3055 2425 3235 2476 serrum

1775 2507 2030 2557 percussas
2051 2499 2382 2554 miserabiliter
2399 2503 2566 2556 ferreis
2587 2505 2855 2558 doloribus.

1776 2583 1875 2630 Has
1897 2596 2012 2632 vero
2027 2584 2202 2648 aliquis
2219 2586 2413 2639 intuens
2431 2589 2578 2640 etiam
2602 2592 2739 2643 ferox
2761 2594 2839 2644 vir

1775 2669 2029 2722 miseretur
2049 2679 2361 2740 captumque
2379 2677 2583 2730 infelids
2603 2683 2654 2732 et
2674 2683 2845 2734 mortis
2861 2688 3073 2747 cratim·

1774 2771 1886 2807 nam
1907 2761 2030 2811 alius
2052 2763 2250 2825 quidem
2271 2766 2500 2820 lateribus
2517 2769 2820 2824 adactus-ost
2839 2773 2994 2826 iusim
3015 2788 3211 2838 mucro,

1774 2845 1898 2897 alius
1921 2862 2039 2899 vero
2071 2857 2216 2916 caput
2235 2855 2433 2907 confixit
2455 2857 2599 2909 volox
2621 2860 2803 2925 telum,
2824 2863 2918 2912 alia
2939 2875 3058 2915 vero
3076 2877 3226 2929 supra
3243 2877 3350 2916 cau·

1772 2932 1904 3000 dam]
1927 2936 2298 3003 vulnerata-est,
2323 2948 2542 2996 ventrem
2564 2960 2680 2999 vem
2706 2949 2858 3013 alius,
2884 2950 3008 3001 alius
3042 2964 3158 3001 vero
3189 2952 3352 3003 hausit

1775 3026 1920 3090 terga]
1939 3028 2140 3079 acerbus
2159 3034 2316 3094 Mars,
2339 3034 2438 3085 alia
2452 3047 2567 3088 vero
2585 3040 2852 3109 per-media
2869 3041 2948 3092 ilia
2965 3042 3301 3095 confossa-est·

1772 3114 1839 3161 Ut
1853 3115 2014 3163 autem
2033 3118 2254 3182 quando,
2274 3120 2505 3175 inclinato
2522 3125 2698 3176 martio
2715 3127 2885 3190 proelio

1772 3200 2080 3253 hasla-oaesos
2103 3208 2154 3255 et
2169 3217 2250 3256 ex·
2233 3208 2454 3271 pulvere
2470 3216 2522 3263 et
2538 3214 2820 3277 &sanguine
2841 3220 3034 3295 ereptos

1771 3288 1819 3336 in
1840 3288 2059 3338 lectum
2044 3304 2238 3353 igneum
2257 3293 2478 3358 ipsorum
2500 3306 2799 3365 componunt
2816 3302 2936 3353 socii

1772 3376 2188 3439 lugente531nulta
2208 3392 2324 3431 vem
2341 3387 2392 3433 et
2409 3383 2542 3435 varia
2565 3384 2634 3434 in·
2617 3388 2916 3450 -corporibus
2939 3394 3242 3443 mortuorum

1772 3462 1972 3513 vulnera
1993 3466 2044 3515 et
2059 3466 2426 3531 omnis-generis
2442 3469 2570 3520 ictus
2591 3472 2839 3525 abundant
2859 3476 3053 3526 Martis:

1769 3550 1841 3599 sic
1856 3555 1907 3600 et
1923 3552 2326 3616 in-pelemydibus
2347 3558 2582 3619 apparent
2599 3559 2801 3611 vulnera
2815 3574 3188 3627 usquequaque,

1771 3630 2082 3683 simulacrum
2105 3643 2304 3698 pugnae,
2328 3636 2536 3687 amicum
2555 3642 2718 3691 tamen
2735 3640 3073 3704 piscatoribus.

1830 3720 1921 3769 Alii
1939 3726 2104 3771 eontm
2121 3722 2313 3775 levibus
2330 3725 2516 3778 retibus
2532 3728 2729 3791 capiunt
2747 3742 2920 3793 gnera
2937 3730 3250 3784 imbecillium

1768 3807 2104 3873 pelamydum3
2127 3824 2314 3875 suuper
2353 3814 2482 3864 enim
2513 3814 2606 3865 sub
2631 3818 3002 3881 crepusculum,
3025 3809 3258 3887 quiolmid
3293 3826 3340 3875 ln

1767 3905 1918 3972 mare]
1934 3907 2170 3969 inciderit,
2187 3913 2418 3972 tremum,
2437 3911 2758 3977 timoremque
2771 3916 3126 3968 tenebricosum
3142 3920 3338 3985 habena

1766 3997 2036 4060 iri-caligine
2057 4001 2220 4047 autem
2243 3998 2516 4061 capiuntur,
2539 3997 2729 4050 alliictae
2751 4001 2801 4050 in
2817 4002 3074 4063 profundo.

1766 4087 1902 4137 Retia
1915 4088 2042 4137 enim
2065 4086 2206 4137 valde
2232 4086 2355 4137 levia
2376 4086 2584 4139 linorum
2607 4089 2874 4141 constituta
2891 4091 3074 4142 levium

1765 4174 1998 4224 m-orbem
2022 4174 2227 4236 agitant,
2252 4174 2302 4224 vi
2321 4174 2569 4239 pulsantes
2591 4177 2736 4228 remis

1766 4266 1952 4324 tergum
1971 4263 2118 4313 maris
2130 4300 2145 4325 ,
2169 4264 2420 4329 contisque
2438 4266 2754 4330 crim-impetu
2772 4268 3020 4332 strepunt3

1764 4348 1861 4400 illoe
1880 4364 1996 4400 vero
2014 4365 2043 4401 a
2065 4356 2272 4404 tremore
2294 4354 2708 4405 veloci-remorum
2730 4358 2879 4420 atque
2898 4358 3116 4407 tumultu

1764 4438 1981 4501 fugitivoe
1998 4440 2203 4503 saliunt,
2227 4442 2408 4507 linique
2423 4442 2474 4492 in
2492 4442 2652 4493 sinum
2675 4444 2898 4496 suuntur

1762 4527 1964 4578 tirmiter
1984 4528 2314 4591 consistentis,
2336 4529 2622 4583 arbitrantes
2645 4533 3056 4598 propugnaculum
3078 4546 3205 4597 esse,

1762 4618 1926 4668 stultae
1938 4654 1952 4679 ,
1973 4632 2084 4683 quae
2105 4618 2334 4683 strepitus
2352 4619 2526 4670 timore
2547 4620 2820 4671 in-mortem
2843 4622 3077 4675 incidunt.

1760 4706 1833 4757 lbi
1858 4706 1941 4757 alii
1963 4706 2160 4770 quidem
2181 4706 2378 4757 funibus
2391 4706 2620 4757 festinant
2639 4708 2864 4773 utrinque

1759 4797 1862 4846 rete
1883 4795 2266 4847 extrahentes.ad
2285 4796 2474 4859 littora3
2493 4796 2588 4846 iuae
2605 4808 2719 4846 vem
2741 4796 2964 4849 videntes
3067 4808 3076 4815 ·

1759 4886 1900 4935 funes
1922 4885 2151 4947 agitatos,
2166 4898 2314 4935 vanos
2336 4887 2496 4935 metus
2515 4884 2764 4948 babentes,

1759 4976 1948 5039 stipatae
1965 4972 2206 5037 trepidant
2221 4979 2270 5023 et
2291 4973 2565 5037 frequentes
2586 4974 2960 5025 convolvuntur.

1757 5063 1910 5113 Multa
1930 5061 2194 5125 piscatoriis
2215 5065 2320 5111 tum
2339 5061 2617 5112 vota-saciat
2634 5060 2729 5112 diis

1755 5148 2298 5216 piscator-rete·jaciens‚
2321 5163 2382 5203 ne
2399 5150 2657 5215 quicquam
2677 5149 2816 5202 saliat
2831 5155 2968 5203 extra
2988 5152 3168 5215 linum,

3035 5264 3084 5307 ta
