3767 5825
488 346 562 398 σε
832 311 835 314 ’
1510 332 1916 393 οΠιιιΑΝοΥ
1956 329 2422 392 ΑΛιΕΥΤικοΝ
2465 333 2528 392 n.

600 464 636 536 ἥ
662 463 729 544 ῥά
751 465 799 522 οἰ
826 467 888 524 ἐκ
913 462 1087 542 γένυος
1108 461 1295 534 νεάτης
1321 460 1565 543 ὑπένερθε
1592 461 1794 544 πέφυκε

600 550 767 622 λεπτή
789 554 837 608 τ’
865 549 1084 631 ἀργεννή
1105 572 1192 623 τε,
1217 548 1358 621 κακὴ
1388 547 1445 608 δέ
1466 553 1513 608 οἱ
1538 549 1678 608 ἐστὶν
1707 549 1910 628 ἀϋτμή·

598 635 691 709 τὴν
721 635 866 714 θαμὰ
894 635 1106 709 δινεύει,
1127 594 1276 696 δόλον
1305 637 1479 716 ἰχθύσι
1511 637 1883 719 βαιοτέροισιν·

597 721 651 784 οἵ
676 724 742 806 ῥά
770 747 857 802 μιν
884 721 1215 836 εἰσορόωντες
1241 721 1555 807 ἐφορμώωσι
1575 723 1849 784 λαθέσθαι·

505 834 557 872 ⁹5
598 811 768 924 αὐτὰρ
795 809 825 871 δ
852 809 947 884 τὴν
972 809 1050 892 ἂψ
1072 803 1215 878 αυτις
1237 811 1509 892 ἐφέλκεται
1537 809 1767 892 ἀτρέμας
1795 811 1948 884 εἴσω,

596 890 703 971 ηκα
724 899 851 977 μάλ’
868 897 1225 979 ἅσπαίρουσαν
1238 897 1339 957 ὑπὸ
1360 897 1560 976 στόμα,
1587 899 1669 958 τοὶ
1692 901 1737 958 δ’
1759 897 2035 980 ἐφέπονται

596 984 743 1046 οὐδὲν
771 985 993 1065 ὀῖόμενοι
1019 986 1248 1066 κρυπτὸν
1276 985 1442 1061 δόλον,
1463 985 1598 1069 ὄφρα
1624 986 1825 1047 λάθωσι

600 1073 866 1155 βατράχου
890 1072 1145 1155 εὗρείῃσιν
1170 1071 1275 1132 ἔσω
1296 1074 1532 1151 γενύεσσι
1555 1073 1807 1153 μιγέντες.

597 1161 691 1229 Ὦς
718 1161 761 1221 δ’
789 1161 874 1220 ὅτε
900 1186 978 1226 τις
1004 1160 1243 1241 κούφοισι
1266 1162 1443 1241 πάγην
1468 1161 1632 1244 ὄρνισι
1654 1159 1914 1221 τιτύσκων

516 1271 595 1311 10⁰
615 1248 809 1332 πυροὺς
830 1246 947 1317 τοὺς
972 1246 1066 1326 μὲν
1092 1249 1242 1330 ἔρῃνε
1271 1248 1419 1310 δόλου
1442 1249 1762 1332 προπάροιθε
1788 1247 2026 1322 πυλάων,

599 1338 787 1406 ἄλλους
810 1339 856 1395 δ’
879 1336 1018 1396 ἔνδον
1051 1335 1253 1410 ἔθηκεν,
1285 1336 1591 1419 ὖπεστήριξε
1613 1336 1669 1396 δὲ
1692 1337 1880 1416 τέχνην
1894 1360 1910 1374 ·

596 1425 715 1493 τους
734 1423 793 1486 δέ
816 1423 1175 1504 λιλαιομένους
1199 1423 1342 1484 ἕλκει
1368 1424 1522 1494 πόθος
1550 1422 1666 1494 ὀξυς
1693 1427 1916 1499 ἐδωδῆς,

599 1514 725 1575 εἴσω
752 1511 809 1573 δὲ
833 1512 1168 1594 προγένοντο,
1196 1512 1289 1572 καὶ
1315 1512 1489 1574 οὐκέτι
1512 1512 1689 1582 νόστος
1716 1513 1920 1591 ἑτοῖμος

603 1605 841 1678 ἐκδῦναι,
866 1601 1040 1669 δαιτὸς
1061 1599 1118 1660 δέ
1141 1600 1313 1673 κακὴν
1340 1599 1556 1682 εὕραντο
1581 1600 1857 1672 τελευτήν·

438 1689 446 1696 ’
514 1711 589 1750 10⁶
632 1689 703 1757 ὣς
724 1687 921 1758 κείνους
949 1688 1203 1767 ἀμενηνὸς
1224 1687 1519 1748 ἐπέσπασεν
1546 1688 1913 1771 ἠπεροπεύσας

608 1777 908 1860 βάτραχος,
936 1779 1045 1837 οὔδ’
1072 1776 1294 1850 ἐνόησαν
1320 1777 1403 1836 ἐὸν
1427 1775 1733 1846 σπεύδοντες
1766 1777 1996 1858 ὀλεθρον.

598 1868 737 1927 Τοῖα
764 1864 857 1924 καὶ
884 1863 1233 1944 ἀγκυλόμητιν
1263 1861 1515 1924 ἐπέκλυον
1539 1862 1843 1924 ἐντύνασθαι

600 1953 793 2036 κερδώ·
821 1951 898 2013 ὅτ’
934 1956 1128 2014 οἰωνῶν
1154 1951 1347 2032 ἀγέλην
1374 1952 1675 2025 πλήθουσαν
1700 1952 1906 2026 ἴδηται,

598 2041 791 2123 δοχμίη
820 2044 1185 2122 ἀγκλινθεῑσα,
1211 2040 1583 2117 τανυσσαμένη
1606 2039 1700 2101 θοὰ
1725 2044 1909 2113 κῶλα,

514 2151 589 2192 110
614 2130 811 2209 ὄμματ’
839 2128 1082 2209 ἐπιμύει,
1111 2127 1205 2188 συν
1231 2125 1287 2188 δὲ
1314 2128 1486 2207 στόμα
1511 2127 1735 2208 πάμπαν
1761 2128 1980 2212 ἐρείδει·

603 2218 758 2301 φαίης
784 2222 837 2278 κ’
864 2217 1105 2300 εἰσορόων
1133 2217 1167 2290 ἤ
1196 2241 1285 2296 μιν
1316 2216 1476 2296 βαθυν
1499 2216 1658 2276 ὕπνον
1688 2216 1870 2289 ἰαύειν,

609 2305 663 2378 ἠὲ
688 2306 777 2366 καὶ
804 2303 1058 2388 ἀτρεκέως
1080 2305 1282 2364 κεισθαι
1308 2303 1486 2364 νέκυν·
1509 2293 1611 2363 ωδε
1635 2303 1736 2386 γὰρ
1764 2303 1958 2371 ἄπνους

606 2394 759 2456 αἰόλα
785 2391 1101 2475 βουλεύουσα
1127 2391 1478 2474 παραὸλήδην
1504 2391 1842 2452 τετάνυσται·

603 2485 651 2542 οἱ
679 2480 738 2541 δέ
765 2505 855 2561 μιν
882 2480 1212 2563 εἰσορόωντες
1234 2478 1444 2548 ἀολλέες
1470 2479 1578 2547 ἰθὺς
1602 2479 1767 2539 ἵενται

516 2591 589 2632 ,16
619 2567 652 2630 ὅ
680 2573 811 2638 νιθες
826 2614 842 2643 ,
870 2568 1073 2649 λάχνην
1097 2568 1153 2628 δὲ
1182 2566 1514 2648 διαψαίρουσι
1538 2567 1802 2640 πόδεσσιν,

601 2663 638 2732 ἡ
702 2683 729 2718 ε
755 2655 1141 2740 κερτομέοντες·
1164 2652 1295 2729 ἐπὴν
1326 2654 1383 2715 δέ
1414 2657 1463 2715 οἱ
1486 2653 1635 2735 ἐγγὺς
1660 2655 1879 2714 ὀδόντων

602 2746 836 2822 ἔλθωσιν,
861 2744 970 2806 τότ’
996 2744 1177 2805 ἔπειτα
1205 2746 1357 2805 δόλου
1385 2744 1665 2804 πετάσασα
1692 2745 1944 2825 θύρετρα,

602 2835 848 2909 ἐξαπίνης
873 2832 1172 2918 συνέμαρψε
1198 2832 1291 2893 καὶ
1319 2831 1549 2894 ἔσπασεν
1578 2830 1699 2915 εὗρὶι
1726 2837 1964 2914 χανοῦσα

604 2924 773 3007 ἄγρην
796 2922 1102 3006 κερδαλέην,
1131 2922 1293 2997 ὅσσην
1322 2921 1437 2981 ἕλεν
1463 2920 1751 3000 οἶμήσασα.

527 3034 605 3075 120
724 3011 835 3075 Καὶ
854 3011 950 3091 μὲν
974 3010 1037 3082 δὴ
1062 3008 1338 3091 δολόμητις
1358 3008 1639 3070 ἐπίκλοπον
1667 3008 1853 3090 εὕρατο
1874 3007 2040 3091 θήρην

604 3100 799 3176 σηπίη·
828 3102 889 3159 ἐκ
910 3098 1012 3182 γάρ
1036 3102 1083 3158 οἱ
1106 3100 1337 3182 κεφαλῆς
1362 3096 1619 3180 πεφύασιν
1648 3096 1825 3179 ἀραιοὶ

602 3189 879 3272 ἀκρέμονες
900 3188 1185 3270 πρατενεῒς,
1212 3185 1349 3245 ωστε
1375 3184 1592 3263 πλόκοι,
1621 3176 1725 3245 οἶσι
1751 3209 1842 3245 και
1870 3183 2004 3256 αὐτὴ

601 3276 737 3337 ὥστε
758 3300 859 3358 περ
886 3280 1126 3358 δρμιῇσιν
1154 3272 1427 3357 ἐφέλκεται
1451 3272 1632 3354 ἰχθύας
1661 3272 1818 3354 ἄγρῃ,

542 3354 803 3445 πρηνὴς
830 3366 884 3423 ἐν
904 3363 1223 3446 ψαμάθοισιν
1246 3361 1333 3421 ὑπ’
1356 3360 1597 3443 ὀστράκῳ
1625 3363 1904 3422 εἰλυθεῑσα.

510 3470 586 3515 125
609 3452 821 3520 Κείναις
846 3449 903 3511 δέ
929 3452 1223 3528 πλοκαμῒσι
1244 3448 1337 3508 καὶ
1364 3449 1517 3521 ἡνίκα
1545 3449 1757 3526 κύματα
1786 3448 1894 3509 θύει

605 3539 821 3621 χείματι
846 3537 1088 3620 πετράων
1118 3536 1423 3617 ἅντίσχεται
1439 3581 1457 3611 ,
1484 3534 1613 3609 ἠΰτε
1639 3561 1716 3605 τις
1742 3561 1866 3609 νηυς

604 3626 853 3705 πείσματ’
884 3626 966 3687 ἐπ’
998 3622 1274 3706 ἀκταίῃσιν
1300 3623 1611 3705 ἀναψαμένη
1638 3623 1966 3683 σπιλάδεσσι.

686 3716 914 3797 Καρῖδες
936 3715 981 3774 δ’
1002 3713 1173 3795 ὀλίγαι
1202 3710 1297 3791 μὲν
1329 3714 1480 3791 ἰδεῖν,
1508 3710 1598 3785 ἴση
1627 3710 1683 3770 δὲ
1711 3711 1801 3771 καὶ
1824 3711 1962 3785 ἀλκὴ

605 3803 798 3883 γυίοις,
826 3800 963 3862 ἀλλὰ
992 3800 1185 3861 δόλοισι
1208 3798 1301 3859 καὶ
1326 3796 1550 3878 ἄλκιμον
1572 3796 1775 3859 ὤλεσαν
1805 3797 1971 3880 ἰχθυν,

517 3912 593 3953 ιω
614 3890 898 3973 λάδρακα,
928 3888 1236 3973 σφετέρῃσιν
1264 3886 1481 3947 ἐπικλέα
1508 3885 1914 3969 λαὸροσύνῃσιν.

606 3976 679 4042 Οἳ
706 3979 799 4060 μὲν
828 3978 928 4061 γὰρ
957 3977 1235 4039 σπεύδουσι
1261 3976 1351 4037 και
1375 3974 1570 4036 ἰθύουσι
1591 3972 1845 4036 λαὸέσθαι

605 4068 849 4152 καρίδων,
873 4068 1046 4137 ταῖςδ’
1074 4066 1191 4128 οὔτε
1218 4074 1396 4149 φυγεῖν
1413 4064 1586 4133 σθένος
1613 4064 1730 4125 οὔτε
1759 4065 2041 4145 μάχεσθαι,

602 4156 882 4232 ὀλλύμεναι
904 4154 949 4215 δ’
976 4154 1241 4227 ὀλέκουσι,
1264 4151 1354 4213 καὶ
1382 4152 1466 4222 οὓς
1486 4152 1737 4235 πέφνουσι
1764 4156 1975 4235 φονῆας.

604 4234 743 4304 Ε’ύτε
768 4241 868 4324 γὰρ
894 4241 1272 4323 ἀμφιχανόντες
1300 4238 1405 4301 ἔσω
1434 4240 1709 4322 μάρψωσιν
1743 4237 1982 4314 ὀδόντων,

513 4351 587 4393 135
608 4330 721 4390 αιδε
748 4328 893 4407 θαμὰ
920 4327 1206 4411 θρωσκουσι
1232 4351 1324 4388 και
1352 4330 1405 4397 ἐς
1430 4329 1663 4406 μεσάτην
1692 4326 1932 4409 ὑπερῴην

605 4416 691 4499 ὀξυ
718 4416 873 4499 κέρας
902 4414 1251 4498 χρίμπτουσι,
1279 4414 1341 4474 τό
1365 4436 1424 4474 τε
1451 4413 1597 4497 σφίσι
1622 4413 1912 4473 τέλλεται
1876 4439 2041 4496 ακρης

608 4506 665 4565 ἐκ
691 4506 947 4586 κεφαλῆς·
977 4502 1181 4585 λάὸραξ
1211 4500 1266 4562 δὲ
1292 4503 1447 4584 φίλης
1474 4502 1817 4585 κεκορημένος
1845 4504 2006 4585 ἄγρης

606 4590 863 4670 νύγματος
877 4592 971 4651 οὐκ
990 4588 1181 4670 ἀλέγει·
1192 4589 1253 4650 τὸ
1274 4588 1329 4649 δέ
1348 4613 1437 4667 μιν
1452 4586 1665 4669 νέμεταί
1678 4614 1734 4649 τε
1754 4590 1847 4649 καὶ
1870 4588 2035 4670 ἕρπει,

606 4680 774 4739 εἰσόκε
796 4677 1112 4759 τρυχόμενόν
1138 4703 1225 4757 μιν
1248 4676 1342 4758 ἕλῃ
1374 4678 1528 4760 μόρος
1554 4678 1607 4749 ἐξ
1635 4678 1864 4739 ὀδυνάων
1878 4703 1891 4717 ·

510 4786 587 4827 uo
612 4764 705 4848 ὀψὲ
734 4764 789 4825 δὲ
809 4764 1052 4846 γινώσκει
1079 4764 1254 4834 νέκυος
1282 4765 1611 4846 δεδαϊγμένος
1635 4770 1824 4847 αἰχμῇ.

682 4851 842 4915 Ἔστι
864 4854 921 4913 δέ
947 4877 1025 4921 τις
1051 4854 1293 4927 πηλοῒσιν
1323 4853 1602 4936 ἐφέστιος’
1573 4854 1849 4964 ωμοφάγος
1879 4858 2000 4933 βους
2016 4900 2034 4933 ,

607 4940 881 5023 εὐρύτατος
903 4938 1159 5001 πάντεσσι
1184 4945 1297 5021 μετ’
1330 4968 1343 5001 ι
1327 4940 1559 5019 χθυσιν
1585 4935 1621 5012 ἦ
1643 4942 1745 5024 γάρ
1774 4946 1821 5001 οἱ
1850 4934 1995 5023 ευρος

604 5028 855 5098 πολλάκις
882 5027 1213 5109 ἑνδεκάπηχυ
1242 5029 1625 5109 δυωδεκάπηχύ
1653 5034 1701 5087 τ’
1731 5028 1952 5109 ἐτύχθη·

606 5116 867 5185 οὐτιδανὸς
892 5118 949 5177 δε
972 5117 1112 5199 βίην,
1142 5116 1234 5176 καί
1260 5120 1306 5176 οἱ
1330 5115 1490 5195 δέμας
1514 5116 1751 5198 ἄμμορον
1776 5118 1964 5190 ἀλκῆς,

2135 486 2248 536 quoe
2261 473 2456 537 quidem
2477 473 2572 536 ipsi
2589 486 2618 522 e
2640 475 2830 524 maxilla
2849 473 2948 523 ima
2969 473 3152 524 inserue
3173 478 3405 524 enata-est

2128 560 2382 625 tenulsque
2399 559 2720 623 candidaque,
2745 560 2899 610 malus
2921 573 3034 610 vero
3055 561 3146 623 ipsi
3167 563 3242 611 est
3258 561 3407 623 odon

2129 649 2254 708 hauc
2273 649 2443 699 crebro
2463 650 2641 708 motat,
2665 647 2828 698 dolum
2853 647 3063 712 piscibus
3085 648 3425 699 minutioribus
3441 689 3460 712 ,
3730 685 3732 696 .

2125 737 2210 799 qui
2229 736 2424 800 quidem
2445 736 2599 800 ipsam
2622 735 2863 786 inmcntes
2883 741 3118 786 conantur
3141 737 3377 800 arripere;
3730 773 3732 810 Ι

2125 827 2178 874 at
2198 824 2277 874 illa
2293 838 2400 874 cam
2421 837 2614 874 rursum
2631 824 2828 874 attrahit
2849 824 3030 874 sensim
3050 824 3314 874 introrsum
3327 862 3344 887 ‚
3729 853 3732 884 2

2127 911 2388 962 admodum
2409 911 2596 963 modice
2609 911 2918 975 palpitantem
2933 912 3025 962 sub
3043 924 3152 972 ore;
3179 911 3250 961 illi
3271 925 3386 962 vero
3401 919 3701 975 sequuntur,
3730 921 3732 940 ⁵

2128 999 2246 1050 nihil
2267 999 2562 1063 auspicantes
2583 999 2817 1048 occultam
2835 999 3078 1060 fraudem,
3097 999 3250 1049 donec
3267 1000 3700 1050 non-animadver·
3730 999 3732 1028 ³

2131 1085 2306 1151 tentes]
2327 1101 2457 1138 raum
2477 1087 2596 1136 latas
2617 1087 2742 1137 intra
2759 1087 2978 1138 maxillas
2999 1089 3305 1138 misceantur.

2133 1179 2196 1226 ut
2217 1181 2378 1226 autem
2399 1189 2512 1226 cum
2533 1176 2642 1240 quia
2665 1175 2852 1226 levibus
2871 1175 3136 1240 decipulam
3159 1177 3331 1226 avibus
3352 1183 3559 1227 struens

2129 1264 2338 1314 triticum
2355 1263 2486 1314 aliud
2503 1263 2698 1327 quidem
2723 1265 2903 1327 spargit
2923 1263 3157 1328 decipulae
3177 1269 3290 1314 ante
3314 1268 3516 1328 portas,

2131 1351 2263 1402 aliud
2283 1355 2444 1402 autem
2466 1353 2598 1402 intus
2619 1352 2780 1416 pouit,
2805 1351 3036 1415 fulcitque
3055 1353 3340 1415 artificium3

2132 1438 2220 1489 has
2241 1443 2402 1490 autem
2423 1438 2624 1503 cupidas
2646 1439 2792 1489 trahit
2807 1438 3096 1490 desiderium
3115 1441 3378 1490 vehemens
3401 1455 3541 1490 σει-εει
3553 1478 3569 1502 ,
3730 1483 3732 1490 .

2131 1527 2257 1576 intro
2271 1531 2432 1578 autem
2453 1527 2841 1591 progrediuntur,
2857 1531 2908 1577 et
2923 1527 3246 1591 non-amplius
3267 1527 3458 1578 redime
3475 1533 3696 1591 promtus
3729 1527 3732 1576 i

2131 1613 2227 1678 est]
2243 1615 2603 1666 ati-exeundum
2615 1651 2630 1676 ‚
2645 1614 2858 1664 convivii
2873 1627 2988 1664 vero
2999 1615 3236 1666 infelicem
3251 1615 3507 1679 reperiunt
3521 1617 3662 1665 finem
3684 1631 3696 1662 :
3730 1627 3732 1638 ·

2129 1703 2202 1752 alc
2218 1701 2326 1753 illos
2343 1703 2578 1754 imbecilla
2598 1703 2796 1753 attrahit
2811 1702 3036 1766 deceptos

2130 1803 2264 1852 rana,
2283 1803 2440 1854 neque
2455 1791 2838 1840 aniruadvertunt
2847 1790 3058 1841 ad-suam
3073 1805 3402 1856 se-properare
3415 1791 3695 1856 perniciem.
3730 1813 3732 1826 =

2132 1878 2264 1928 Talia
2285 1878 2429 1928 etiam
2451 1881 2697 1929 versutam
2714 1877 2882 1929 audivi
2903 1879 3138 1930 instruere

2129 1966 2350 2030 vulpem3
2374 1966 2566 2031 quando
2582 1968 2748 2018 avium
2765 1979 2956 2030 gregem
2973 1968 3224 2030 copiosum
3246 1967 3422 2018 viderit
3437 2005 3452 2030 ,

2129 2053 2352 2105 ln-latere
2369 2055 2690 2118 procumbens
2701 2091 2719 2118 ‚
2739 2055 3142 2106 extensa-habena
3163 2056 3344 2106 velocia
3363 2069 3539 2118 crura,

2127 2143 2293 2192 oculos
2307 2142 2512 2205 claudit,
2530 2145 2582 2194 et
2599 2156 2657 2194 oa
2677 2145 2836 2194 totum
2855 2142 3077 2205 cobibet3

2127 2229 2314 2280 diceres
2337 2229 2528 2281 intuens
2547 2236 2632 2281 aut
2652 2231 2805 2294 ipsam
2826 2229 3117 2293 profundum
3135 2244 3358 2282 somnum
3377 2231 3602 2280 dornnire
3613 2267 3626 2288 ,

2128 2321 2214 2368 aut
2233 2317 2379 2368 etiam
2401 2331 2514 2369 vere
2524 2318 2680 2380 jacere
2701 2321 2970 2381 mortuam;
2994 2319 3066 2368 sic
3083 2317 3216 2368 enim
3231 2319 3602 2382 camis-spiritu

2128 2405 2260 2454 varia
2280 2405 2464 2468 ιςὶιειιε
2479 2409 2714 2470 prostrata
2735 2410 3074 2470 porrecta-est;

2127 2492 2288 2556 itaque
2301 2506 2410 2542 eam
2427 2493 2666 2544 intuentes
2687 2494 2895 2557 copioaae
2919 2498 3048 2544 recta
3063 2492 3267 2544 veniunt

2129 2593 2246 2630 aves
2256 2617 2272 2643 ,
2293 2580 2659 2644 lanuglncmque
2679 2581 2900 2644 scalpunt
2915 2581 3134 2644 pedibus,

2129 2671 2357 2732 tanquam
2377 2668 2688 2733 insultantem
2713 2669 2797 2719 ubi
2814 2681 2932 2720 vero
2955 2668 3048 2733 ipsi
3071 2681 3219 2731 prope
3239 2668 3412 2718 dentes

2128 2755 2371 2818 venerint,
2389 2759 2508 2806 tunc
2529 2759 2696 2820 postea
2719 2757 2814 2807 doli
2841 2758 3058 2821 aperiens
3079 2757 3201 2806 ostia
3214 2794 3229 2819 ,

2128 2843 2380 2894 confestim
2402 2843 2598 2908 corripit
2615 2849 2665 2896 et
2681 2845 2830 2895 trabit
2851 2845 2948 2895 late
2969 2845 3108 2894 hians

2129 2932 2342 2995 praedam
2359 2932 2596 2983 luci-osam
2607 2969 2622 2996 ‚
2646 2936 2872 2997 quantam
2895 2933 3024 2996 capit
3041 2932 3378 2995 impetu-facto

2191 3019 2347 3081 Atque
2366 3019 2512 3069 etiam
2536 3018 2836 3071 standulenta
2857 3020 3082 3071 furtivam
3105 3021 3282 3084 reperit
3303 3023 3564 3084 captum

2129 3106 2285 3169 aepia3
2310 3106 2424 3156 huic
2447 3108 2575 3157 euim
2599 3120 2628 3157 e
2643 3108 2802 3171 capite
2817 3107 3080 3157 enati-sunt
3099 3108 3270 3157 tmuee

2129 3195 2248 3244 rami
2265 3194 2482 3258 extensi,
2501 3197 2729 3259 tanquam
2751 3194 2916 3257 runca,
2932 3195 3110 3259 quibus
3131 3196 3278 3246 etiam
3301 3194 3408 3259 ipsa

2128 3282 2266 3345 quasi
2286 3282 2425 3333 lineis
2440 3282 2640 3333 attrahit
2659 3283 2818 3346 pisces
2835 3282 3147 3347 impunitam,

2129 3384 2279 3433 prona
2303 3371 2352 3421 in
2371 3372 2526 3421 arenis
2543 3371 2635 3421 sub
2653 3375 2778 3421 testa
2797 3370 2981 3421 voluta.

2131 3458 2229 3507 Illis
2252 3471 2366 3508 vero
2387 3458 2570 3522 capillis
2590 3458 2736 3509 etiam
2759 3456 2954 3520 quando
2975 3456 3152 3507 fluctus
3172 3458 3384 3507 amant

2130 3548 2436 3609 tempestate,
2461 3546 2610 3609 petris
2631 3546 2867 3607 adhoeret,
2887 3550 3116 3609 tanquam
3136 3544 3358 3609 quaedam
3375 3546 3524 3594 navis

2131 3634 2358 3684 rudentes
2379 3634 2670 3685 littoralibus
2691 3633 3112 3695 religatos-habena
3135 3632 3360 3695 scopulis.
3730 3674 3732 3689 ,

2190 3698 2386 3771 (ἷετίἀοε
2397 3734 2511 3772 vero
2523 3734 2684 3785 parvae
2697 3720 2890 3785 quidem
2906 3724 3099 3784 aspectu
3113 3756 3129 3781 ‚
3146 3734 3232 3783 par
3247 3733 3365 3769 vero
3378 3719 3532 3768 etiam
3551 3720 3692 3767 robur
3730 3746 3732 3761 ι

2130 3808 2358 3858 membris
2378 3811 2481 3865 est,
2509 3808 2596 3858 aed
2617 3807 2740 3858 dolis
2762 3810 2906 3857 etiam
2929 3808 3144 3857 validum
3167 3808 3410 3871 per-imunt
3429 3806 3644 3870 piscem,

2129 3895 2391 3957 labracem,
2415 3909 2516 3946 suae
2537 3896 2868 3959 cognominem
2892 3895 3159 3945 voracitati.
3730 3886 3732 3889 ’

2130 3983 2202 4033 llll
2224 3983 2352 4034 enim
2374 3984 2624 4044 festinant,
2643 3989 2692 4033 et
2712 3986 2946 4033 conantur
2967 3994 3134 4045 capere

2127 4070 2337 4157 atrides,
2365 4071 2612 4122 bisantem
2633 4085 2720 4121 nec
2737 4071 2822 4121 ad-
2801 4070 3102 4133 -iugieudurn
3117 4071 3194 4119 cst
3211 4068 3377 4129 robur,
3407 4082 3499 4119 nec
3527 4070 3690 4132 aii-pu·
3730 4092 3732 4099 ·

2128 4158 2370 4222 gnandum
2382 4158 2684 4223 ,Jpereuntes
2696 4171 2808 4207 vero
2830 4157 3070 4220 perimunt
3089 4161 3142 4206 et
3159 4170 3276 4206 suos
3290 4154 3522 4206 occidunt
3545 4158 3686 4206 inter·

2128 4246 2342 4297 sectores.
2347 4244 2365 4310 ]
2383 4248 2644 4310 Postquam
2668 4245 2794 4295 enim
2815 4244 3052 4294 inhiantes
3072 4244 3407 4307 corripuerunt
3429 4244 3562 4293 intra
3583 4244 3688 4294 dm·
3730 4304 3732 4307 ¹

2127 4333 2248 4397 tes,]
2265 4333 2360 4383 illoe
2382 4332 2549 4384 crebro
2575 4332 2750 4383 saliunt
2771 4332 2891 4382 etin
2909 4331 3123 4381 medium
3146 4331 3362 4395 palatum

2126 4427 2320 4472 acutum
2339 4436 2486 4471 cornu
2507 4421 2734 4484 infigunt,
2757 4420 2885 4483 quod
2915 4420 3031 4484 ipsis
3053 4418 3209 4469 oritur
3231 4433 3427 4469 summo

2125 4523 2184 4559 ex
2205 4509 2570 4573 capite31abrax
2591 4522 2706 4559 vero
2731 4509 2886 4557 amica
2904 4508 3106 4558 satiatus
3130 4508 3296 4570 praeda

2125 4596 2425 4661 punctionem
2439 4610 2534 4647 non
2551 4600 2715 4658 curat,
2731 4610 2841 4661 quae
2856 4600 3012 4645 tamen
3028 4596 3187 4657 ipsum
3202 4595 3516 4657 pasciturque
3533 4598 3586 4645 et
3603 4606 3684 4644 aer*

2124 4686 2236 4750 pit‚]
2253 4685 2406 4736 donec
2425 4686 2642 4735 attritum
2659 4687 2817 4749 ipsum
2841 4688 3043 4747 occupet
3065 4696 3195 4733 mora
3217 4696 3275 4733 ex
3299 4681 3588 4743 doloribus3

2123 4788 2230 4824 sero
2249 4777 2409 4824 autem
2427 4772 2693 4836 cognoscit,
2713 4778 2918 4822 mortuae
2935 4768 3444 4821 vulneratum-se-esse
3465 4769 3674 4833 cuspide.

2185 4865 2272 4912 Est
2291 4864 2452 4911 autem
2474 4861 2667 4924 quidam
2689 4860 2868 4910 in-luto
2889 4859 3066 4921 degens
3086 4857 3370 4908 crudivorus
3391 4858 3479 4907 bos
3494 4893 3511 4918 ,

2121 4948 2382 4999 latissimus
2403 4962 2570 4999 omnes
2591 4949 2715 4999 inter
2735 4948 2889 5011 pisces
2901 4965 2916 5011 ;
2941 4948 3070 4997 certe
3090 4947 3220 4996 enim
3241 4946 3332 5009 ipsi
3355 4944 3566 4997 latitudo

2121 5050 2252 5100 saepe
2269 5036 2489 5087 undecim
2513 5034 3101 5099 duodecimque-ulnarum
3123 5038 3202 5085 est
3213 5051 3230 5096 ς

2119 5124 2370 5176 imbecillia
2391 5128 2553 5175 autem
2573 5124 2738 5174 robore
2761 5127 2854 5181 ese,
2877 5128 2926 5175 et
2950 5122 3044 5187 ipsi
3061 5135 3240 5186 corpus
3259 5135 3437 5187 expers
3459 5122 3526 5171 vi:
3542 5123 3638 5171 Iun:
3652 5154 3666 5177 .
