3767 5825
1016 344 1333 407 OPPIANI
1374 345 1474 405 DE
1514 343 1958 406 VENATIONE
2011 345 2152 406 LIB.
2195 345 2296 406 IV.

164 493 409 572 πιόμενον
422 515 437 528 ·
463 491 545 552 τοὶ
572 491 617 551 δ’
646 483 777 573 αἶψα
804 489 942 550 κατὰ
969 488 1157 572 κνέφας
1182 491 1491 573 ὁρμηθέντες

166 582 481 664 ἃγρευῆρες
497 578 709 660 ἄγουσιν
733 577 953 638 ἐείκοσιν
975 580 1311 660 ἀμφιφορῆας

80 692 141 732 m
168 669 309 732 οἴνου
334 667 639 748 νηδυμίοιο,
666 665 757 726 τὸν
782 664 1042 746 ἑνδεκάτῳ
1068 665 1358 726 λυκᾶὅαντι

177 758 331 841 θλίψε
358 781 443 825 τις
466 754 763 836 οἰνοπέδῃσι
784 753 1139 836 φυτηκομίῃσι
1167 754 1445 832 μεμηλώς.

168 847 319 906 ὕδατι
340 847 389 905 δ’
414 841 709 927 ἐγκέρασαν
732 841 893 924 λαρὸν
913 842 1041 920 με’θυ
1056 888 1073 922 ,
1100 842 1193 901 καὶ
1213 841 1554 923 προλιπόντες

168 935 369 994 πίδακα
391 931 710 1016 πορφυρέην,
736 933 797 990 οὗ
814 930 1030 1002 τηλόθεν
1058 929 1383 1004 εὐνάζονται,

170 1019 732 1104 προπροκαλυψᾶμενοι
758 1019 920 1097 δέμας
947 1017 1167 1096 ἄλκιμον
1197 1016 1232 1090 ἢ
1266 1017 1539 1100 σισύρῃσιν

80 1131 139 1170 ³³⁵
168 1109 197 1182 ἢ
226 1107 691 1170 αὖτοῑσιλίνοισιν·
716 1107 832 1166 ἐπεὶ
854 1105 1049 1174 σκέπας
1077 1105 1137 1164 ού
1163 1129 1215 1165 τι
1243 1105 1490 1165 δύνανται

172 1196 385 1278 εὑρέμεν
410 1195 533 1257 οὗτε
552 1195 713 1254 λίθων
738 1193 846 1253 οὔτ’
874 1192 1123 1272 ἡῢκόμων
1152 1192 1262 1252 ἄπο
1284 1193 1533 1276 δένδρων·

173 1295 314 1344 πᾶσα
338 1281 447 1364 γὰρ
473 1279 749 1342 ἰκτέταται
774 1277 995 1364 ψαφαρὴ
1023 1279 1115 1340 καὶ
1136 1279 1402 1362 ἄδένδρεος
1430 1271 1540 1341 αἶα.

174 1371 283 1440 Τὰς
304 1372 351 1430 δ’
378 1371 487 1451 ἄρα
514 1368 819 1452 σειριόεντος
846 1369 933 1427 ὑπ’
956 1367 1155 1440 ἠελίοιο
1174 1367 1423 1436 τυπείσας

174 1458 463 1540 ἀμφότερον
492 1456 618 1540 δίψη
648 1480 705 1516 τε
727 1456 853 1538 φίλη
874 1458 923 1514 τ’
950 1455 1231 1514 ἐκάλεσσεν
1263 1455 1443 1534 ἀϋτμή
1456 1479 1471 1492 ·

82 1567 142 1608 sto
174 1547 349 1607 πίδακι
376 1549 429 1606 δ’
456 1544 764 1626 ἕμπέλασαν
793 1543 1097 1625 βρομιώτιδι
1114 1543 1206 1603 καὶ
1232 1542 1370 1622 μέγα
1392 1541 1587 1623 χανδὸν

174 1636 453 1696 λάπτουσιν
476 1633 745 1709 Διόνυσον,
769 1634 853 1692 ἐπ’
880 1632 1142 1713 ἀλλήλῃσι
1170 1632 1227 1692 δὲ
1254 1642 1425 1692 πᾶσαι

177 1748 465 1894 3ΐῖἕέ
490 1721 797 1892 &iffi
805 1725 1476 1892 5m⁰p⁰²”m⁰1‘22⁰35”2?32'6332’
1495 1810 1609 1868 aa„

176 1901 339 1982 ἠρέμα
362 1899 703 1968 νευστάζωσι
728 1896 902 1958 κάτω·
932 1895 1215 1976 μετέπειτα
1242 1897 1299 1956 δὲ
1326 1896 1501 1965 πάσας

87 2008 149 2050 us
178 1994 325 2068 κῶμα
355 1988 674 2070 βιησάμενον
699 1985 931 2067 χαμάδις
959 1983 1118 2065 βάλεν
1148 1984 1359 2053 ἄλλυδις
1386 1985 1572 2059 ἄλλην.

179 2077 269 2145 Ὦς
296 2079 342 2137 δ’
369 2075 516 2136 ὁπότ’
548 2074 871 2156 εἶλαπίνῃσιν
897 2072 1261 2155 ἀφυσσάμενοι
1288 2073 1565 2157 κρητήρων

180 2166 345 2236 ἥλικες
372 2161 533 2224 εἰσέτι
556 2163 767 2235 παῖδες,
790 2160 867 2221 ἔτι
891 2161 1167 2242 χνοάοντες
1194 2162 1397 2230 ἰούλους

180 2253 331 2334 λαρὸν
349 2251 593 2324 ἆείδωσι,
618 2248 1051 2332 προκαλιζόμενοι
1076 2247 1213 2328 μετὰ
1239 2250 1443 2308 δεῖπνον

180 2339 425 2412 ἀλλήλους
450 2337 725 2420 ἑκάτερθεν
748 2335 1106 2414 ἀμοιὸαδίοισι
1128 2335 1407 2404 κυπέλλοις
1421 2382 1439 2416 ,

88 2446 149 2488 ³⁰
180 2425 267 2510 ὀψὲ
290 2429 335 2486 δ’
356 2425 661 2510 έλώφησαν·
690 2424 811 2492 ‘robe
830 2425 879 2483 δ’
903 2421 1105 2507 ἔρῤιφεν
1126 2422 1285 2482 ἄλλον
1311 2426 1394 2483 ἐπ’
1423 2421 1569 2505 ἄλλῷ

180 2515 263 2574 καὶ
288 2513 433 2596 φρεσὶ
454 2513 545 2574 καὶ
574 2512 909 2595 βλεφάροισιν
935 2509 1211 2593 ἕπιὸρίσαν
1246 2509 1399 2588 μένος
1425 2509 1562 2573 οἴνου
1575 2534 1589 2549 ·

183 2602 245 2670 ὣς
270 2606 435 2662 κεῖναι
462 2600 611 2680 μάλα
638 2605 790 2682 θῆρες
814 2600 897 2658 ἐπ’
925 2599 1189 2679 ἀλλήσῃσι
1214 2599 1453 2680 χυθεῖσαι

180 2691 323 2772 νόσφι
346 2689 505 2750 πόνου
531 2693 858 2771 κρατεροῖσιν
883 2687 971 2746 ὑπ’
995 2691 1313 2770 ἀγρευτῆρσι
1338 2686 1567 2766 γένοντο.

258 2777 553 2860 Ἅρκτοισιν
577 2775 636 2838 δὲ
662 2781 877 2837 πονεῦσι
902 2773 1098 2848 κλυτὴν
1120 2774 1400 2858 περιώσιον
1424 2775 1611 2858 ἄγρην,

86 2885 151 2929 ⁸5
179 2867 351 2951 Τίγριν
380 2864 491 2927 ὅσοι
515 2863 719 2927 ναίουσι
745 2867 837 2925 καὶ
863 2861 1134 2945 Ἄρμενίην
1162 2861 1485 2933 κλυτότοξον.

186 2956 384 3025 Πουλὺς
404 2954 555 3036 ὄχλος
586 2952 823 3035 βαίνουσι
848 2951 1105 3011 τανύσκια
1132 2949 1315 3031 βένθεα
1341 2954 1569 3033 δρυμῶν,

182 3046 330 3127 ἴδριες
346 3090 363 3119 ,
391 3042 695 3111 αὖτολύτοις
716 3040 811 3101 σὺν
840 3039 1096 3123 ἕῢρίνεσσι
1119 3039 1374 3116 κύνεσσιν,

84 3328 152 3367 asa
184 3308 453 3384 ἔσπονται,
480 3304 696 3374 στιὸέας
722 3328 781 3365 τε
805 3303 1207 3385 ποδηγετέουσιν
1237 3308 1471 3386 ὁμαρτῆ,

184 3402 319 3479 ῥῖνας
341 3398 433 3475 μὲν
458 3394 659 3464 ταναὰς
680 3394 925 3475 σχεδόθεν
951 3392 1163 3475 χέρσοιο
1184 3392 1430 3460 τιθέντες·

182 3486 417 3547 εἰσοπίσω
443 3486 487 3545 δ’
514 3483 661 3566 εἴπερ
686 3506 737 3542 τι
764 3481 1012 3563 νεώτερον
1039 3482 1321 3564 ἄθρήσειαν

181 3575 343 3657 ἴχνος,
368 3573 691 3655 ἐπειγόμενοι
718 3570 865 3653 θόρον
896 3570 1085 3631 αὐτίκα
1108 3570 1534 3650 καγχαλόωντες,

178 3662 445 3741 ληθόμενοι
468 3668 563 3722 τοῦ
594 3658 844 3741 πρόσθεν·
868 3658 1001 3730 ἔτι-ἦν
1027 3660 1073 3717 δ’
1108 3662 1181 3726 εἰς
1211 3658 1369 3739 ἄκρον
1392 3655 1612 3717 ἵκωνται

86 3770 151 3811 ³⁶⁵
182 3751 449 3820 εὖπλανέος
474 3748 682 3821 στιὸίης
706 3746 859 3829 θηρός
886 3772 944 3807 τε
968 3746 1253 3808 παναίολον
1280 3745 1451 3820 εὐνὴν,

182 3840 347 3921 αὐτίχ’
370 3844 399 3900 δ
420 3837 515 3919 μὲν
542 3836 767 3918 θρώσκει
794 3833 1051 3913 παλάμης
1080 3832 1185 3893 ἀπὸ
1213 3838 1528 3915 θηρητῆρος,

180 3926 353 4005 οἰκτρὰ
380 3926 505 4003 μάλ’
531 3923 787 3997 ὑλακόων,
815 3919 1172 4003 κεχαρημένος
1198 3920 1356 4001 ἔξοχα
1382 3920 1564 3999 θυμόν.

182 4012 275 4082 Ὡς
302 4014 345 4085 δῖ
370 4012 453 4074 ὅτε
476 4010 765 4094 παρθενικὴ
792 4008 1103 4089 γλαγόεντος
1130 4012 1183 4069 ἐν
1208 4008 1378 4090 εἴαρος
1402 4007 1513 4091 ὥρῃ

182 4101 481 4162 ἀὸλαύτοισι
506 4102 755 4160 πόδεσσιν
784 4100 866 4157 ἀν’
892 4096 1049 4179 οὔρεα
1076 4096 1230 4155 πάντ’
1260 4095 1549 4171 ἀλάληται,

78 4190 163 4247 ³76
179 4188 337 4249 ἄνθεα
355 4186 621 4268 διζομίνὴ·
650 4186 711 4246 τὸ
738 4184 794 4245 δέ
818 4188 865 4245 οἳ
897 4185 1045 4264 μάλα
1072 4184 1250 4257 τηλόθ’
1281 4182 1437 4265 ἐούσῃ

176 4280 418 4355 νηδύμιον
443 4276 791 4359 προπάροιθεν
814 4274 891 4335 ἴον
922 4272 1151 4352 μήνυσεν
1174 4272 1351 4352 ἀϋτμή
1366 4293 1381 4307 ·

180 4371 247 4447 τῇ
278 4365 337 4425 δὲ
358 4366 475 4445 μάλ’
498 4364 649 4438 ἰάνθη
679 4362 898 4443 μείδησέ
922 4386 983 4422 τε
1010 4361 1169 4440 θυμὸς
1190 4360 1442 4444 ἐλαφρὸς,

180 4458 383 4533 ἀμᾶται
404 4456 448 4513 δ’
474 4451 729 4535 ἀκόρητος
738 4497 755 4526 ,
784 4448 1094 4533 ἀναψαμένη
1124 4448 1179 4509 δὲ
1204 4449 1451 4527 κάρηνον,

181 4532 311 4601 εἶσιν
336 4542 384 4609 ἐς
408 4540 681 4621 ἇγραύλων
705 4538 863 4618 δόμον
890 4536 1135 4597 ἀείδουσαι
1156 4536 1385 4609 τοκήων·

76 4648 149 4689 ³75
172 4628 243 4698 ὣς
264 4628 411 4697 κυνὸς
430 4629 579 4702 ἰάνθη
608 4626 769 4707 θυμὸς
794 4624 1009 4709 θρασύς·
1035 4623 1202 4707 αὐτὰρ
1231 4621 1467 4705 ἐπακτῆρ

179 4716 269 4776 καὶ
298 4716 436 4795 μάλα
464 4740 551 4794 μιν
578 4714 795 4775 θύνοντα
826 4712 1138 4795 βιησάμενος
1156 4714 1451 4791 τελαμῶσι,

186 4803 495 4883 καγχαλόων
520 4802 833 4886 παλίνορσος
861 4800 958 4875 ἕὸη
987 4804 1101 4879 μεθ’
1127 4799 1309 4879 ὅμιλον
1337 4798 1575 4880 ἑταίρων.

178 4894 339 4954 Τοῖσι
366 4890 415 4951 δὲ
438 4892 528 4953 καὶ
550 4890 743 4975 δρυμὸν
774 4888 1111 4971 διεπέφραδε,
1138 4886 1272 4969 θ’ἥρᾶ
1300 4910 1357 4946 τε
1378 4884 1572 4967 πικρὴν

180 4979 340 5047 αὖτὸς
367 4980 448 5039 καὶ
474 4981 747 5047 συνᾶεθλος
772 4978 903 5038 ὅπου
928 4974 1470 5058 λοχόωντες·ἔλειψαν.

80 5090 149 5133 aa
182 5076 255 5135 oi
270 5072 319 5131 δ’
342 5070 421 5153 ἄρ’
435 5073 753 5153 ἐπειγόμενοι
770 5071 1021 5138 στάλικας
1046 5068 1305 5143 στήσαντο
1328 5064 1609 5149 κραταιοὺς

180 5165 377 5233 δίκτυᾶ
396 5172 439 5228 τ’
468 5166 839 5251 ἆμπετᾶσαντο
863 5164 955 5227 καὶ
983 5164 1179 5249 ἄρκυας
1212 5162 1605 5249 ἁμφεὸάλοντο·

1691 505 1947 564 poturum;
1968 504 2018 550 at
2039 513 2154 550 mox
2177 499 2270 550 sub
2287 498 2622 562 crepusculum
2641 499 2840 548 excitati

1690 593 1948 640 venatores
1973 591 2167 653 portant
2185 587 2350 650 viginti
2374 587 2630 651 amphoras

1692 677 1797 727 vini
1814 676 1999 739 dulcis,
2029 676 2158 740 quod
2181 675 2434 726 undecimo
2455 678 2576 725 ante
2595 688 2721 724 anno

1691 765 1929 829 expressit
1948 765 2121 828 aliquis
2145 763 2355 816 vinileris
2377 763 2747 828 plantationibus
2763 763 2984 826 deditus;

1691 867 1831 918 aquae
1861 855 2024 904 autem
2046 853 2314 904 immiscent
2331 865 2574 902 meracum
2595 865 2801 912 merum,
2821 865 2877 901 ac
2897 851 3089 903 deserto

1692 942 1829 992 sonte
1848 955 2109 1005 purpureo,
2129 954 2226 990 non
2249 940 2414 1004 procul
2437 940 2708 1000 excubant,

1693 1029 2283 1094 usquequaque-obvoluti
2303 1043 2477 1093 corpus
2499 1027 2712 1078 validum
2731 1032 2816 1078 aut
2841 1029 3048 1092 poenulis

1692 1121 1777 1168 aut
1788 1119 1908 1183 ipsis
1918 1118 2120 1178 retibus,
2131 1117 2355 1180 quoniam
2367 1119 2696 1179 tegumentum
2710 1115 2840 1166 aliud
2858 1117 3044 1168 nullum
3061 1119 3266 1180 possunt

1692 1207 1931 1267 invenire,
1963 1220 2118 1270 neque
2139 1204 2485 1270 ert-lapidibus,
2513 1219 2668 1269 neque
2687 1205 3024 1269 pulchricomis
3041 1219 3102 1256 ex
3125 1205 3260 1256 arlio-

1694 1295 1867 1360 ribus3]
1886 1296 2043 1345 omnis
2063 1294 2191 1345 enim
2215 1295 2504 1345 extensa-cst
2521 1291 2653 1344 arida
2669 1295 2718 1344 et
2732 1293 3104 1346 sine-arboribus
3123 1297 3264 1344 terra.

1692 1386 1789 1434 Has
1808 1387 1972 1434 autem
1999 1396 2114 1434 sane
2126 1381 2380 1433 caniculari
2398 1395 2427 1431 a
2445 1381 2544 1432 sole
2563 1395 2817 1446 percussas

1692 1471 1834 1522 simul
1857 1474 1908 1522 et
1924 1471 2032 1520 sitis
2049 1473 2098 1521 et
2114 1475 2278 1534 gratus
2299 1469 2446 1520 allicit
2466 1469 2602 1532 odor,

1692 1560 1874 1610 sontem
1891 1563 2053 1609 autem
2075 1558 2349 1622 proximant
2363 1558 2664 1608 vinolentum
2693 1561 2744 1608 et
2763 1557 2904 1608 valde
2921 1557 3155 1608 voraciter

1694 1647 1916 1699 lambunt
1931 1647 2120 1708 vinum,
2145 1647 2194 1698 in
2218 1651 2463 1698 se-mutuo
2481 1651 2644 1697 autem
2669 1651 2856 1696 cunctae

1692 1735 1908 1786 insiliunt
1924 1734 2122 1800 quidem
2146 1735 2356 1798 primum
2375 1735 2880 1798 choreas-agitantibus
2902 1734 3110 1797 similes,

1692 1824 1867 1876 deinde
1894 1838 2096 1889 corpore
2113 1827 2374 1890 gravantur
2388 1861 2404 1887 ,
2423 1824 2666 1888 faciesque
2683 1824 2730 1874 in
2749 1827 2925 1874 terram
2943 1823 3156 1875 divinam

1694 1913 1871 1964 sensim
1891 1913 2130 1965 declinant
2151 1913 2374 1964 deorsum
2391 1948 2408 1979 ‚
2435 1917 2600 1978 postea
2621 1917 2782 1963 autem
2801 1925 2969 1964 omnes

1696 2003 1903 2054 ebrietas
1920 2002 2147 2066 subigens
2167 2002 2303 2053 humi
2327 2002 2615 2066 prosternit,
2638 2001 2752 2052 alibi
2774 2001 2936 2054 aliam.

1694 2089 1948 2151 Quomodo
1967 2095 2130 2143 autem
2153 2104 2263 2141 cum
2289 2090 2515 2154 m-epulis
2537 2090 2812 2141 haurientes
2833 2089 3142 2140 e-crateribus

1694 2179 1910 2242 aequales
1932 2179 2094 2230 adhuc
2124 2178 2482 2240 adolescentes,
2510 2176 2670 2228 adhuc
2701 2177 3018 2240 pubescentes
3044 2176 3266 2241 lanugine

1695 2266 1907 2317 suaviter
1925 2266 2198 2329 cantillant,
2221 2270 2536 2330 provocantes
2555 2268 2666 2329 post
2687 2277 2876 2316 coenam

1694 2353 1974 2405 sti-invicem
1993 2354 2217 2418 utrinque
2237 2353 2420 2405 mutuis
2440 2353 2676 2418 preculis,

1695 2441 1892 2493 tandem
1906 2446 2070 2494 autem
2087 2443 2343 2507 quiescunt
2357 2479 2374 2506 ,
2389 2455 2569 2506 eosque
2587 2441 2773 2506 proiicit
2787 2441 2934 2492 alium
2953 2453 3096 2506 supra
3114 2439 3264 2490 alium

1694 2534 1743 2581 et
1761 2534 1976 2582 mentem
1998 2533 2050 2582 et
2067 2531 2233 2581 oculos
2254 2543 2514 2594 aggravans
2538 2529 2684 2581 robur
2701 2529 2802 2578 vini
2829 2543 2843 2579 ε

1695 2617 1761 2668 ita
1782 2617 1879 2668 iuae
1897 2631 2092 2682 quoque
2114 2619 2228 2669 ferm
2249 2630 2396 2680 supra
2411 2622 2658 2668 se-mutuo
2675 2617 2797 2668 l'usae

1694 2703 1797 2754 sine
1814 2704 1978 2755 labore
1999 2704 2356 2768 in·potestatem
2379 2703 2576 2754 fortium
2599 2707 2884 2753 venatorum
2917 2701 3212 2764 rediguntur.

1760 2791 1897 2842 Ursis
1910 2805 2028 2842 vero
2049 2791 2385 2843 machinantur
2406 2790 2660 2853 celebrem,
2679 2791 2918 2852 ingentem
2940 2789 3264 2854 venationem,

1697 2880 1878 2945 Tigrim
1903 2880 2180 2945 quicunque
2204 2879 2424 2931 accolunt
2436 2881 2487 2932 et
2502 2879 2776 2930 Armeniam
2787 2877 3028 2943 inclytam·
3034 2877 3263 2930 arcubus.

1698 2969 1905 3034 copiosa
1925 2970 2067 3020 turba
2088 2970 2267 3020 abeunt
2284 2968 2605 3019 in·umbrosas
2626 2967 2777 3018 valles
2795 2967 3007 3019 saltuum
3019 3003 3035 3030 ,

1699 3057 1915 3109 sollertes
1931 3096 1947 3121 ,
1970 3070 2081 3108 cum
2104 3058 2340 3122 copulatis
2362 3056 2611 3121 sagacibus
2635 3056 2862 3117 canibus,

1699 3146 1901 3209 vestigia
1925 3146 2233 3209 {inquirentes
2254 3144 2628 3210 perniciomm
2649 3157 2770 3207 vaga
2788 3144 3014 3195 serarum.

1698 3234 1791 3285 Sed
1808 3234 2004 3298 quando
2025 3233 2192 3285 vident
2214 3246 2358 3285 canes
2378 3233 2514 3298 signa
2531 3233 2799 3298 plantarum
2811 3268 2828 3294 ,

1698 3326 1961 3384 sectantur,
1979 3322 2380 3387 indagatoresque
2397 3320 2583 3373 ducunt
2605 3321 2781 3384 simul,

1696 3422 1835 3460 nares
1856 3409 2054 3475 quidem
2073 3409 2304 3472 oblongas
2323 3421 2472 3474 prope
2488 3414 2664 3460 terram
2683 3413 2944 3473 ponentes3

1696 3500 1823 3549 retro
1844 3501 2005 3549 autem
2027 3498 2069 3549 si
2089 3496 2222 3561 quod
2243 3497 2366 3548 forte
2387 3510 2571 3548 novum
2588 3495 2797 3548 viderint
2965 3494 2970 3499 ’

1698 3585 1954 3651 vestigium
1967 3622 1983 3649 ,
1999 3584 2283 3637 festinantes
2300 3584 2479 3635 saliunt
2495 3584 2660 3635 statim
2677 3584 2950 3634 exultantes
2960 3618 2978 3645 ,

1695 3674 1829 3724 obliti
1851 3673 2051 3737 prioris;
2075 3675 2332 3738 postquam
2350 3675 2514 3735 autem
2536 3671 2596 3722 ad
2624 3674 2895 3723 extremum
2918 3673 3242 3735 pervenei’uut

1695 3761 1842 3813 felicis
1862 3761 2194 3825 vestigationis
2217 3762 2430 3825 seraeque
2458 3759 2534 3812 ad
2547 3760 2736 3811 varium
2753 3760 2910 3811 cubile
2929 3795 2944 3821 ‚

1694 3850 1948 3913 e·vestigio
1967 3849 2045 3901 ille
2061 3848 2257 3913 quidem
2281 3848 2392 3899 salit
2413 3861 2442 3898 a
2465 3861 2612 3899 manu
2636 3848 2904 3909 venatoris,

1696 3938 2030 3989 miserabiliter
2068 3936 2331 3987 admodum
2372 3936 2578 3997 latrans,
2622 3935 2915 3986 exhilaratus
2953 3933 3258 3985 veliementer

1696 4026 1896 4090 animo.]
1925 4029 1990 4077 Ut
2010 4028 2172 4081 autem
2189 4038 2302 4075 cum
2325 4024 2484 4088 puella
2500 4022 2642 4074 lactei
2667 4022 2754 4087 (in)
2775 4022 2904 4073 veris
2925 4026 3143 4087 tempore

1698 4115 1844 4166 nudis
1870 4115 2074 4179 pedibus
2095 4127 2182 4178 per
2203 4114 2388 4164 uiantes
2405 4125 2573 4164 omnes
2589 4111 2809 4172 oberrat,

1696 4204 1835 4255 nores
1863 4216 2114 4268 quaerens3
2134 4202 2249 4252 huic
2266 4204 2432 4253 autem
2454 4200 2592 4253 valde
2609 4201 2775 4266 procul
2796 4204 2994 4251 remolae

1695 4304 1892 4343 suarem
1911 4291 2122 4341 anterius
2139 4289 2316 4339 violam
2336 4288 2515 4339 indicat
2535 4287 2713 4339 halitus
2724 4323 2742 4351 ‚

1694 4380 1834 4443 eique
1860 4378 1997 4430 valde
2011 4378 2204 4429 loetatur
2222 4377 2438 4441 ridetque
2455 4376 2646 4428 animus
2664 4376 2785 4427 levis
2803 4392 2821 4435 ς

1695 4467 2001 4533 deserpitque
2015 4466 2318 4531 inexplebilis
2348 4480 2406 4515 ac
2424 4466 2692 4517 revinciens
2708 4468 2851 4527 caput
2863 4500 2878 4525 ,

1694 4555 1828 4608 vadit
1844 4557 1896 4606 in
1914 4555 2170 4619 agrestium
2188 4554 2319 4606 aedes
2341 4554 2589 4605 cantillans
2611 4555 2882 4617 parentum.

1695 4644 1765 4695 sic
1780 4643 1914 4695 canis
1933 4644 2197 4695 delectatur
2217 4644 2408 4693 animus
2429 4642 2603 4692 audax.
2623 4644 2685 4691 At
2704 4640 2903 4690 venator

1694 4733 2004 4797 quantumuis
2021 4731 2158 4781 illum
2177 4734 2510 4795 properantem
2530 4728 2825 4779 vi-cohibens
2843 4726 2958 4777 loris
2975 4760 2990 4785 ,

1694 4822 1916 4872 exultans
1933 4832 2151 4871 reversus
2168 4819 2267 4869 abit
2283 4819 2344 4869 ad
2362 4821 2539 4869 coetum
2559 4816 2812 4867 sociorum.

1694 4910 1782 4961 His
1803 4922 1920 4959 vero
1938 4913 1986 4959 et
2003 4908 2178 4959 saltum
2205 4906 2442 4969 ostendit,
2472 4911 2522 4957 et
2539 4905 2686 4957 seram
2705 4904 2924 4955 acerbam

1694 4997 1797 5061 ipse
1815 5000 1867 5048 et
1883 4994 2314 5062 particeps-laboris
2337 4994 2417 5043 ubi
2437 4993 2716 5043 insidiantes
2737 4991 3030 5056 reliquerint.

1692 5086 1768 5136 mi
1790 5088 1951 5137 autem
1971 5084 2246 5136 festinantes
2263 5082 2421 5133 furcas
2437 5080 2652 5145 deligunt
2669 5081 2831 5131 firmas
2845 5115 2862 5142 ,

1690 5172 1904 5239 retiaque
1926 5171 2204 5236 expandunt
2218 5172 2269 5223 et
2288 5182 2446 5223 casses
2463 5166 2862 5233 circumponuntg
