3767 5825
544 404 650 455 102
1340 390 1747 451 ΣΕΡΒῙΑΙΟΥ
1786 390 2356 449 ΔΑΜΟΚΡΑΤΟΥΣ
2401 392 2498 449 ΤΑ
2547 390 2921 452 ΛΕΙΨΑΝΑ.

914 576 1015 635 ΕΞ
1039 577 1339 635 ΑΔΗΛΩΝ
1364 575 1697 634 ΒΙΒΛΙΩΝ.

534 744 613 789 ΤΑ
628 744 753 787 ΪΠΟ
770 742 1229 787 ΔᾸΜΟΚΡΑΊῸΥΣ
1243 740 1635 785 ΜΑΔΑΓΜΑΤΑ
1650 740 2088 785 ΓΕΓΡΑΜΜΕΝΑ

604 824 766 868 ΠΡΟΣ
786 822 954 866 nnn>
985 822 1093 866 ΚΑΙ
1119 820 1592 865 ΥΠΟΧΟΝΔΡΙΟΝ·
1616 821 1770 864 ‘rma
1790 820 1863 864 ΔΕ
1887 822 2086 865 ΑΥΤΩΝ

605 904 712 947 ΚΑΙ
770 902 934 947 ΠΡΟΣ
986 900 1167 945 ΟΔΠΝ
1232 900 1363 943 ΤΗΝ
1430 900 1707 944 ΓΑΣΤΕΡΑ
1780 900 1890 945 ΚΑΙ
1960 900 2086 945 ΤΟΝ

604 981 885 1027 ΣΠΛΗΝΑ.

636 1094 1023 1176 Ὑποχονδρίοις
1055 1094 1109 1154 δὲ
1130 1098 1231 1161 τοῖς
1253 1095 1562 1154 πεπονθόσιν
1592 1096 1751 1155 θέλων

640 1185 741 1246 Διὰ
768 1184 1036 1263 στομάχου
1060 1184 1309 1255 κάκωσιν,
1337 1184 1371 1253 ἢ
1390 1188 1481 1255 τῆς
1510 1184 1728 1259 κοιλίας,

634 1278 685 1334 Τ
686 1276 756 1331 ῶν
787 1272 1003 1351 ἐντέρων
1024 1296 1080 1330 τε
1109 1272 1199 1330 καὶ
1222 1271 1393 1331 κώλου
1412 1277 1505 1329 τοῦ
1526 1272 1568 1329 θ’
1592 1270 1791 1341 ἥπατος
1806 1318 1825 1347 ‚

632 1360 823 1419 Ἄλλου
848 1364 895 1418 0·
916 1359 1107 1435 ὁμοίως
1130 1359 1309 1439 κυρίου
1338 1358 1642 1438 σπλάγχνου
1660 1360 1821 1437 τινὸς,

568 1472 593 1508 ο
634 1449 894 1525 Μάλαγμ’
920 1446 1223 1527 ἕπιρίπτειν,
1250 1453 1429 1518 τοῦτο,
1452 1452 1657 1527 πρῶτον
1682 1448 1938 1515 σκευάσας

633 1531 971 1615 Ἐμπροσθεν
996 1533 1123 1593 αὐτό
1138 1558 1153 1571 ·
1174 1534 1487 1614 προσφάτως
1508 1533 1609 1616 γὰρ
1632 1534 1905 1612 γενόμενον

634 1620 895 1683 Ἔλαττον
920 1621 1069 1681 ἔσται
1088 1622 1194 1690 τοῖς
1218 1625 1423 1679 νοσοῦσι
1450 1621 1733 1701 χρήσιμον.

630 1708 821 1772 Ἔστιν
844 1710 899 1769 δὲ
926 1716 1086 1790 κηροῦ
1113 1714 1370 1769 Ποντικοῦ
1387 1710 1562 1788 λίτραι
1591 1708 1680 1769 δύο
1696 1734 1709 1747 ·

634 1799 997 1877 Ἀμμωνιακοῦ
1025 1796 1351 1875 θυμιάματος
1373 1797 1527 1877 λίτρα
1553 1798 1648 1873 μία
1668 1844 1684 1875 ‚

558 1908 607 1946 10
632 1886 975 1966 Τερμινθίνης
993 1910 1047 1944 τε
1076 1890 1169 1957 τῆς
1196 1885 1561 1967 πεφρυγμένης
1583 1884 1753 1965 λίτρα,

635 1975 743 2035 Καὶ
771 1979 862 2045 τῆς
888 1974 1124 2046 πιτυίνης
1153 1978 1245 2046 τῆς
1264 1972 1584 2049 κεκαυμένης
1613 1974 1783 2053 λίτρα,

633 2062 829 2142 Λίτρας
852 2061 907 2119 δὲ
928 2060 989 2121 τὸ
1014 2062 1185 2142 τρίτον
1210 2060 1575 2141 καρδαμώμου
1604 2060 1923 2137 σπέρματος,

632 2154 815 2231 Ξηρᾶς
832 2150 1081 2230 κυπείρου
1108 2149 1299 2208 ταύτὸν
1324 2150 1345 2227 [
1364 2150 1454 2207 καὶ
1478 2156 1497 2221 ]
1532 2146 1761 2227 σμύρνης
1779 2148 1911 2219 ἴσον,

527 2287 543 2302 .
630 2236 775 2299 Ἴσον
792 2260 848 2296 τε
868 2236 944 2295 ἑνὶ
972 2235 1165 2295 τούτων
1196 2236 1345 2317 ἴρεως
1361 2236 1548 2307 λευκῆς
1568 2239 1784 2314 σταθμῷ

560 2344 608 2383 ιο
639 2321 1045 2403 Κεκαθαρμένης
1070 2346 1131 2381 τε
1164 2324 1423 2395 Κελτικῆς
1448 2323 1652 2401 οὐγγίαι
1680 2322 1799 2394 δύο,

634 2412 843 2493 Κρόκου
873 2410 927 2469 δὲ
946 2410 1160 2489 οὔγγίαν
1184 2409 1309 2483 μίαν
1335 2410 1425 2469 καὶ
1444 2410 1630 2487 ἥμισυ,

634 2502 657 2579 [
688 2500 795 2560 Καὶ
817 2500 840 2579 ]
862 2497 915 2567 ἓξ
945 2498 999 2557 δὲ
1030 2496 1319 2575 μελιλώτου
1337 2497 1464 2578 πρὸς
1487 2488 1554 2556 αὖ
1573 2522 1631 2577 γε
1662 2506 1773 2563 ταῖς
1806 2497 1916 2557 δύο·

636 2587 715 2648 Τὸ
738 2588 782 2645 δ’
807 2586 1034 2647 Ἀττικὸν
1060 2584 1347 2664 μελίλωτον
1380 2586 1739 2667 αἱρετώτερον·

632 2674 901 2755 Κυπρίνου
928 2676 975 2733 δ’
997 2673 1171 2733 ἐλαίου
1195 2674 1495 2753 προσφάτου
1522 2674 1698 2755 λίτραι
1726 2672 1836 2734 δύο.

550 2785 606 2823 20
635 2762 896 2842 Κυπρίνον
921 2761 1015 2839 μὲν
1042 2752 1129 2821 οὗν
1156 2761 1247 2821 καὶ
1276 2761 1447 2821 τᾶλλα
1474 2762 1643 2834 τηκτὰ
1664 2764 1905 2841 μίγματα

632 2850 773 2933 Ἕψε
797 2851 951 2933 φλογὶ
967 2855 1033 2932 τῇ
1055 2849 1221 2934 κούφῃ
1245 2850 1409 2930 [καὶ]
1440 2840 1529 2909 εἶθ’
1547 2850 1683 2911 οὕτω
1709 2850 1877 2920 ξύσον.

630 2942 681 3000 Τ
686 2939 719 2998 ὰ
748 2939 799 2998 δὲ
822 2940 980 2999 λοιπὰ
1005 2941 1174 3020 κόψας
1196 2945 1375 3013 σῆσον,
1402 2929 1498 2998 εἶτ’
1517 2939 1636 3021 οἴνῳ
1658 2940 1806 3020 κάλῳ

646 3026 915 3108 Φύρασον,
940 3018 1053 3086 εἶτα
1071 3025 1233 3086 νύκτα
1260 3027 1500 3108 χήμέραν
1526 3031 1651 3104 μίαν

632 3111 786 3196 Ἄφες
808 3115 895 3175 τὸν
918 3105 1056 3175 οἶνον
1081 3117 1319 3174 ἀναπιεῖν
1339 3115 1406 3174 τὰ
1434 3115 1693 3192 μίγματα,

554 3223 605 3263 κ
632 3203 825 3283 Χεῖράς
847 3207 893 3262 τ’
918 3203 1135 3284 ἀλείψας
1158 3207 1236 3282 τῷ
1258 3203 1520 3284 κυπρίνῳ,
1554 3204 1620 3262 τὰ
1650 3205 1902 3286 φάρμακα

630 3289 874 3351 “Anava
903 3290 1051 3367 μίξας
1080 3293 1131 3350 ἐν
1156 3291 1301 3372 θυείᾳ
1331 3291 1647 3373 πλατυτέρα,

637 3377 821 3446 Οὕτως
848 3379 1113 3451 ἀποτίθου,
1140 3379 1361 3458 δέρμασι
1383 3383 1635 3456 μαλακοῖς
1665 3381 1841 3439 σκέπε.

1144 3565 1463 3589 ·--—-oe---
1488 3566 1497 3580 ⁸

842 3705 1013 3753 AAAO
1052 3705 1366 3752 MAAArMA
1400 3707 1517 3752 ΤΟΥ
1555 3707 1760 3753 ΑΪἸῸΥ.

636 3853 777 3934 Πρὸς
802 3853 969 3913 ταύτὰ
996 3859 1172 3912 ποιοῦν
1202 3851 1393 3934 ἕτερον·
1414 3852 1476 3912 ἂν
1500 3855 1683 3933 χρόνον
1712 3855 1852 3935 λάὸῃ

633 3943 721 4004 Τὰ
746 3941 886 4013 πάθη
908 3940 1096 4022 φόόους
1115 3941 1303 4020 ἔχοντα
1321 3939 1439 4007 τοὺς
1466 3943 1710 4020 καχεξίας
1726 3990 1743 4018 ,

550 4051 603 4092 ³0
631 4029 789 4091 Τοῦτ’
818 4030 1009 4110 ὠφελεῖ
1034 4052 1089 4086 τε
1115 4031 1334 4103 μᾶλλον,
1352 4027 1451 4088 ὅσα
1472 4028 1545 4106 μὴ
1580 4029 1841 4106 πνεύμασι

632 4118 718 4179 Τὰ
745 4117 1026 4197 σπλάγχνα
1051 4118 1274 4195 βλάπτει
1298 4121 1609 4197 φλεγμοναῖς
1638 4121 2023 4200 μακρωτέραις·

634 4209 853 4272 Πυκνῶς
868 4203 971 4286 γὰρ
993 4205 1235 4273 ὄξύνοντα
1262 4204 1394 4282 μετὰ
1422 4206 1593 4264 πόνων
1623 4209 1855 4288 σφοδρῶν

638 4285 745 4352 Καί
769 4294 1030 4373 σκληριῶν
1063 4295 1153 4351 καὶ
1183 4293 1409 4375 σκίῤῥων
1434 4317 1491 4372 γε
1524 4295 1801 4360 δυσλύτους
1824 4295 2028 4374 φόῧους-

633 4380 761 4441 Λύει
781 4379 837 4439 δὲ
866 4383 1033 4440 αὐτῶν
1062 4381 1155 4447 τὰς
1177 4381 1505 4447 κατασκευὰς
1522 4381 1678 4460 ταχύ.

556 4490 607 4528 35
637 4468 867 4536 Σκεύαζε
893 4470 937 4526 δ’
962 4467 1097 4527 οὕτω
1113 4492 1125 4506 ·
1155 4473 1249 4540 τῆς
1273 4472 1439 4540 καλῆς
1460 4470 1784 4548 τερμινθίνης

634 4557 827 4635 Λίτρας
847 4556 923 4614 δύ’
940 4555 1105 4632 ἥμισυ
1120 4602 1135 4630 ,
1163 4560 1417 4617 Ποντικοῦ
1440 4563 1599 4635 κηροῦ
1628 4557 1758 4628 ἴσον,

636 4643 1041 4721 Κεκαθαρμένης
1070 4642 1123 4701 δὲ
1146 4644 1342 4714 τήλεως
1369 4644 1547 4723 λίτραν
1580 4644 1721 4720 μίαν,

636 4731 829 4810 Νίτρου
852 4754 911 4790 τε
937 4731 1095 4790 ταύτὸ
1121 4731 1211 4789 καὶ
1240 4733 1471 4798 πάνακος
1498 4733 1675 4810 λίτραν
1708 4734 1855 4809 μίαν,

636 4819 809 4877 Πάλιν
834 4819 916 4896 (τ’)
947 4819 1170 4889 ἀννήσου
1202 4818 1499 4898 σπέρματος
1526 4819 1705 4897 λίτραν
1732 4820 1878 4896 μίαν,

557 4925 606 4963 ω
636 4905 853 4984 Μόσχου
888 4929 945 4964 τε
974 4905 1151 4974 λίπους
1179 4905 1567 4984 κεκαθαρμένου
1590 4906 1769 4986 λίτραν
1794 4907 1938 4984 μίαν,

639 4994 746 5053 Καὶ
774 4997 930 5054 ταύτὸ
953 5000 1139 5067 λευκῆς
1159 4995 1308 5076 ἴρεως
1327 4996 1650 5071 κεκομμένης
1666 5039 1680 5066 ,

636 5078 825 5148 Ὀξους
853 5083 905 5140 δὲ
930 5083 1146 5150 κυάθους
1176 5081 1267 5141 δύο
1290 5082 1453 5160 [καὶ]
1480 5082 1642 5158 ἥμισυ
1676 5080 1847 5158 βραχὺ
1865 5125 1880 5153 ,

642 5171 867 5238 Μέλιτος
894 5169 948 5228 δὲ
966 5171 1145 5250 λίτρας
1170 5171 1246 5228 δύ’
1277 5170 1508 5230 Ἀττικοῦ
1528 5175 1619 5228 τοῦ
1643 5167 1972 5250 προσφάτου,

2555 576 2652 633 Ex
2700 574 3046 635 lNCERTIS
3095 576 3354 636 Llssms.

2181 736 2571 779 numenium
2609 735 2650 777 A
2681 736 3054 779 Dauoan'rB
3085 739 3450 781 couscmma
3485 742 3556 783 An
3587 745 3658 783 m:-

2251 834 2370 877 Pu
2409 834 2483 875 131·
2529 835 2929 889 PnAEconnla3
2971 836 3242 889 Quaennt
3284 838 3358 879 EX
3393 840 3479 881 ms
3517 842 3656 881 mill

2250 932 2332 973 An
2375 933 2586 975 ‘town
2615 933 2906 975 vannum
2935 934 3011 975 13⁸1·
3037 934 3338 977 sPLRNBu.

2185 1086 2400 1136 Affectus
2421 1086 2460 1135 si
2483 1086 2592 1149 quis
2613 1100 2695 1148 per
2712 1087 3016 1135 stomachum
3033 1086 3319 1149 praecordia,

2179 1178 2241 1225 Et
2259 1188 2344 1237 per
2359 1175 2510 1237 jecur,
2539 1174 2762 1223 intestina
2783 1188 2886 1237 per,
2905 1174 3018 1223 dein
3037 1187 3122 1237 per
3137 1175 3298 1225 eolum
3311 1210 3326 1235 ,

2177 1265 2266 1314 Per
2280 1263 2602 1313 ventriculum
2623 1265 2708 1312 aut
2719 1264 2878 1311 viscus
2895 1262 3024 1311 aliud
3045 1262 3176 1325 quod
3197 1264 3390 1313 maximi

2177 1353 2406 1401 momenti
2423 1350 2484 1401 ad
2506 1352 2719 1415 eorporis
2741 1352 2890 1399 nostri
2909 1353 2982 1400 est
2997 1350 3180 1401 bonum
3193 1388 3208 1411 ,
3233 1352 3362 1402 volet

2175 1439 2460 1501 Malagmata
2481 1443 2734 1501 oontegere
2751 1439 2880 1489 bono
2896 1442 2947 1489 et
2965 1440 3326 1502 percommodo,

2175 1528 2390 1577 Primum
2406 1531 2626 1589 paratum
2639 1528 2832 1577 habebit
2851 1530 2942 1577 hoc
2961 1528 3098 1590 longe
3111 1531 3252 1578 antea
3267 1545 3282 1588 3

2177 1620 2356 1665 Recens
2377 1617 2504 1665 euim
2528 1618 2600 1665 est
2618 1615 2754 1677 aegris
2777 1616 2938 1665 minus
2959 1616 3153 1665 firmum
3175 1630 3234 1665 ae
3253 1616 3438 1676 valens3

2175 1706 2312 1753 Cerae
2337 1704 2464 1767 capit
2485 1704 2614 1766 quod
2634 1704 2845 1753 Ponticae
2868 1702 3011 1753 libras
3027 1704 3174 1765 duas,

2177 1790 2468 1840 Ammoniaci
2487 1788 2815 1851 thymiamatis
2835 1788 2985 1839 solam
3011 1790 3178 1838 libram
3192 1827 3209 1852 ,

2175 1878 2530 1928 Terebinthina:
2551 1879 2704 1927 frictae
2723 1878 2900 1940 pariter
2918 1878 3066 1927 solam
3091 1878 3284 1938 libram,

2175 1970 2400 2029 Ustoeque
2423 1968 2590 2015 resinae
2617 1966 2765 2029 pieeae
2787 1966 2928 2015 simul
2953 1966 3150 2027 libram,

2177 2057 2237 2105 Et
2255 2057 2363 2117 post
2381 2055 2604 2103 trientem
2623 2054 2918 2103 cardamomi
2937 2055 3131 2103 seminis
3144 2090 3159 2115 ,

2185 2143 2336 2191 Siccam
2360 2144 2517 2205 cyperi
2541 2144 2842 2192 tantumdem
2857 2180 2872 2204 ,
2897 2144 3012 2193 item
3034 2144 3241 2206 myrrlm
3265 2144 3420 2204 bonae,

2175 2230 2462 2292 Pondusque
2485 2245 2570 2293 par
2589 2232 2671 2279 uni
2691 2232 2960 2294 horumque
2981 2232 3062 2281 iris
3079 2232 3293 2281 eandidae
3307 2270 3323 2293 ,

2175 2322 2454 2369 sextantem
2473 2324 2522 2369 et
2545 2320 2654 2369 iude
2672 2320 2864 2369 celtiooe
2886 2320 3030 2383 spieae
3049 2321 3269 2383 integrm,

2173 2406 2298 2457 Hinc
2319 2409 2508 2457 unciam
2527 2421 2672 2457 unam
2691 2412 2742 2457 et
2762 2407 3010 2458 dimidiam
3024 2410 3154 2459 croci
3173 2410 3296 2471 boni,

2177 2500 2236 2547 Et
2249 2510 2330 2545 sex
2353 2497 2548 2546 meliloti
2562 2534 2575 2558 ,
2601 2496 2716 2545 item
2735 2496 2858 2547 duas
2871 2534 2886 2557 ,
2907 2496 3092 2547 bessem
3112 2500 3255 2561 puto;

2177 2588 2359 2634 Verum
2385 2585 2654 2633 melilotum
2677 2586 2955 2647 praestiterit
2973 2586 3054 2635 hic
3076 2586 3310 2647 Atticurm

2175 2674 2397 2722 Recentis
2420 2675 2470 2735 et
2488 2674 2671 2735 cyprini
2697 2672 2842 2723 libras
2867 2673 2958 2721 olei
2979 2674 3116 2750 duas·

2174 2760 2344 2810 Oleum
2363 2761 2614 2823 cyprinum
2636 2764 2686 2809 tu
2707 2774 2818 2810 eum
2837 2761 3034 2824 reliquis
3057 2761 3319 2824 liquoribus

2176 2851 2238 2899 Et
2259 2848 2474 2909 decoque
2488 2848 2616 2897 lenta
2635 2848 2880 2898 flammula
2893 2852 2942 2899 et
2963 2848 3198 2899 deradito.

2175 2939 2296 2987 Dein
2319 2939 2428 2986 tusa
2451 2938 2968 3000 cribrataque-reliqua
2995 2939 3108 2987 vino
3130 2939 3258 2986 bono

2173 3027 2344 3086 Rigata
2368 3038 2450 3088 per
2473 3029 2663 3074 noctem
2687 3025 2917 3088 integram
2935 3029 2986 3076 et
3003 3029 3154 3076 totam
3173 3026 3316 3090 diem,

2175 3115 2354 3162 Vinum
2375 3127 2518 3162 omne
2531 3113 2684 3162 donec
2709 3113 3007 3174 combibant,
3027 3117 3269 3178 seponite,

2177 3203 2443 3265 Unctisque
2462 3205 2570 3264 post
2589 3203 2788 3264 cyprino
2808 3203 3028 3252 manibus
3047 3203 3150 3253 liaeo
3173 3205 3416 3266 pharmaca

2175 3289 2403 3341 mortario
2417 3291 2578 3352 amplo
2598 3293 2672 3338 sat
2693 3289 2834 3338 simul
2855 3291 3172 3352 oommittito,

2176 3379 2400 3440 Mollique
2418 3377 2539 3440 pelle
2565 3379 2688 3426 tecta
2709 3379 2848 3427 simul
2867 3379 3100 3439 reponito.

2528 3709 2715 3750 Amul>
2749 3708 3060 3752 nummu
3097 3711 3381 3754 BJUSDBU·

2175 3863 2316 3913 Aliud
2342 3863 2520 3923 valens,
2547 3865 2665 3912 aetas
2683 3863 2846 3913 itidem
2865 3867 2906 3912 si
2923 3865 3208 3925 accesserit,

2173 3954 2352 4000 Verum
2373 3951 2466 3999 hoc.
2485 3965 2620 4013 mage
2633 3951 2856 4012 assectae,
2879 3950 3019 4014 queis
3038 3955 3112 4002 eat
3143 3953 3328 4002 habitus
3349 3951 3474 4000 timor

2173 4041 2244 4088 Ne
2264 4038 2487 4099 vitietur,
2505 4038 2778 4101 quicunque
2806 4052 2902 4087 non
2917 4052 3030 4088 cum
3057 4039 3245 4090 flatibus

2175 4129 2234 4175 Et
2253 4126 2549 4187 phlegmonis
2569 4126 2752 4174 laedunt
2769 4125 3060 4176 diutiorihus

2173 4217 2348 4275 Juvat;
2373 4227 2484 4262 nam
2503 4227 2630 4276 soepe
2647 4227 2756 4262 cum
2789 4217 2972 4276 magnis
2989 4215 3232 4265 doloribus

2173 4302 2375 4359 Quando
2393 4304 2594 4362 augetur
2613 4301 2806 4350 duritiei
2829 4306 2878 4351 et
2897 4303 3066 4352 soirrhi
3089 4303 3248 4360 timor.

2171 4389 2340 4447 Solvit,
2357 4389 2514 4438 soluta
2535 4391 2660 4438 mole
2677 4403 2844 4438 earum
2865 4390 3102 4440 celeriter.

2175 4479 2370 4526 Paratur
2389 4476 2482 4525 hoo
2499 4477 2644 4526 modo
2663 4480 2718 4526 ut
2747 4478 2884 4526 honre
2897 4479 3234 4528 terebinthinae

2173 4565 2339 4613 Libras
2356 4564 2476 4614 duas
2489 4565 2633 4614 semis
2649 4567 2698 4614 et
2713 4579 2834 4613 cerie
2857 4568 3068 4614 Ponticoe

2171 4653 2412 4712 Totidem,
2431 4653 2544 4701 roeni
2567 4653 2722 4702 Graeci
2749 4665 2894 4701 unam
2913 4653 3048 4703 indes
3065 4653 3170 4716 puri
3189 4653 3373 4708 libram,

2177 4743 2235 4788 Et
2255 4739 2317 4788 de
2341 4739 2466 4788 uitro
2485 4742 2633 4802 atque
2651 4740 2712 4788 de
2727 4753 2906 4802 panace
2931 4742 3122 4789 unicam
3143 4741 3301 4790 libram
3315 4775 3328 4795 .

2171 4829 2445 4888 Rursusque
2461 4827 2579 4876 anisi
2599 4828 2794 4876 seminis
2813 4828 3005 4876 unicam
3027 4829 3221 4888 libram;

2175 4913 2476 4975 Pinguedinis
2496 4927 2630 4976 puroe
2655 4914 2796 4965 vituli
2819 4915 2964 4964 simul
2987 4917 3184 4976 libram5

2175 5003 2460 5064 Pondusque
2481 5015 2568 5064 par
2587 5007 2802 5052 contusae
2819 5006 2869 5052 et
2887 5003 3060 5052 albidae
3077 5003 3230 5061 iridis;

2172 5093 2344 5138 Parum
2369 5089 2430 5138 de
2447 5093 2582 5139 aceto
2595 5128 2608 5151 ,
2631 5094 2726 5139 tres
2745 5090 2945 5152 cyathos
2964 5091 3068 5140 sine
3089 5090 3305 5149 dimidio;

2171 5177 2323 5230 Mellis
2341 5177 2461 5229 duas
2479 5178 2626 5228 libras
2643 5179 2847 5228 recentis
2865 5177 3036 5242 Attiei;
