3767 5825
96 390 395 470 (sea—ann.)
791 372 1054 436 PHlLAE
1093 361 1392 430 VERSUS
1434 361 1533 422 DE
1574 349 2038 418 ANIMALIUM
2081 337 2638 406 PROPRIETATE.

98 546 199 584 iser,
227 519 319 580 καί
346 513 540 598 γυμνὸς
566 501 709 576 οὗτός
742 508 853 565 ἐστι
884 505 1068 585 μικροῦ
1094 496 1328 578 κοχλίας.

582 743 770 803 ΠΕΡΙ
810 732 1196 798 ΠΕΡΣΕΩΣ.

230 889 409 971 ’lycia
435 892 465 946 ὃ
492 880 712 963 περσεῦς
739 875 968 960 ἐμφερὴς
994 881 1109 939 ταῖς
1131 868 1353 940 ἀνθίαις,

238 982 442 1058 μᾶλλον
476 974 531 1033 δὲ
555 981 660 1038 τοῖς
686 965 914 1048 λάὸροιξι
940 967 1046 1030 τοῖς
1078 957 1412 1041 βορωτάτοις.

237 1068 345 1134 6ος
374 1068 434 1125 ἐκ
455 1063 684 1144 κεφαλῆς
707 1060 779 1124 εἷς
806 1051 1025 1135 ἐρυθρὰν
1050 1047 1283 1128 γαστέρα

236 1155 427 1226 ζώναις
447 1150 667 1233 χρυσαῖς
694 1145 938 1224 ἄντικρυς
964 1135 1316 1218 ἧγλαῖσμένος

110 1271 215 1309 187⁰
241 1245 353 1312 υἱὸς
378 1242 608 1322 μυθικῶς
630 1232 933 1316 Ἀφροδίτης
960 1228 1159 1309 ἐκρίθη.

240 1334 481 1393 Πλωτῶν
506 1325 561 1386 δὲ
588 1327 759 1406 θηρῶν
788 1321 1055 1396 δυσμενῶν
1085 1310 1388 1392 κατισχύει,

239 1423 419 1482 ὀδοῦσι
444 1421 659 1496 μακροῖς
682 1409 773 1470 καὶ
794 1408 971 1486 τομαῖς
991 1400 1370 1486 πεφραγμένος.

764 1553 975 1571 -—-·——--

658 1644 845 1705 ΠΕΡΙ
889 1639 1155 1701 ΠΙΝΗΣ.

256 1797 385 1856 Τῶν
416 1787 646 1870 ὀστρέων
675 1785 731 1845 ἕν
754 1787 893 1843 ἐστιν
918 1785 953 1852 ἡ
972 1779 1098 1848 πίνη
1124 1775 1296 1854 γένος,

247 1885 285 1957 ἣ
314 1880 414 1947 τὰς
440 1875 667 1961 φορητὰς
692 1875 1087 1954 παρανοιγνῦσα
1116 1863 1322 1943 πτύχας

120 1999 226 2038 1875
256 1973 434 2032 κεῖται
460 1967 580 2028 καθ’
610 1967 799 2046 ὑγρῶν,
824 1959 919 2020 καὶ
941 1955 1235 2038 προὸάλλει
1257 1949 1469 2032 σαρκίον

254 2063 319 2121 ἐκ
340 2063 445 2118 τῶν
474 2058 664 2126 ἑαυτῆς
690 2050 978 2129 μαλθακῶν
1007 2041 1301 2104 ἐντοσθίων.

144 2155 217 2231 (τι)
259 2149 445 2210 Ὀταν
476 2143 531 2205 δὲ
556 2142 730 2222 μαινὶς
754 2141 1085 2207 ἀπατηθεῖσα
1115 2130 1337 2213 δράμοι,

257 2239 507 2318 καρκῒνος
533 2233 671 2308 αὐτῇ
699 2224 937 2304 συμὸιῶν
965 2218 1315 2302 προσεγγίσας

256 2325 437 2385 νῦττει
472 2319 583 2400 μετ’
614 2318 789 2381 αἰδοῦς
814 2314 928 2380 ταῖς
952 2309 1145 2376 λαὸαῖς
1171 2307 1231 2365 τὸ
1262 2303 1491 2386 σαρκίον·

131 2439 239 2478 1880
265 2421 303 2487 ἡ
337 2412 395 2473 δὲ
420 2408 579 2471 πλέον
607 2404 852 2485 κέχηνεν,
876 2405 911 2472 ἡ
930 2399 997 2458 ,δὲ
1018 2397 1259 2480 προσνέει

258 2503 357 2564 καὶ
384 2509 490 2568 τοῖς
514 2501 733 2557 λαθοῦσι
762 2488 1033 2570 διπτύχοις
1062 2484 1351 2544 ἁλίσκεται.

132 2597 225 2674 (ιο)
258 2589 459 2672 Ύγρὸν
480 2586 537 2646 δὲ
564 2583 681 2668 ῥυὲν
707 2584 785 2662 τῷ
814 2578 1073 2658 στομάχῳ
1099 2579 1191 2645 τῆς
1219 2570 1399 2642 πίνης,

264 2685 343 2749 εἷς
364 2679 641 2758 ἀστραπῆς
668 2670 930 2750 ἔλλαμψιν
963 2664 1144 2745 εὑρέθη
1173 2661 1337 2726 λίθος·

266 2767 574 2846 κινούμενον
598 2760 655 2822 δὲ
683 2765 749 2840 τῇ
773 2752 1143 2836 καθειρχθείσῃ
1168 2749 1332 2820 ζέσει,

138 2883 249 2926 1385
273 2863 347 2927 εἷς
378 2848 733 2937 μαρμαρυγὴν
761 2849 1075 2925 ὄργανοῧται
1105 2837 1402 2919 μαργάρου.

276 2947 423 3019 Πίνη
448 2942 503 3001 δὲ
524 2948 665 2999 ποιεῖ
692 2935 784 2997 καὶ
808 2936 1003 3015 τριχῶν
1032 2929 1271 3011 βλάστην
1296 2924 1461 2997 ξένην,

140 3041 237 3121 (15)
274 3036 353 3102 ὥς
380 3030 431 3101 ἔξ
462 3030 711 3112 ἀραχνῶν
740 3024 991 3103 συμφυῶν
1019 3020 1125 3076 τῶν
1154 3014 1407 3093 ἐγκάτων·

274 3117 343 3195 ἧς
364 3126 399 3193 ἡ
429 3114 691 3201 φεραυγὴς
716 3110 807 3171 καὶ
836 3110 1079 3189 χλιδῶσα
1104 3102 1387 3175 λεπτότης,

278 3214 483 3282 ξανθοῖς
508 3205 801 3279 πλοκάμοις
829 3197 1090 3256 ἐνδεθεῗσα
1117 3191 1411 3272 παρθένων,

151 3326 255 3363 imo
285 3298 636 3377 σπαργῶντας
664 3290 847 3354 αὐταῖς
874 3281 1227 3365 μαστροπεύει
1254 3279 1520 3361 νυμφίους.

631 3526 818 3588 ΠΕΡΙ
862 3519 1285 3581 ΚΑΡΚΙΝΩΝ.

296 3666 725 3751 Ἐξοστρακωθὲν
754 3668 825 3731 εἷς
846 3656 1136 3743 παρακμὴν
1165 3656 1224 3716 τὸ
1254 3653 1433 3734 στέγος

158 3770 255 3847 (20)
290 3758 673 3841 ἐξοστρακίζειν
706 3745 811 3813 οἶδε
839 3749 1087 3832 καρκίνου
1112 3746 1280 3829 φύσις.

295 3836 684 3931 Οἷσῖτρούμενος
709 3840 811 3921 γὰρ
842 3843 1161 3913 κνησμοναῖς
1190 3830 1507 3911 ἀποκρύφοις

297 3940 495 4003 ἐκεῖνος
522 3938 655 4016 ὀργᾶΙ
682 3932 933 4007 πανταχῆ
962 3928 1159 4005 τροφῆς
1186 3920 1361 4001 χάριν·

163 4054 271 4095 18⁹5
300 4025 623 4109 ὀγκούμενος
650 4018 707 4078 δὲ
727 4018 1009 4093 πλησμονῇ
1037 4012 1133 4084 τὴν
1165 4008 1428 4090 γαστέρα,

304 4118 481 4197 σοφῶς
508 4116 720 4189 ὑποσπᾷ
750 4110 845 4179 τῆς
870 4102 1148 4183 καλύπτρας
1173 4098 1268 4165 τὰς
1298 4098 1479 4161 δέσεις.

163 4214 257 4291 (25)
294 4212 415 4269 Τοῦ
440 4200 743 4283 θρύμματος
768 4198 891 4274 γοῦν
922 4189 1229 4254 ἐκπεσόντος
1259 4186 1448 4244 αὐτίκα
1470 4229 1486 4259 ,

304 4296 476 4355 νοσῶν
498 4294 527 4348 δ
548 4285 765 4368 γυμνὸς,
788 4280 1017 4351 εὐπαθὴς
1035 4278 1137 4359 γὰρ
1157 4274 1341 4356 εὑρέθη
1355 4320 1370 4346 ,

200 4446 207 4451 ,
306 4383 459 4464 με’νει
484 4379 675 4459 τροφῆς
699 4372 949 4450 ἄγευστος
971 4370 1041 4433 εἷς
1064 4366 1311 4424 πλεῖστον
1333 4361 1537 4443 χρόνον.

172 4498 285 4539 ιοοο
308 4467 657 4550 Πηγνύμενος
680 4462 739 4521 δὲ
762 4465 831 4541 τῇ
857 4461 985 4538 δορᾷ
1007 4461 1075 4536 τῇ
1103 4452 1421 4535 προσφάτῳ,

306 4556 510 4642 τροφὴν
538 4554 647 4635 ἔχει
667 4550 764 4622 τὴν
786 4546 1005 4629 ψάμμον
1028 4544 1093 4617 ἣν
1120 4536 1237 4624 εἶρε
1259 4542 1458 4612 κλίνην.

175 4656 271 4737 (ω)
312 4648 494 4712 εὈταν
520 4643 575 4703 δὲ
598 4643 777 4706 καλῶς
805 4638 1117 4715 ὀστρακωθῇ
1146 4632 1205 4691 τὸ
1228 4629 1407 4708 στέγος
1424 4672 1439 4700 ,

317 4742 391 4806 εἷς
419 4733 592 4794 πάντα
614 4736 779 4812 χωρεῖ
808 4724 903 4796 τὴν
929 4720 1127 4804 τροφὴν
1149 4716 1507 4801 παρεκλέγων.

502 4962 689 5025 ΠΕΡΙ
728 4958 946 5019 ΜΥΟΣ
986 4949 1462 5016 ΘΑΔΑΣΣΙΟΥ.

332 5100 637 5169 Θαλάττιος
665 5104 763 5179 μῦς
788 5092 1053 5179 προσφυὲς
1074 5090 1247 5173 φέρων
1268 5088 1393 5171 δόρυ

194 5219 302 5261 1⁹05
329 5190 425 5253 καί
452 5214 595 5258 τινας
622 5192 682 5249 ἔκ
709 5186 969 5263 στόματος
997 5178 1173 5259 ἀκμὰς
1195 5181 1266 5246 ὣς
1292 5173 1459 5259 βέλη,

1768 491 1916 543 ethic
1933 487 2129 552 quidem
2155 481 2316 534 nudus
2333 483 2410 530 est
2425 491 2560 542 paene
2583 487 2635 525 ιιι
2659 476 2869 558 cochlea.

2153 734 2262 786 109
2313 720 2456 804 (94).
2502 721 2608 780 DE
2647 717 2960 778 PERSEO.

1772 875 1926 928 Piscis
1949 885 2144 937 perseus
2165 869 2336 920 similis
2357 871 2442 936 est·
2457 865 2661 923 anthiiS,

1774 964 1926 1026 magis
1952 976 2064 1012 vero
2086 959 2214 1022 lupis
2233 959 2460 1008 mar-inis
2479 951 2836 1003 veracissimis„

1776 1057 1825 1104 Is
1848 1067 1877 1101 a
1897 1051 2052 1114 capite
2076 1061 2230 1111 usque
2255 1046 2316 1096 ad
2341 1044 2540 1094 rubrum
2570 1043 2786 1092 ventrem

1778 1141 1982 1204 cingulis
2005 1140 2142 1202 plane
2160 1135 2317 1186 aureis
2337 1132 2594 1196 splendens

1780 1231 1994 1292 mythice
2017 1242 2105 1290 pro
2124 1225 2223 1274 tilio
2245 1223 2445 1274 Veneris
2465 1219 2656 1270 habitus
2677 1222 2768 1267 est.

1784 1319 2014 1370 Natatiles
2035 1322 2198 1366 autem
2219 1313 2408 1364 belluas
2428 1310 2626 1360 infestas
2649 1306 2853 1368 subigit,

1785 1408 2009 1458 dentibus
2027 1405 2179 1467 longis
2201 1406 2249 1452 et
2269 1400 2426 1451 acutis
2447 1403 2676 1448 armatus.

2202 1645 2308 1696 ιιο
2357 1633 2490 1713 (95).
2535 1632 2636 1692 DE
2680 1629 2946 1690 PINNA.

1794 1798 2076 1846 ostreorum
2097 1804 2248 1842 unum
2266 1793 2340 1839 est
2357 1799 2508 1849 genus
2529 1787 2703 1850 pinna,

1796 1899 1908 1950 quoe
1929 1882 2129 1932 mobiles
2151 1879 2368 1944 paullum
2393 1876 2606 1940 aperiens
2627 1874 2793 1923 valvas

1732 2025 1737 2030 ,
1795 1975 1921 2036 jacet
1939 1975 1989 2021 in
2011 1970 2184 2031 undis,
2213 1970 2262 2017 et
2283 1965 2522 2031 promittit
2543 1962 2853 2012 carunculam

1800 2077 1858 2112 ex
1887 2063 1988 2112 suis
2015 2058 2241 2108 mollibus
2264 2054 2518 2104 intestinis,

1803 2150 1988 2208 Quodsi
2017 2161 2172 2198 maena
2195 2145 2395 2207 decepta
2417 2140 2705 2204 accurrerit,

1803 2253 1975 2289 cancer
1995 2238 2154 2301 pinnae
2175 2235 2420 2284 convictor
2437 2231 2698 2280 adveniens

1808 2329 1918 2378 serit
1937 2325 2153 2376 modeste
2171 2322 2332 2386 digitis
2355 2321 2457 2371 suis
2481 2318 2788 2369 carunculam
2809 2331 2828 2376 ς

1808 2418 1923 2467 hinc
1945 2417 2025 2466 illa
2044 2413 2196 2476 magis
2218 2414 2343 2473 hiat,
2369 2424 2527 2460 maena
2551 2410 2714 2458 autem
2738 2407 2937 2455 adnatat

1810 2510 1859 2557 et
1880 2505 2082 2555 occultis
2101 2503 2254 2552 valvis
2276 2499 2552 2562 duplicibus
2570 2497 2770 2560 eapitur.

1812 2601 1993 2659 Spuma
2014 2597 2177 2642 autem
2199 2591 2351 2640 effusa
2369 2588 2618 2636 stomacho
2641 2587 2802 2648 pinnae

1814 2685 1875 2733 ad
1897 2683 2096 2744 fulguris
2115 2679 2495 2730 coruscationem
2516 2677 2570 2724 tit
2590 2674 2712 2738 'lapis
2736 2694 2748 2722 ε

1816 2787 1928 2837 quae
1951 2772 2066 2820 dum
2089 2772 2314 2818 movetur
2335 2767 2524 2816 incluso
2540 2765 2726 2824 calore,

1730 2930 1737 2938 .
1820 2861 1878 2910 ad
1905 2859 2212 2924 splendorem
2235 2856 2466 2904 formatur
2485 2851 2770 2915 margaritae.

1820 2953 1972 3002 Pinna
1994 2954 2158 2999 autem
2182 2946 2464 3009 capillorum
2489 2956 2684 3005 quoque
2705 2939 3100 3003 germinationem
3128 2936 3392 2987 niiraLileiii

3237 3024 3364 3087 {raeti
3383 3062 3394 3083 ,

1820 3041 1958 3105 quasi
1981 3037 2208 3088 intestina
2229 3035 2334 3097 ejus
2354 3048 2414 3083 ex
2436 3033 2624 3081 araneis
2642 3028 2906 3093 composita
2925 3030 3083 3077 essent
3107 3042 3119 3075 :

1823 3130 1962 3191 cujus
1987 3139 2244 3176 coruscans
2264 3128 2313 3173 et
2335 3122 2537 3172 delicata
2559 3119 2827 3178 subtilitaS,

1826 3218 1964 3266 ssavis
1988 3215 2219 3264 cincinnis
2243 3211 2512 3275 puellarum
2535 3208 2738 3266 innexa,

1826 3305 2043 3365 turgidos
2063 3302 2182 3367 ipsis
2205 3300 2504 3353 lenocinatur
2525 3308 2714 3360 procos.

2283 3535 2409 3589 111.
2452 3525 2554 3583 DE
2596 3520 2943 3583 CANCRIS.

1837 3660 1914 3711 Ob
1939 3662 2132 3708 aetatem
2155 3670 2250 3705 non
2276 3654 2484 3717 amplius
2511 3653 2775 3701 ostreatum
2797 3648 2918 3698 satis
2938 3649 3116 3697 tectum

1836 3762 2012 3799 exuere
2035 3746 2172 3797 novit
2193 3744 2354 3795 cancri
2377 3744 2565 3793 natura.

1838 3848 1958 3893 Nam
1979 3841 2150 3891 acriter
2172 3842 2369 3887 exactus
2393 3834 2634 3899 prurigine
2655 3831 2844 3881 occulta

1840 3933 1919 3981 ille
1938 3930 2111 3991 cupide
2130 3938 2476 3990 usquequaque
2494 3922 2722 3972 discurrit
2745 3918 2957 3969 alimenti
2977 3907 3120 3964 causa
3146 3930 3154 3939 ·

1843 4020 2060 4069 tumente
2086 4021 2247 4065 autem
2273 4028 2357 4076 per
2381 4010 2794 4072 ingurgitationem
2821 4012 3012 4067 ventre,

1844 4109 2106 4173 prudenter
2131 4103 2369 4154 subtrahit
2392 4100 2583 4149 vincula
2603 4094 2934 4158 integumenti.

1845 4207 1956 4253 Jam
1980 4202 2190 4251 frustum
2215 4195 2504 4261 simulatque
2527 4190 2732 4249 decidit,

1849 4294 2070 4343 laborans
2087 4288 2248 4338 nudus
2271 4286 2401 4347 (nam
2421 4281 2553 4331 omni
2573 4279 2699 4328 malo
2720 4276 2867 4341 patet)

1849 4398 1877 4432 a
1901 4382 2008 4431 cibo
2030 4378 2238 4428 abstinet
2255 4388 2339 4438 per
2363 4370 2696 4433 longissimum
2721 4371 2930 4428 tempus,

1854 4475 1916 4523 At
1935 4484 2059 4520 nova
2081 4467 2204 4531 pelle
2229 4464 2450 4514 indurata
2469 4459 2686 4509 munitus

1854 4562 2018 4611 cibum
2043 4556 2187 4606 habet
2207 4567 2314 4605 eam
2338 4562 2530 4600 arenam
2543 4582 2558 4609 ,
2579 4559 2725 4609 quam
2749 4544 2981 4593 habuerat
3001 4554 3086 4607 pro
3107 4539 3269 4588 cubili.

1856 4650 2074 4710 Denique
2093 4645 2176 4694 ubi
2195 4642 2393 4706 pulchre
2415 4638 2678 4687 ostreatum
2702 4636 2777 4683 est
2798 4636 2978 4682 tectum
2995 4666 3008 4689 ,

1858 4738 1920 4789 ad
1939 4736 2096 4786 omnia
2119 4732 2304 4781 accedit
2325 4727 2558 4792 pabulum
2576 4723 2688 4773 inde
2704 4724 2880 4783 legens.

2119 4960 2227 5009 ιω
2274 4947 2411 5024 (96).
2457 4945 2562 5003 nu
2604 4940 2825 5000 Mune
2869 4932 3193 4995 MAMNO.

1866 5098 1975 5146 Mus
1995 5090 2206 5141 marinus
2227 5090 2446 5150 agnetam
2470 5093 2640 5146 gerens
2657 5079 2848 5128 hastam

1868 5188 1916 5235 et
1935 5181 2098 5247 plnres
2121 5190 2184 5232 ex
2206 5191 2289 5227 ore
2307 5171 2534 5236 cuspides
2559 5166 2706 5219 veluti
2727 5164 2855 5228 ἰώ,

3265 334 3334 380 45
