3767 5825
1276 366 1698 427 'rnnocm'n
1740 367 2119 427 IDYLLloN
2164 370 2241 427 11.
2786 334 2793 343 ’
3326 382 3361 433 s

190 504 462 586 μαινομένῳ
489 505 664 573 ἴκελος
689 506 918 586 λιπαρᾶς
945 503 1157 565 ἔκτοσθε
1175 505 1518 586 παλαίστρας.

243 587 376 672 ἴυγξ,
395 596 518 655 ἕλκε
543 594 606 653 τὺ
629 598 781 666 τῆνον
801 595 928 671 ἐμὸν
954 594 1074 654 ποτὶ
1103 594 1255 673 δῶμα
1283 594 1370 653 τὸν
1399 595 1576 677 ἄνδρα.
1630 598 1638 603 ’

181 688 302 743 τοῦτ’
327 683 434 745 ἀπὸ
457 693 554 751 τᾶς
571 682 787 765 χλαίνας
809 682 870 743 τὸ
888 682 1177 763 κράσπεδον
1197 684 1364 742 ὤλεσε
1392 682 1606 764 Δέλφις,

182 770 288 850 ὡγὼ
309 777 392 830 νῦν
419 771 656 832 τίλλοισα
674 772 793 832 κατ’
822 770 988 854 ἀγρίῳ
1005 775 1058 831 ἐν
1078 770 1204 853 πυρὶ
1221 772 1421 851 βάλλω.

119 884 162 922 ω
179 862 280 919 αἶαῖ
297 856 468 940 Ἔρως
497 859 707 941 ἀνιαρέ,
734 858 786 919 τί
814 883 911 938 μευ
936 858 1100 937 με’λαν
1128 861 1186 919 ἐκ
1204 864 1356 941 χροὸς
1379 850 1513 939 αἷμα

180 949 204 1007 ἐ
273 946 327 1015 b<
345 951 414 1017 ὡς
439 950 681 1025 λιμνᾶτις
701 948 841 1007 ἅπαν
863 952 922 1007 ἐκ
955 947 1148 1029 βδέλλα
1178 947 1460 1023 πέπωκας;

203 970 380 1115 μἴυγξ,
403 1035 526 1097 ἕλκε
545 1035 608 1095 τὺ
635 1041 787 1109 τῆνον
812 1035 937 1115 ἐμὸν
965 1035 1086 1096 ποτὶ
1115 1037 1268 1115 δῶμα
1287 1036 1374 1096 τὸν
1403 1037 1583 1119 ἄνδρα.

180 1121 360 1206 σαύραν
383 1148 466 1185 τοι
487 1125 722 1207 τρίψασα
741 1125 906 1185 κακὸν
927 1124 1084 1184 ποτὸν
1115 1124 1291 1207 αὔριον
1319 1128 1470 1187 οἰσῶ.’

179 1211 416 1288 Oica-uh,
443 1219 536 1273 νῦν
554 1212 612 1273 δὲ
635 1214 862 1288 λαὸοἷσα
890 1211 952 1272 τὺ
980 1212 1048 1271 τὰ
1070 1211 1224 1293 θρόνα
1249 1215 1395 1274 ταῦθ’
1419 1212 1680 1293 ὕπόμαξον

115 1320 160 1362 ω
175 1307 257 1365 τᾶς
277 1298 416 1372 τήνω
440 1302 596 1382 φλιᾶς
624 1299 1004 1383 καθυπέρτερον
1023 1345 1040 1375 ,
1071 1292 1131 1369 ἇς
1157 1299 1234 1359 ἔτι
1253 1302 1342 1360 καὶ
1366 1306 1455 1359 νῦν

177 1388 382 1466 ἐπιθυμῶ
411 1388 628 1467 δέδεμαι
647 1412 660 1427 ·
690 1394 720 1447 6
747 1387 803 1448 δέ
828 1412 926 1467 μευ
952 1386 1105 1467 λόγον
1133 1388 1312 1449 οὐδένα
1338 1398 1502 1448 ποιεῖ·

176 1474 254 1533 καὶ
273 1475 376 1555 λέγ’
411 1476 751 1559 ἔπιφθύζοισα
763 1477 854 1536 ·τόι
872 1476 1120 1557 Δέλφιδος
1139 1476 1288 1535 ὀστία
1310 1476 1520 1555 μάσσω.

236 1553 379 1640 iffi,
409 1562 536 1623 ἕλκε
562 1561 626 1623 τὺ
652 1566 808 1635 τῆνον
837 1562 961 1642 ἐμὸν
1001 1562 1126 1622 ποτὶ
1161 1564 1314 1641 δῶμα
1333 1564 1420 1622 τὸν
1449 1563 1630 1644 ἄνδρα.

177 1654 252 1708 νῦν
273 1651 332 1722 δὴ
352 1650 520 1729 μούνη
541 1652 688 1711 ἐοῖσα
715 1651 870 1711 πόθεν
899 1650 989 1711 τὸν
1011 1650 1180 1733 ἔρωτα
1203 1650 1480 1733 δακρύσω;

113 1756 156 1796 ιε
177 1738 364 1807 ἐκτίνος
380 1738 651 1820 ἅρξωμαι;
674 1737 754 1806 τίς
781 1763 872 1819 μοι
897 1739 1059 1799 κακὸν
1089 1739 1254 1819 ἄγαγε
1276 1746 1429 1799 τοῦτο
1451 1762 1468 1818 ;

174 1816 272 1896 ἦνθ’
300 1828 332 1887 ἃ
357 1826 679 1888 τωῦὅούλοιο
693 1826 986 1911 κανηφόρος
1013 1827 1182 1907 ἄμμιν
1210 1828 1415 1897 Ἀναξώ

176 1914 314 1983 ἄλσος
337 1917 390 1984 ἐς
413 1914 716 1997 Ἀρτέμιδος
731 1961 748 1991 ,
770 1925 841 1999 τᾷ
869 1914 932 1987 δὴ
955 1915 1084 1975 τόκα
1105 1916 1279 1975 πολλὰ
1303 1916 1397 1993 μὲν
1423 1917 1558 1975 ἄλλα

175 2000 312 2083 θηρία
331 2004 674 2081 πομπεύεσκι
700 2003 1013 2084 περισταδόν
1034 2048 1050 2075 ,
1071 2004 1124 2061 ἐν
1150 2002 1203 2061 δὲ
1227 2002 1426 2063 λέαινα.

241 2088 420 2171 φράζεό
439 2114 540 2169 μευ
556 2090 647 2150 τὸν
675 2090 824 2172 Epeo&
848 2090 961 2150 ὅθεν
982 2088 1126 2151 ἵκετο
1139 2137 1158 2171 ,
1179 2090 1346 2151 πότνα
1377 2091 1602 2153 Σελάνα.

111 2200 156 2241 7⁰
171 2178 253 2237 καί
267 2183 320 2256 μ’
344 2180 380 2237 ἃ
401 2179 716 2262 Θευμαρίδα
739 2182 969 2262 Θρᾷσσα
987 2178 1172 2263 τροφὸς
1199 2181 1234 2239 ἆ
1258 2182 1559 2262 μακαρῖτις,

173 2266 429 2347 ἆγχίθυρος
455 2266 662 2329 ναίοισα
675 2313 694 2345 ,
714 2266 1004 2335 κατεύξατο
1029 2266 1123 2327 καὶ
1142 2268 1439 2328 λιτάνευσεν

169 2353 253 2413 τὰν
276 2355 493 2434 πομπὰν
515 2356 775 2417 θάσασθαι
790 2379 806 2395 ·
828 2354 932 2437 ἐγὼ
953 2354 1012 2417 δέ
1037 2360 1088 2417 οἱ
1111 2357 1145 2417 ἆ
1171 2356 1477 2436 μεγάλοιτος

172 2443 424 2525 ὡμάρτευν
459 2444 679 2525 βύσσοιο
704 2443 867 2503 καλὸν
887 2443 1106 2526 σύροισα
1127 2449 1326 2525 χιτῶνα
1343 2492 1361 2520 ,

69 2604 76 2608 ⁹
170 2531 644 2613 κάμφιστειλαμένα
662 2531 758 2592 τὰν
777 2532 991 2601 ξυστίδα
1018 2543 1112 2602 τᾶς
1136 2534 1485 2614 Κλεαρίστας.

105 2637 150 2677 π
236 2620 417 2699 φράζεό
440 2643 542 2698 μευ
567 2620 658 2680 τὸν
684 2619 834 2701 ἔρωθ’
857 2620 971 2681 ὅθεν
991 2620 1165 2697 1ἵκετο,
1182 2621 1348 2683 πότνα
1365 2621 1593 2683 Σελάνα.

168 2706 258 2780 ἤδη
294 2710 340 2769 δ’
371 2699 504 2769 εῧσα
533 2706 698 2785 μέσον
721 2711 841 2767 κατ’
872 2707 1151 2785 ἀμαξιτόν,
1183 2702 1306 2793 ᾇτὰ
1335 2710 1610 2783 Λύκωνος,

169 2786 286 2855 εἶδον
309 2796 506 2878 Δῦφιν
533 2800 668 2875 ὁμοῦ
699 2820 757 2856 τε
780 2795 873 2856 καὶ
894 2797 1248 2875 Εὗδάμιππον
1276 2798 1463 2867 ἰόντας.

165 2890 258 2950 τοῖς
277 2882 318 2943 δ’
343 2874 404 2957 ἧς
433 2881 716 2966 ξανθοτέρα
741 2882 838 2964 μὲν
865 2883 1047 2967 ἑλιχρύ
1057 2908 1168 2946 σοιο
1187 2888 1386 2965 γενειάς
1405 2935 1421 2963 ,

166 2969 338 3041 στήθεα
362 2969 418 3030 δὲ
437 2969 721 3030 στίλὸοντα
743 2970 880 3030 πολὺ
911 2971 1070 3032 πλέον
1109 2969 1144 3044 ἢ
1171 2972 1233 3031 τύ
1253 3018 1269 3045 ,
1293 2974 1530 3050 Σελάνα,

101 3077 145 3118 ω
163 3058 224 3126 ὣς
249 3059 350 3118 ἀπὸ
366 3056 680 3138 γυμνασίοιο
705 3059 866 3119 καλὸν
891 3059 1048 3120 πόνον
1077 3060 1193 3143 ἄρτι
1215 3060 1488 3123 λιπόντων.

232 3145 416 3227 φράζεό
435 3169 538 3226 μευ
566 3145 654 3206 τὸν
676 3144 825 3228 ἔροιθ’
847 3145 959 3208 ὅθεν
979 3147 1122 3208 ἵκετο
1139 3196 1158 3228 ,
1187 3149 1354 3208 πότνα
1382 3151 1608 3211 Σελάνα.

161 3237 256 3314 χῶς
279 3234 409 3314 ἴδον,
433 3239 507 3304 ὥς
535 3233 757 3314 ἐμάνην,
774 3233 844 3303 ὥς
872 3259 962 3315 μοι
985 3235 1107 3318 περὶ
1135 3236 1291 3314 θυμὸς
1312 3236 1470 3319 ἷοίφθη

162 3321 400 3392 δειλαίας·
430 3323 496 3384 τὺ
526 3323 580 3382 δὲ
607 3323 798 3390 κάλλος
819 3323 1034 3384 ἐτάκετο
1051 3369 1070 3403 ,
1096 3324 1202 3384 οὐδ’
1233 3324 1310 3384 ἔτι
1330 3336 1554 3402 πομπᾶς

159 3409 302 3482 τήνας
321 3409 662 3494 ἔφρασάμαν,
680 3411 788 3471 οὐδ’
808 3413 878 3480 ὣς
898 3413 1057 3472 πάλιν
1086 3411 1255 3472 οἴκαδ’
1279 3415 1511 3484 ἀπῆνθον

100 3515 144 3556 es
161 3497 332 3578 ἔγνων·
357 3498 504 3559 ἀλλά
533 3497 603 3577 με’
623 3522 702 3566 τις
725 3499 937 3580 καπυρὰ
959 3500 1107 3568 νόσος
1130 3499 1476 3576 ἐξαλάπαξεν,

159 3585 332 3666 κείμαν
361 3587 410 3646 δ’
435 3589 493 3646 ἕν
512 3588 750 3668 κλιντῆρι
778 3587 887 3646 δέκ’
912 3587 1096 3665 ἄματα
1119 3589 1210 3649 καὶ
1234 3588 1360 3648 δέκα
1385 3588 1589 3657 νύκτας.

229 3672 419 3756 φράζεό
445 3698 550 3756 μευ
570 3674 657 3734 τὸν
682 3673 830 3756 ἔροιθ’
858 3674 973 3736 ὅθεν
999 3675 1168 3749 Ιἱίιετο,
1196 3677 1362 3737 πότνα
1394 3676 1628 3740 Σελάνα.

161 3763 242 3820 καί
255 3787 349 3840 μευ
365 3766 514 3844 χρὼς
537 3762 632 3842 μὲν
655 3766 833 3842 ὁμοῖος
854 3764 1050 3843 ἐγίνετο
1073 3765 1300 3824 πολλάκι
1329 3765 1508 3848 θάψῳ,

161 3849 322 3931 ἔῤῥευν
350 3851 397 3911 δ’
421 3855 486 3911 ἐκ
507 3851 736 3932 κεφαλᾶς
756 3859 924 3912 πᾶσαι
953 3851 1125 3934 τρίχες
1143 3897 1162 3930 ,
1196 3852 1329 3912 αὐτὰ
1349 3853 1403 3912 δὲ
1430 3854 1591 3914 λοιπά

99 3953 142 3992 ω
159 3938 274 3997 ἀντί’
294 3938 374 3998 ἔτ’
401 3930 466 4012 ἧς
489 3935 583 3998 καὶ
609 3937 794 4019 δέρμα.
823 3938 914 3999 καὶ
942 3941 990 4007 ἐς
1013 3939 1148 4007 τίνος
1176 3942 1269 3999 οὐκ
1297 3939 1532 4022 ἐπέρασα

156 4023 356 4096 ἢποίας
373 4025 556 4086 ἔλιπον
573 4025 762 4106 γραίας
789 4025 968 4104 δόμον,
996 4024 1110 4095 ἅτις
1137 4027 1324 4110 ἐπᾷδεν
1335 4053 1353 4102 3

159 4105 340 4186 ἄλλ’ἧς
365 4112 520 4174 οῦδὲν
547 4112 772 4196 ἐλαφρόν
787 4136 800 4150 ·
831 4117 860 4172 ὁ
888 4112 942 4172 δὲ
967 4113 1148 4194 χρόνος
1171 4114 1328 4176 ἅνυτο
1346 4118 1564 4199 φεύγων.

227 4201 418 4283 φράζεό
446 4225 550 4281 μευ
571 4201 663 4262 τὸν
688 4199 838 4282 ἔρωθ’
870 4199 984 4262 ὅθεν
1001 4198 1146 4262 ἵκετο
1163 4247 1181 4278 ,
1204 4203 1370 4264 πότνα
1399 4205 1626 4267 Σελάνα.

157 4289 317 4368 χοῦτω
335 4299 408 4374 τᾷ
435 4289 586 4372 δῶλᾳ
609 4288 697 4350 τὸν
721 4289 918 4349 ἀλαθέα
941 4294 1101 4368 μῦθον
1131 4289 1279 4360 ἔλεξα
1296 4316 1310 4330 ·

93 4399 138 4441 κ
158 4379 200 4438 εἰ
215 4379 266 4438 δ’
289 4379 388 4460 ἄγε
408 4377 648 4442 Θόστυλί
676 4401 765 4456 μοι
791 4380 1029 4458 χαλεπᾶς
1049 4377 1186 4438 νόσω
1205 4381 1322 4459 εὑρέ
1339 4403 1390 4438 τι
1415 4385 1600 4460 μῆχος.

157 4474 320 4525 πᾶσαν
347 4465 464 4548 Ῐχει
487 4489 556 4545 με
583 4465 836 4526 τάλαιναν
858 4467 886 4524 ὁ
922 4465 1172 4534 Μύνδιος·
1203 4465 1342 4526 ἀλλὰ
1365 4469 1588 4546 μολοῑσα

157 4552 372 4634 τήρησον
395 4555 521 4614 ποτὶ
547 4550 644 4613 ταν
671 4553 1000 4632 Τιμαγήτοιο
1025 4552 1357 4636 παλαίστραν
1371 4579 1385 4592 ·

158 4652 286 4716 vimi
305 4642 410 4724 γὰρ
429 4645 585 4724 ‹pou-'ii
601 4686 618 4716 ,
643 4647 793 4716 τηνεῗ
815 4639 872 4702 δέ
897 4645 960 4709 οἱ,
974 4641 1071 4702 ἁδὺ
1089 4646 1366 4714 καθῆσθαι.

226 4730 414 4812 φράζεό
431 4754 535 4812 μευ
562 4729 650 4791 τὸν
669 4729 821 4814 ἔρωθ’
845 4727 958 4790 ὅθεν
979 4728 1143 4808 ἵκετο,
1167 4731 1334 4791 πότνα
1367 4733 1595 4795 Σελάνα.

98 4818 305 4890 ισωῑήπεί
329 4819 402 4879 κά
427 4842 510 4878 νιν
535 4819 687 4880 ἐόντα
716 4819 888 4899 μάθῃς
911 4819 1082 4897 μόνον,
1114 4817 1292 4899 ἅσυχα
1318 4825 1498 4880 νεῦσον

159 4904 282 4986 κιῐφ’
305 4905 386 4966 ὅτι
409 4907 652 4984 Σιμαίθα
675 4931 740 4966 τυ
770 4909 923 4968 καλεῖ
947 4950 964 4980 ,
989 4906 1078 4966 καὶ
1104 4907 1303 4987 ἄφάγεο
1329 4909 1475 4990 τᾷδε.

161 4992 222 5059 ὣς
239 4994 475 5076 ἐφάμαν·
497 4997 532 5054 ἄ
561 4996 605 5054 δ’
629 4987 752 5067 ἦνθε
774 4994 866 5054 καὶ
890 4993 1055 5074 ἄγαγε
1080 4993 1168 5052 τὸν
1192 4996 1528 5076 λιπαρόχρων

162 5081 222 5146 εἷς
242 5081 342 5160 ἐμὲ
361 5082 586 5160 δώματα
619 5081 812 5164 Δέλφιν
829 5107 843 5120 ·
871 5085 972 5160 ἐγὼ
998 5081 1054 5140 δέ
1079 5105 1155 5140 νιν
1177 5087 1246 5150 ὡς
1276 5085 1466 5156 ἐνόησα

161 5168 268 5248 ἄρτι
291 5169 452 5252 θύρας
473 5169 604 5254 δπὶρ
629 5171 776 5232 οὐδὸν
799 5171 1142 5250 ἄμειὸόμενον
1165 5171 1285 5232 ποδὶ
1314 5171 1515 5256 κούφῳ,

1811 514 1989 565 furenti
2005 516 2171 565 similis
2189 530 2250 565 ex
2264 516 2413 567 nitida
2431 515 2668 579 palaestra.

1871 602 2015 666 iynx,
2040 605 2176 653 trahe
2205 607 2259 653 tu
2284 604 2424 653 illum
2442 618 2603 653 meam
2622 605 2681 654 ad
2709 606 2911 655 domum
2930 607 3109 657 virum.

1811 693 1935 741 hanc
1948 694 2009 743 de
2027 694 2149 743 loena
2165 693 2403 743 fimbriam
2421 694 2626 756 perdidit
2646 694 2840 757 Delphis
2854 732 2867 756 ,

1810 793 1959 843 quam
1990 794 2075 845 ego
2112 795 2245 831 nunc
2261 782 2493 831 divellens
2518 782 2739 845 rapidum
2759 783 2808 831 in
2830 784 2989 847 ignem
3004 784 3181 846 injicio.

1810 882 1884 919 vae
1900 907 1914 931 ,
1933 883 2010 919 vae
2026 907 2040 931 ,
2071 876 2219 920 Amor
2234 870 2392 933 gravis
2407 908 2422 932 ,
2448 870 2565 933 quid
2582 870 2701 919 mibi
2723 872 2885 921 atrum
2917 885 2944 921 e
2962 886 3163 935 corpore
3178 875 3372 937 sangui-

1809 956 1939 1023 nem]
1960 958 2197 1009 inbaerens
2210 958 2445 1009 hirudinis
2467 959 2617 1009 instar
2634 960 2859 1023 palustris
2885 975 3079 1011 omnem
3107 963 3373 1013 exsuxistir

1869 1045 1989 1109 iynx
2004 1084 2018 1109 ,
2038 1047 2175 1097 trahe
2190 1049 2245 1096 tu
2264 1047 2405 1097 illum
2430 1059 2589 1097 meam
2608 1048 2671 1097 ad
2692 1047 2893 1097 domum
2910 1050 3088 1100 virum.

1808 1134 2039 1184 lacertam
2056 1135 2144 1184 tibi
2162 1136 2419 1185 contritam
2436 1135 2621 1184 malum
2635 1139 2807 1197 potum
2827 1150 2933 1187 cras
2951 1138 3115 1187 seram.

1811 1222 2027 1285 Thestyli
2044 1261 2059 1285 ‚
2079 1237 2211 1273 nunc
2226 1226 2282 1274 tu
2302 1226 2496 1287 sumpta
2512 1227 2755 1287 unguenta
2768 1226 2873 1275 haec
2887 1226 3011 1275 clam
3030 1225 3161 1277 illine

1807 1309 1937 1360 illius
1960 1311 2113 1361 limini
2131 1326 2333 1375 superne
2345 1350 2359 1375 ‚
2380 1312 2459 1362 cui
2476 1313 2619 1363 etiam
2647 1326 2778 1363 nunc

1808 1411 1870 1447 ex
1890 1399 2053 1447 animo
2065 1412 2175 1449 sum
2192 1399 2407 1462 alligata;
2423 1401 2506 1450 ille
2522 1404 2684 1451 autem
2698 1415 2777 1450 me
2796 1402 2912 1451 nihil
2926 1406 3065 1452 curat
3075 1420 3091 1464 3

1808 1488 1858 1535 et
1873 1486 1953 1536 dic
1974 1488 2224 1550 insputans
2246 1508 2259 1537 :
2278 1487 2526 1551 Delphidis
2538 1502 2643 1537 ossa
2659 1490 2774 1538 lino.

1842 1585 1858 1602 ·
1873 1576 1991 1637 iynx
2003 1612 2019 1638 ,
2038 1576 2175 1626 trahe
2190 1580 2247 1627 tu
2260 1566 2400 1626 illum
2414 1590 2574 1627 meam
2588 1578 2648 1627 ad
2670 1578 2871 1627 domum
2885 1581 3063 1631 virum.

1808 1676 1939 1712 nunc
1956 1676 2073 1713 vero
2090 1665 2194 1715 sola
2210 1666 2378 1715 relicta
2396 1666 2523 1715 unde
2537 1679 2753 1716 amorem
2766 1666 3047 1730 deplorem?

1808 1750 1937 1801 unde
1954 1752 2207 1801 exordiar?
2225 1754 2333 1816 quis
2347 1754 2465 1803 mihi
2484 1756 2667 1804 malum
2698 1756 2791 1805 hoc
2813 1758 3013 1809 attulit?

1805 1840 1896 1889 ivit
1912 1839 2049 1890 nobis
2062 1840 2241 1890 Eubuli
2254 1840 2353 1891 filia
2371 1848 2542 1908 Anaxo
2561 1845 2825 1895 canistrum
2839 1845 2995 1897 ferens

1806 1929 1858 1977 in
1881 1928 2049 1977 lucum
2064 1928 2259 1991 Dianae,
2282 1929 2365 1979 cui
2386 1929 2583 1993 quidem
2604 1934 2713 1982 tum
2736 1934 2905 1985 multoe
2930 1935 3035 1985 alim

1811 2016 1925 2067 serae
1940 2016 1991 2066 in
2013 2029 2191 2080 pompa
2209 2015 2515 2068 ducebantur
2532 2020 2847 2072 circumcirca
2864 2062 2879 2086 ,
2903 2025 2955 2073 in
2974 2023 3030 2074 iis
3042 2023 3210 2078 lemna.

1867 2104 2115 2155 considera
2139 2119 2306 2157 meum
2318 2105 2446 2156 unde
2462 2120 2678 2159 amorem
2704 2114 2914 2175 venerit,
2935 2117 3209 2168 veneranda
3222 2122 3368 2171 Luna.

1805 2195 1953 2256 atque
1974 2206 2055 2243 me
2071 2194 2405 2244 Theumaridae
2424 2195 2627 2247 Thressa
2654 2199 2821 2249 nutrix
2836 2238 2852 2263 ,
2866 2200 2969 2264 iam
2990 2207 3184 2255 mortua
3198 2244 3213 2269 ,

1805 2283 1855 2331 in
1871 2281 2047 2331 vicinia
2064 2281 2287 2333 habitans
2299 2319 2313 2345 ,
2334 2283 2492 2333 oravit
2508 2287 2559 2335 et
2576 2284 2847 2337 obsecravit

1805 2372 1859 2419 ut
1877 2383 2105 2433 pompam
2124 2373 2417 2434 spectarem3
2442 2385 2528 2435 ego
2544 2374 2707 2425 autem
2722 2388 2829 2427 eam
2854 2378 3275 2435 infortunatissimi!

1803 2459 2037 2521 sequebar
2052 2473 2115 2509 ex
2131 2460 2273 2523 bysso
2292 2459 2557 2522 elegantem
2574 2462 2771 2515 trahens
2794 2466 3011 2519 tunicam
3022 2507 3037 2531 ,

1804 2546 1854 2595 et
1883 2548 2141 2611 postquam
2158 2562 2239 2599 me
2255 2548 2427 2598 ornavi
2446 2550 2635 2611 xystide
2664 2552 2793 2603 illius
2820 2556 3080 2608 Clearistoe.

1866 2634 2113 2685 considera
2130 2650 2295 2687 meum
2318 2648 2535 2686 amorem
2558 2638 2688 2690 unde
2705 2642 2908 2707 venerit,
2930 2647 3198 2697 veneranda
3211 2651 3365 2699 Luna.

1713 2768 1725 2779 ,
1803 2736 1957 2785 quum
1975 2723 2076 2785 jam
2104 2738 2255 2774 essem
2284 2724 2441 2774 media
2464 2726 2515 2774 in
2536 2727 2613 2775 via
2630 2765 2642 2787 ,
2672 2741 2819 2791 quam
2843 2734 3031 2793 partem
3058 2747 3226 2785 versus
3252 2736 3387 2787 sunt·

1803 2809 1938 2859 oedes
1948 2812 2167 2877 Lyconis]
2177 2812 2277 2863 vidi
2288 2814 2491 2878 Delphin
2499 2815 2644 2865 simul
2653 2818 2703 2866 et
2711 2816 3065 2883 Eudamippum
3074 2821 3364 2874 incedentes.

1801 2896 1861 2948 iis
1881 2900 2044 2948 autem
2062 2902 2166 2950 erat
2182 2900 2351 2950 ssavior
2371 2902 2639 2966 helichryso
2656 2903 2818 2956 barbae
2840 2905 3015 2971 lanugo
3028 2946 3042 2972 ,

1801 2991 1854 3038 ct
1868 2989 2063 3050 pectora
2078 2989 2278 3038 nitentia
2296 2991 2450 3040 multo
2469 2992 2619 3054 magis
2634 3006 2781 3056 quam
2810 2996 2868 3044 tu
2883 3032 2899 3057 ,
2928 2999 3086 3060 Luna,

1803 3077 1971 3139 utpote
1985 3077 2070 3139 qui
2088 3079 2319 3140 gymnasii
2344 3078 2599 3130 honestum
2620 3081 2836 3132 laborem
2853 3084 2998 3134 modo
3017 3086 3331 3150 reliquissent.

1871 3164 2120 3215 considera
2138 3177 2301 3216 meum
2320 3181 2533 3218 amorem
2550 3169 2679 3218 unde
2694 3169 2904 3234 venerit,
2926 3175 3194 3226 veneranda
3210 3180 3363 3230 Luna.

1802 3254 1851 3302 et
1875 3253 1933 3302 ut
1946 3253 2045 3302 vidi
2058 3290 2072 3316 ,
2099 3257 2155 3304 ut
2172 3253 2342 3304 insanii
2356 3293 2370 3318 ,
2392 3257 2447 3305 ut
2470 3257 2589 3308 mibi
2608 3259 2801 3322 penitus
2818 3261 3008 3312 animus
3024 3263 3167 3316 laesus
3186 3268 3257 3316 est
3274 3306 3289 3330 ,

1799 3341 2013 3403 miserae3
2039 3345 2263 3394 venustas
2284 3333 2636 3408 marcescebat,
2664 3361 2823 3412 neque
2840 3363 2985 3412 porro
3000 3351 3062 3400 ad
3078 3366 3303 3417 pompam

1799 3429 1933 3480 illam
1950 3431 2165 3481 animum
2191 3431 2403 3495 adverti,
2424 3447 2515 3484 nec
2532 3435 2775 3497 quomodo
2788 3436 2987 3488 domum
3005 3439 3229 3492 redierim

1798 3519 1910 3567 novi
1925 3535 1940 3580 3
1958 3517 2043 3569 sed
2060 3533 2139 3569 me
2154 3520 2325 3571 ardens
2336 3521 2533 3586 quidam
2551 3524 2747 3574 morbus
2777 3529 3099 3591 consumpsit,

1801 3608 1848 3656 et
1872 3606 2217 3657 decumbebam
2230 3608 2281 3658 in
2297 3609 2423 3660 lecto
2440 3609 2609 3661 decem
2625 3612 2727 3663 dies
2754 3616 2803 3663 et
2820 3613 2986 3665 decem
3014 3619 3193 3668 noctes.

1859 3695 2108 3744 considera
2125 3709 2289 3746 meum
2306 3710 2520 3748 amorem
2538 3699 2665 3750 unde
2689 3703 2902 3767 venerit,
2922 3705 3193 3756 veneranda
3208 3709 3361 3759 Luna.

1799 3782 1849 3829 et
1873 3794 1981 3831 mea
2000 3783 2123 3832 cutis
2140 3783 2307 3836 similis
2324 3785 2471 3838 fiebat
2485 3801 2613 3852 saepe
2632 3790 2801 3853 thapso
2818 3827 2835 3854 ,

1797 3871 1849 3918 et
1864 3867 2137 3920 defluebant
2163 3885 2225 3922 ex
2246 3875 2402 3937 capite
2426 3889 2594 3926 omnes
2619 3877 2776 3939 capilli
2793 3915 2808 3940 ,
2836 3879 3034 3942 solaque
3062 3881 3231 3932 relicta

1797 3969 1905 4006 ossa
1924 3957 2083 4008 adbuc
2108 3964 2246 4011 erant
2270 3965 2319 4011 et
2336 3962 2489 4025 pellis.
2510 3946 2559 4013 et
2584 3964 2647 4020 ad
2672 3965 2809 4028 cuius
2827 3965 3037 4018 domum
3054 3983 3151 4020 nou
3170 3971 3271 4021 ivi?

1797 4047 1880 4094 aut
1890 4043 1966 4108 cuj
1971 4059 2025 4096 us
2033 4049 2315 4109 praetermisi
2329 4050 2535 4101 aniculae
2543 4051 2741 4102 domum
2752 4066 3055 4118 quaecunque
3063 4055 3362 4110 incantat-et?

1796 4135 1879 4186 sed
1893 4139 1997 4187 erat
2014 4137 2201 4186 nullum
2212 4136 2419 4186 lenimen
2432 4155 2447 4200 3
2460 4139 2651 4203 tempus
2667 4145 2831 4190 autem
2841 4141 3061 4192 celeriter
3069 4146 3361 4206 praeteribat.

1859 4223 2105 4275 considera
2122 4239 2283 4275 meum
2300 4240 2516 4276 amorem
2531 4223 2658 4278 unde
2676 4229 2893 4293 venerit,
2917 4231 3189 4283 veneranda
3203 4236 3357 4286 Luna.

1795 4315 1943 4376 atque
1958 4313 2027 4363 sic
2052 4312 2239 4364 ancillae
2264 4327 2435 4364 verum
2452 4329 2721 4366 sermonem
2736 4316 2839 4368 dixi
2864 4338 2877 4368 ε

1797 4413 1903 4464 age,
1918 4401 2145 4466 Tbaetyli,
2166 4402 2285 4458 mihi
2304 4403 2459 4468 gravis
2469 4405 2625 4455 morbi
2634 4405 2795 4456 inveni
2801 4406 2996 4470 aliquod
3009 4409 3292 4462 remedium.

1795 4490 1949 4538 totam
1968 4487 2113 4540 babet
2138 4502 2216 4540 me
2233 4490 2459 4542 miseram
2474 4492 2696 4556 Myndius
2717 4493 2830 4556 ille;
2860 4508 2971 4558 ergo
2994 4495 3072 4546 abi

1796 4577 1844 4626 et
1870 4575 2071 4626 observa
2096 4577 2157 4626 ad
2175 4578 2404 4640 Timageti
2422 4581 2693 4642 paloestram
2724 4602 2735 4630 :

1795 4663 1863 4714 ibi
1880 4664 2011 4714 enim
2027 4666 2115 4716 itat
2126 4701 2143 4728 ,
2172 4665 2239 4716 ibi
2254 4667 2299 4716 ei
2316 4667 2492 4730 volupe
2508 4672 2583 4718 est
2596 4669 2793 4720 versari.

1857 4752 2105 4804 considera
2116 4765 2283 4804 meum
2294 4765 2505 4806 amorem
2524 4755 2652 4807 unde
2666 4759 2880 4822 venerit,
2903 4763 3175 4814 veneranda
3196 4767 3349 4818 Luna.

1795 4840 1844 4889 et
1862 4853 2016 4903 quum
2043 4842 2167 4890 sorte
2182 4855 2294 4891 eum
2314 4854 2415 4892 esse
2431 4845 2640 4894 senseris
2664 4845 2851 4908 solum,
2869 4847 3017 4898 tacite
3033 4849 3181 4903 innue

1796 4931 1845 4978 et
1866 4927 1947 4978 dic
1975 4948 1987 4978 ε
2018 4927 2246 4979 Simaetba
2264 4933 2314 4980 te
2332 4932 2501 4995 vocat,
2520 4935 2571 4983 et
2588 4933 2710 4984 inde
2732 4934 2944 4986 abducas
2958 4936 3072 4989 buc.

1796 5014 1868 5065 sic
1886 5014 2016 5078 dixi3
2046 5014 2129 5065 illa
2146 5017 2265 5066 abiit
2292 5019 2340 5066 et
2359 5017 2563 5069 adduxit
2578 5020 2786 5070 nitidum

1793 5103 1844 5153 in
1862 5117 1995 5154 meas
2014 5103 2140 5154 redes
2160 5105 2393 5169 Delphin3
2414 5109 2466 5157 at
2483 5119 2569 5170 ego
2587 5121 2701 5157 eum
2718 5111 2775 5158 ut
2792 5109 2893 5160 vidi

1793 5191 1891 5254 ism
1906 5191 2068 5254 janum
2085 5192 2234 5244 limen
2261 5197 2568 5258 superantem
2592 5197 2719 5260 pedo
2733 5197 2857 5262 levi,
