<?xml version="1.0" encoding="UTF-8"?>
<!DOCTYPE html PUBLIC "-//W3C//DTD XHTML 1.0 Transitional//EN"
    "http://www.w3.org/TR/xhtml1/DTD/xhtml1-transitional.dtd">
<html xmlns="http://www.w3.org/1999/xhtml" xml:lang="en" lang="en">
 <head>
  <title>
</title>
<meta http-equiv="Content-Type" content="text/html;charset=utf-8" />
  <meta name='ocr-system' content='tesseract 3.04.00' />
  <meta name='ocr-capabilities' content='ocr_page ocr_carea ocr_par ocr_line ocrx_word'/>
</head>
<body>
  <div class='ocr_page' id='page_1' title='image "./poetbucolicietd00ameigoog_0362.png"; bbox 0 0 3767 5825; ppageno 0'>
   <div class='ocr_carea' id='block_1_1' title="bbox 462 424 2816 491">
    <p class='ocr_par' dir='ltr' id='par_1_1' title="bbox 462 424 2816 491">
     <span class='ocr_line' id='line_1_1' title="bbox 462 424 2816 491; baseline 0.002 -4"><span class='ocrx_word' id='word_1_1' title='bbox 462 440 534 489; x_wconf 73' lang='lat'><strong>24</strong></span> <span class='ocrx_word' id='word_1_2' title='bbox 1338 424 1537 487; x_wconf 65' lang='lat' dir='ltr'><strong>olan</strong></span> <span class='ocrx_word' id='word_1_3' title='bbox 1578 426 1850 489; x_wconf 79' lang='grc' dir='ltr'>ΣΤῙΧΟῘ</span> <span class='ocrx_word' id='word_1_4' title='bbox 1895 427 2082 491; x_wconf 81' lang='grc' dir='ltr'><strong>ΠΕΡΙ</strong></span> <span class='ocrx_word' id='word_1_5' title='bbox 2123 426 2336 491; x_wconf 78' lang='grc' dir='ltr'><strong>ΖΩΩΝ</strong></span> <span class='ocrx_word' id='word_1_6' title='bbox 2377 428 2816 491; x_wconf 83' lang='grc' dir='ltr'><strong>ῙΔῙΟΤΗἸῸΣ.</strong></span> 
     </span>
    </p>
   </div>
   <div class='ocr_carea' id='block_1_2' title="bbox 476 554 1832 821">
    <p class='ocr_par' dir='ltr' id='par_1_2' title="bbox 476 554 1832 821">
     <span class='ocr_line' id='line_1_2' title="bbox 476 554 1633 641; baseline -0.003 -21"><span class='ocrx_word' id='word_1_7' title='bbox 476 565 569 639; x_wconf 68' lang='lat'><strong>(⁴5)</strong></span> <span class='ocrx_word' id='word_1_8' title='bbox 594 557 741 641; x_wconf 54' lang='grc' dir='ltr'>θεοὺς</span> <span class='ocrx_word' id='word_1_9' title='bbox 767 557 1042 635; x_wconf 79' lang='grc' dir='ltr'>σέὸονται,</span> <span class='ocrx_word' id='word_1_10' title='bbox 1078 558 1149 626; x_wconf 80' lang='grc' dir='ltr'>ὥς</span> <span class='ocrx_word' id='word_1_11' title='bbox 1169 555 1366 617; x_wconf 82' lang='grc' dir='ltr'>ἔνεστιν</span> <span class='ocrx_word' id='word_1_12' title='bbox 1395 554 1633 630; x_wconf 75' lang='grc' dir='ltr'>εἰκάσαι,</span> 
     </span>
     <span class='ocr_line' id='line_1_3' title="bbox 593 645 1832 731; baseline -0.002 -22"><span class='ocrx_word' id='word_1_13' title='bbox 593 652 643 709; x_wconf 75' lang='grc' dir='ltr'><strong>οἳ</strong></span> <span class='ocrx_word' id='word_1_14' title='bbox 672 648 727 709; x_wconf 77' lang='grc' dir='ltr'><strong>δὲ</strong></span> <span class='ocrx_word' id='word_1_15' title='bbox 756 646 1002 731; x_wconf 81' lang='grc' dir='ltr'>ζοφώδεις</span> <span class='ocrx_word' id='word_1_16' title='bbox 1020 648 1116 715; x_wconf 78' lang='grc' dir='ltr'><strong>τὰς</strong></span> <span class='ocrx_word' id='word_1_17' title='bbox 1143 645 1333 729; x_wconf 77' lang='grc' dir='ltr'>φρένας</span> <span class='ocrx_word' id='word_1_18' title='bbox 1360 650 1464 707; x_wconf 81' lang='grc' dir='ltr'><strong>τῶν</strong></span> <span class='ocrx_word' id='word_1_19' title='bbox 1486 647 1832 727; x_wconf 82' lang='grc' dir='ltr'>πταισμάτων</span> 
     </span>
     <span class='ocr_line' id='line_1_4' title="bbox 486 735 1553 821; baseline -0.006 -20"><span class='ocrx_word' id='word_1_20' title='bbox 486 760 567 801; x_wconf 70' lang='lat'><strong>⁹70</strong></span> <span class='ocrx_word' id='word_1_21' title='bbox 594 741 987 821; x_wconf 74' lang='grc' dir='ltr'>ἄμφιγνοοῧσιν,</span> <span class='ocrx_word' id='word_1_22' title='bbox 1012 735 1062 796; x_wconf 76' lang='grc' dir='ltr'><strong>εἴ</strong></span> <span class='ocrx_word' id='word_1_23' title='bbox 1080 761 1132 797; x_wconf 88' lang='grc' dir='ltr'><strong>τι</strong></span> <span class='ocrx_word' id='word_1_24' title='bbox 1153 742 1285 796; x_wconf 86' lang='grc' dir='ltr'>θεῖον</span> <span class='ocrx_word' id='word_1_25' title='bbox 1304 736 1553 817; x_wconf 77' lang='grc' dir='ltr'><strong>τυγχάνει</strong></span> 
     </span>
    </p>
   </div>
   <div class='ocr_carea' id='block_1_3' title="bbox 593 824 1797 911">
    <p class='ocr_par' dir='ltr' id='par_1_3' title="bbox 593 824 1797 911">
     <span class='ocr_line' id='line_1_5' title="bbox 593 824 1797 911; baseline 0.002 -25"><span class='ocrx_word' id='word_1_26' title='bbox 593 826 630 900; x_wconf 77' lang='grc' dir='ltr'>ἢ</span> <span class='ocrx_word' id='word_1_27' title='bbox 656 826 759 908; x_wconf 81' lang='grc' dir='ltr'><strong>μὴ,</strong></span> <span class='ocrx_word' id='word_1_28' title='bbox 781 826 959 911; x_wconf 76' lang='grc' dir='ltr'>βροτοὶ</span> <span class='ocrx_word' id='word_1_29' title='bbox 978 830 1220 906; x_wconf 83' lang='grc' dir='ltr'>γεγῶτες·</span> <span class='ocrx_word' id='word_1_30' title='bbox 1246 824 1292 885; x_wconf 78' lang='grc' dir='ltr'><strong>ὦ</strong></span> <span class='ocrx_word' id='word_1_31' title='bbox 1320 832 1417 908; x_wconf 79' lang='grc' dir='ltr'><strong>φεῦ</strong></span> <span class='ocrx_word' id='word_1_32' title='bbox 1436 832 1527 898; x_wconf 78' lang='grc' dir='ltr'><strong>τῆς</strong></span> <span class='ocrx_word' id='word_1_33' title='bbox 1550 824 1797 909; x_wconf 86' lang='grc' dir='ltr'>πλάνης.]</span> 
     </span>
    </p>
   </div>
   <div class='ocr_carea' id='block_1_4' title="bbox 820 1090 1664 1154">
    <p class='ocr_par' dir='ltr' id='par_1_4' title="bbox 820 1090 1664 1154">
     <span class='ocr_line' id='line_1_6' title="bbox 820 1090 1664 1154; baseline -0.002 -1"><span class='ocrx_word' id='word_1_34' title='bbox 820 1091 1003 1153; x_wconf 86' lang='grc' dir='ltr'><strong>ΠΕΡΙ</strong></span> <span class='ocrx_word' id='word_1_35' title='bbox 1046 1090 1664 1154; x_wconf 84' lang='grc' dir='ltr'><strong>ΜΟΝΟΚΕΡΩΤΟΣ.</strong></span> 
     </span>
    </p>
   </div>
   <div class='ocr_carea' id='block_1_5' title="bbox 482 1233 1938 3810">
    <p class='ocr_par' dir='ltr' id='par_1_5' title="bbox 594 1233 1714 1498">
     <span class='ocr_line' id='line_1_7' title="bbox 594 1233 1707 1320; baseline -0.005 -19"><span class='ocrx_word' id='word_1_36' title='bbox 594 1239 665 1301; x_wconf 87' lang='lat' dir='ltr'><strong>‘O</strong></span> <span class='ocrx_word' id='word_1_37' title='bbox 688 1233 978 1320; x_wconf 85' lang='grc' dir='ltr'>μονόκερως</span> <span class='ocrx_word' id='word_1_38' title='bbox 1004 1234 1104 1318; x_wconf 66' lang='grc' dir='ltr'>θὴρ</span> <span class='ocrx_word' id='word_1_39' title='bbox 1127 1238 1255 1318; x_wconf 89' lang='grc' dir='ltr'>παρ’</span> <span class='ocrx_word' id='word_1_40' title='bbox 1280 1237 1465 1305; x_wconf 85' lang='grc' dir='ltr'>Ἰνδοῖς</span> <span class='ocrx_word' id='word_1_41' title='bbox 1492 1236 1675 1317; x_wconf 81' lang='grc' dir='ltr'>εὖρέθη</span> <span class='ocrx_word' id='word_1_42' title='bbox 1690 1282 1707 1315; x_wconf 92' lang='grc'>,</span> 
     </span>
     <span class='ocr_line' id='line_1_8' title="bbox 598 1325 1714 1404; baseline -0.003 -18"><span class='ocrx_word' id='word_1_43' title='bbox 598 1326 760 1395; x_wconf 84' lang='grc' dir='ltr'>δεινὸς</span> <span class='ocrx_word' id='word_1_44' title='bbox 792 1325 887 1404; x_wconf 77' lang='grc' dir='ltr'><strong>μὲν</strong></span> <span class='ocrx_word' id='word_1_45' title='bbox 918 1327 1065 1400; x_wconf 79' lang='grc' dir='ltr'>ἰδεῖν,</span> <span class='ocrx_word' id='word_1_46' title='bbox 1095 1329 1142 1385; x_wconf 79' lang='grc' dir='ltr'><strong>εἰ</strong></span> <span class='ocrx_word' id='word_1_47' title='bbox 1170 1326 1226 1385; x_wconf 87' lang='grc' dir='ltr'><strong>δὲ</strong></span> <span class='ocrx_word' id='word_1_48' title='bbox 1252 1325 1350 1394; x_wconf 72' lang='grc' dir='ltr'><strong>λὰξ</strong></span> <span class='ocrx_word' id='word_1_49' title='bbox 1380 1326 1714 1399; x_wconf 79' lang='grc' dir='ltr'>ἐπεισπέσοι,</span> 
     </span>
     <span class='ocr_line' id='line_1_9' title="bbox 600 1413 1657 1498; baseline -0.002 -23"><span class='ocrx_word' id='word_1_50' title='bbox 600 1415 763 1498; x_wconf 78' lang='grc' dir='ltr'>βαρὺς</span> <span class='ocrx_word' id='word_1_51' title='bbox 786 1414 1053 1497; x_wconf 74' lang='grc' dir='ltr'>μαχητής·</span> <span class='ocrx_word' id='word_1_52' title='bbox 1082 1418 1127 1475; x_wconf 78' lang='grc' dir='ltr'><strong>εἷ</strong></span> <span class='ocrx_word' id='word_1_53' title='bbox 1152 1414 1208 1474; x_wconf 85' lang='grc' dir='ltr'><strong>δὲ</strong></span> <span class='ocrx_word' id='word_1_54' title='bbox 1231 1414 1401 1497; x_wconf 85' lang='grc' dir='ltr'>κύψας</span> <span class='ocrx_word' id='word_1_55' title='bbox 1421 1413 1657 1488; x_wconf 81' lang='grc' dir='ltr'>ἐνδάκοι,</span> 
     </span>
    </p>

    <p class='ocr_par' dir='ltr' id='par_1_6' title="bbox 489 1501 1505 1588">
     <span class='ocr_line' id='line_1_10' title="bbox 489 1501 1505 1588; baseline -0.009 -18"><span class='ocrx_word' id='word_1_56' title='bbox 489 1528 567 1569; x_wconf 74' lang='lat'><strong>⁹7⁵</strong></span> <span class='ocrx_word' id='word_1_57' title='bbox 597 1504 747 1584; x_wconf 84' lang='grc' dir='ltr'>μόλις</span> <span class='ocrx_word' id='word_1_58' title='bbox 768 1507 959 1586; x_wconf 81' lang='grc' dir='ltr'>ἰατρῶν</span> <span class='ocrx_word' id='word_1_59' title='bbox 988 1501 1180 1588; x_wconf 81' lang='grc' dir='ltr'>εὐφυὴς</span> <span class='ocrx_word' id='word_1_60' title='bbox 1203 1502 1505 1585; x_wconf 80' lang='grc' dir='ltr'>χειρουργία</span> 
     </span>
    </p>

    <p class='ocr_par' dir='ltr' id='par_1_7' title="bbox 494 1588 1795 1943">
     <span class='ocr_line' id='line_1_11' title="bbox 494 1588 1773 1674; baseline -0.002 -19"><span class='ocrx_word' id='word_1_61' title='bbox 494 1596 558 1673; x_wconf 71' lang='grc' dir='ltr'><strong>(ο)</strong></span> <span class='ocrx_word' id='word_1_62' title='bbox 592 1592 765 1653; x_wconf 80' lang='grc' dir='ltr'>πείσει</span> <span class='ocrx_word' id='word_1_63' title='bbox 783 1593 1064 1673; x_wconf 83' lang='grc' dir='ltr'>παρελθεῖν</span> <span class='ocrx_word' id='word_1_64' title='bbox 1088 1590 1185 1665; x_wconf 81' lang='grc' dir='ltr'><strong>τὴν</strong></span> <span class='ocrx_word' id='word_1_65' title='bbox 1214 1589 1379 1674; x_wconf 74' lang='grc' dir='ltr'>φορὰν</span> <span class='ocrx_word' id='word_1_66' title='bbox 1406 1592 1498 1651; x_wconf 78' lang='grc' dir='ltr'><strong>τοῦ</strong></span> <span class='ocrx_word' id='word_1_67' title='bbox 1517 1588 1773 1652; x_wconf 79' lang='grc' dir='ltr'>κινδύνου.</span> 
     </span>
     <span class='ocr_line' id='line_1_12' title="bbox 597 1680 1696 1763; baseline -0.005 -19"><span class='ocrx_word' id='word_1_68' title='bbox 597 1680 785 1745; x_wconf 70' lang='grc' dir='ltr'>Σοὸῶν</span> <span class='ocrx_word' id='word_1_69' title='bbox 814 1680 869 1741; x_wconf 78' lang='grc' dir='ltr'><strong>δὲ</strong></span> <span class='ocrx_word' id='word_1_70' title='bbox 892 1680 1067 1741; x_wconf 75' lang='grc' dir='ltr'>πυκνὰ</span> <span class='ocrx_word' id='word_1_71' title='bbox 1094 1682 1183 1741; x_wconf 84' lang='grc' dir='ltr'><strong>τὸν</strong></span> <span class='ocrx_word' id='word_1_72' title='bbox 1209 1690 1492 1763; x_wconf 83' lang='grc' dir='ltr'>κορυφαῖον</span> <span class='ocrx_word' id='word_1_73' title='bbox 1512 1680 1696 1763; x_wconf 80' lang='grc' dir='ltr'>λόφον,</span> 
     </span>
     <span class='ocr_line' id='line_1_13' title="bbox 596 1768 1795 1853; baseline -0.005 -21"><span class='ocrx_word' id='word_1_74' title='bbox 596 1774 725 1832; x_wconf 80' lang='grc' dir='ltr'>ὠθεῖ</span> <span class='ocrx_word' id='word_1_75' title='bbox 746 1770 809 1831; x_wconf 82' lang='grc' dir='ltr'><strong>τὸ</strong></span> <span class='ocrx_word' id='word_1_76' title='bbox 831 1770 1037 1853; x_wconf 80' lang='grc' dir='ltr'>μακρὸν</span> <span class='ocrx_word' id='word_1_77' title='bbox 1056 1770 1149 1831; x_wconf 78' lang='grc' dir='ltr'><strong>καὶ</strong></span> <span class='ocrx_word' id='word_1_78' title='bbox 1176 1776 1370 1853; x_wconf 78' lang='grc' dir='ltr'>φθορᾶς</span> <span class='ocrx_word' id='word_1_79' title='bbox 1387 1773 1586 1852; x_wconf 78' lang='grc' dir='ltr'>πλῆρες</span> <span class='ocrx_word' id='word_1_80' title='bbox 1608 1768 1795 1850; x_wconf 79' lang='grc' dir='ltr'>κέρας,</span> 
     </span>
     <span class='ocr_line' id='line_1_14' title="bbox 601 1859 1565 1943; baseline -0.006 -22"><span class='ocrx_word' id='word_1_81' title='bbox 601 1860 631 1921; x_wconf 76' lang='grc' dir='ltr'>ὃ</span> <span class='ocrx_word' id='word_1_82' title='bbox 650 1863 755 1920; x_wconf 80' lang='grc' dir='ltr'><strong>τῶν</strong></span> <span class='ocrx_word' id='word_1_83' title='bbox 782 1860 996 1919; x_wconf 74' lang='grc' dir='ltr'>ἅκαλῶν</span> <span class='ocrx_word' id='word_1_84' title='bbox 1022 1859 1317 1943; x_wconf 78' lang='grc' dir='ltr'>ἐκπηφυκὸς</span> <span class='ocrx_word' id='word_1_85' title='bbox 1339 1859 1565 1943; x_wconf 77' lang='grc' dir='ltr'>ὀφρύων,</span> 
     </span>
    </p>

    <p class='ocr_par' dir='ltr' id='par_1_8' title="bbox 493 1946 1717 2033">
     <span class='ocr_line' id='line_1_15' title="bbox 493 1946 1717 2033; baseline -0.003 -23"><span class='ocrx_word' id='word_1_86' title='bbox 493 1972 575 2012; x_wconf 78' lang='lat' dir='ltr'><strong>sao</strong></span> <span class='ocrx_word' id='word_1_87' title='bbox 601 1952 661 2010; x_wconf 82' lang='grc' dir='ltr'><strong>οὗ</strong></span> <span class='ocrx_word' id='word_1_88' title='bbox 690 1950 868 2010; x_wconf 87' lang='grc' dir='ltr'>κοῖλον</span> <span class='ocrx_word' id='word_1_89' title='bbox 891 1950 1051 2025; x_wconf 77' lang='grc' dir='ltr'>ἐστὶν,</span> <span class='ocrx_word' id='word_1_90' title='bbox 1073 1951 1195 2010; x_wconf 79' lang='grc' dir='ltr'>οὗδὲ</span> <span class='ocrx_word' id='word_1_91' title='bbox 1220 1956 1409 2033; x_wconf 77' lang='grc' dir='ltr'>κοῦφον</span> <span class='ocrx_word' id='word_1_92' title='bbox 1432 1952 1503 2015; x_wconf 83' lang='grc' dir='ltr'>ὡς</span> <span class='ocrx_word' id='word_1_93' title='bbox 1533 1946 1717 2029; x_wconf 85' lang='grc' dir='ltr'>κέρας,</span> 
     </span>
    </p>

    <p class='ocr_par' dir='ltr' id='par_1_9' title="bbox 488 2036 1759 2389">
     <span class='ocr_line' id='line_1_16' title="bbox 488 2036 1691 2121; baseline -0.003 -22"><span class='ocrx_word' id='word_1_94' title='bbox 488 2042 573 2117; x_wconf 85' lang='lat'>(10)</span> <span class='ocrx_word' id='word_1_95' title='bbox 604 2039 712 2099; x_wconf 74' lang='grc' dir='ltr'>οὐδ’</span> <span class='ocrx_word' id='word_1_96' title='bbox 735 2038 790 2108; x_wconf 72' lang='grc' dir='ltr'><strong>ἐξ</strong></span> <span class='ocrx_word' id='word_1_97' title='bbox 818 2040 1049 2117; x_wconf 75' lang='grc' dir='ltr'>δμαλοῧς</span> <span class='ocrx_word' id='word_1_98' title='bbox 1068 2042 1161 2111; x_wconf 75' lang='grc' dir='ltr'><strong>τῆς</strong></span> <span class='ocrx_word' id='word_1_99' title='bbox 1185 2044 1315 2120; x_wconf 79' lang='grc' dir='ltr'>φυῆς</span> <span class='ocrx_word' id='word_1_100' title='bbox 1345 2036 1691 2121; x_wconf 83' lang='grc' dir='ltr'>προηγμένον,</span> 
     </span>
     <span class='ocr_line' id='line_1_17' title="bbox 599 2126 1603 2211; baseline -0.004 -22"><span class='ocrx_word' id='word_1_101' title='bbox 599 2128 924 2211; x_wconf 82' lang='grc' dir='ltr'>τραχύτερον</span> <span class='ocrx_word' id='word_1_102' title='bbox 952 2128 1008 2188; x_wconf 82' lang='grc' dir='ltr'><strong>δὲ</strong></span> <span class='ocrx_word' id='word_1_103' title='bbox 1040 2128 1133 2188; x_wconf 73' lang='grc' dir='ltr'><strong>καὶ</strong></span> <span class='ocrx_word' id='word_1_104' title='bbox 1160 2126 1404 2209; x_wconf 86' lang='grc' dir='ltr'>σιδηρέας</span> <span class='ocrx_word' id='word_1_105' title='bbox 1433 2126 1603 2209; x_wconf 77' lang='grc' dir='ltr'>ῥίνης,</span> 
     </span>
     <span class='ocr_line' id='line_1_18' title="bbox 600 2212 1759 2299; baseline -0.006 -21"><span class='ocrx_word' id='word_1_106' title='bbox 600 2222 671 2286; x_wconf 82' lang='grc' dir='ltr'>ὣς</span> <span class='ocrx_word' id='word_1_107' title='bbox 703 2220 777 2286; x_wconf 81' lang='grc' dir='ltr'><strong>εἰς</strong></span> <span class='ocrx_word' id='word_1_108' title='bbox 796 2216 1041 2297; x_wconf 78' lang='grc' dir='ltr'>ἑλιγμοὺς</span> <span class='ocrx_word' id='word_1_109' title='bbox 1066 2220 1349 2299; x_wconf 80' lang='grc' dir='ltr'>προσφυεῖς</span> <span class='ocrx_word' id='word_1_110' title='bbox 1373 2212 1759 2293; x_wconf 88' lang='grc' dir='ltr'>κεκλωσμένον,</span> 
     </span>
     <span class='ocr_line' id='line_1_19' title="bbox 602 2304 1605 2389; baseline -0.004 -23"><span class='ocrx_word' id='word_1_111' title='bbox 602 2304 839 2389; x_wconf 81' lang='grc' dir='ltr'>ὀξύτερον</span> <span class='ocrx_word' id='word_1_112' title='bbox 864 2308 921 2366; x_wconf 77' lang='grc' dir='ltr'><strong>δὲ</strong></span> <span class='ocrx_word' id='word_1_113' title='bbox 942 2306 1034 2367; x_wconf 75' lang='grc' dir='ltr'><strong>καὶ</strong></span> <span class='ocrx_word' id='word_1_114' title='bbox 1051 2304 1371 2385; x_wconf 82' lang='grc' dir='ltr'>τεθηγμένου</span> <span class='ocrx_word' id='word_1_115' title='bbox 1395 2305 1605 2386; x_wconf 84' lang='grc' dir='ltr'>βέλους,</span> 
     </span>
    </p>

    <p class='ocr_par' dir='ltr' id='par_1_10' title="bbox 496 2391 1741 2477">
     <span class='ocr_line' id='line_1_20' title="bbox 496 2391 1741 2477; baseline -0.006 -19"><span class='ocrx_word' id='word_1_116' title='bbox 496 2416 576 2459; x_wconf 72' lang='lat' dir='ltr'><strong>sss</strong></span> <span class='ocrx_word' id='word_1_117' title='bbox 602 2400 674 2464; x_wconf 81' lang='grc' dir='ltr'>ὥς</span> <span class='ocrx_word' id='word_1_118' title='bbox 702 2400 777 2475; x_wconf 72' lang='grc' dir='ltr'>μὴ</span> <span class='ocrx_word' id='word_1_119' title='bbox 800 2394 1024 2477; x_wconf 80' lang='grc' dir='ltr'>κεκυφὸς</span> <span class='ocrx_word' id='word_1_120' title='bbox 1044 2397 1117 2463; x_wconf 81' lang='grc' dir='ltr'><strong>εἷς</strong></span> <span class='ocrx_word' id='word_1_121' title='bbox 1146 2392 1307 2475; x_wconf 73' lang='grc' dir='ltr'>ῥοπὰς</span> <span class='ocrx_word' id='word_1_122' title='bbox 1340 2391 1741 2477; x_wconf 86' lang='grc' dir='ltr'>παλιντρόπους.</span> 
     </span>
    </p>

    <p class='ocr_par' dir='ltr' id='par_1_11' title="bbox 494 2479 1707 2567">
     <span class='ocr_line' id='line_1_21' title="bbox 494 2479 1707 2567; baseline -0.005 -20"><span class='ocrx_word' id='word_1_123' title='bbox 494 2486 587 2567; x_wconf 76' lang='lat'><strong>(1⁶)</strong></span> <span class='ocrx_word' id='word_1_124' title='bbox 612 2484 802 2545; x_wconf 87' lang='grc' dir='ltr'>Μέλαν</span> <span class='ocrx_word' id='word_1_125' title='bbox 826 2484 883 2544; x_wconf 75' lang='grc' dir='ltr'><strong>δὲ</strong></span> <span class='ocrx_word' id='word_1_126' title='bbox 908 2493 1016 2543; x_wconf 75' lang='grc' dir='ltr'><strong>πᾶν</strong></span> <span class='ocrx_word' id='word_1_127' title='bbox 1035 2484 1201 2543; x_wconf 77' lang='grc' dir='ltr'>ἐκεῖνο</span> <span class='ocrx_word' id='word_1_128' title='bbox 1235 2486 1329 2555; x_wconf 84' lang='grc' dir='ltr'>τ’ἥς</span> <span class='ocrx_word' id='word_1_129' title='bbox 1358 2484 1534 2560; x_wconf 76' lang='grc' dir='ltr'>ἀκμῆς</span> <span class='ocrx_word' id='word_1_130' title='bbox 1561 2479 1707 2561; x_wconf 81' lang='grc' dir='ltr'>δίχα.</span> 
     </span>
    </p>

    <p class='ocr_par' dir='ltr' id='par_1_12' title="bbox 510 2566 1938 2829">
     <span class='ocr_line' id='line_1_22' title="bbox 510 2566 1908 2654; baseline -0.007 -19"><span class='ocrx_word' id='word_1_131' title='bbox 510 2612 517 2617; x_wconf 85' lang='grc'><em>·</em></span> <span class='ocrx_word' id='word_1_132' title='bbox 600 2574 818 2647; x_wconf 84' lang='grc' dir='ltr'>Ξανθήν</span> <span class='ocrx_word' id='word_1_133' title='bbox 838 2597 900 2653; x_wconf 92' lang='grc' dir='ltr'><strong>γε</strong></span> <span class='ocrx_word' id='word_1_134' title='bbox 928 2571 1059 2651; x_wconf 87' lang='grc' dir='ltr'>μὴν,</span> <span class='ocrx_word' id='word_1_135' title='bbox 1086 2572 1367 2654; x_wconf 82' lang='grc' dir='ltr'>κράτιστε,</span> <span class='ocrx_word' id='word_1_136' title='bbox 1391 2569 1489 2644; x_wconf 81' lang='grc' dir='ltr'><strong>τὴν</strong></span> <span class='ocrx_word' id='word_1_137' title='bbox 1512 2568 1713 2651; x_wconf 88' lang='grc' dir='ltr'>λάχνην</span> <span class='ocrx_word' id='word_1_138' title='bbox 1739 2566 1908 2651; x_wconf 85' lang='grc' dir='ltr'>φέρει,</span> 
     </span>
     <span class='ocr_line' id='line_1_23' title="bbox 604 2658 1641 2746; baseline -0.007 -22"><span class='ocrx_word' id='word_1_139' title='bbox 604 2663 763 2746; x_wconf 73' lang='grc' dir='ltr'>οὐρὰν</span> <span class='ocrx_word' id='word_1_140' title='bbox 788 2662 844 2723; x_wconf 79' lang='grc' dir='ltr'><strong>δὲ</strong></span> <span class='ocrx_word' id='word_1_141' title='bbox 867 2662 1012 2736; x_wconf 83' lang='grc' dir='ltr'>συὸς,</span> <span class='ocrx_word' id='word_1_142' title='bbox 1035 2660 1127 2721; x_wconf 75' lang='grc' dir='ltr'><strong>καὶ</strong></span> <span class='ocrx_word' id='word_1_143' title='bbox 1152 2660 1410 2721; x_wconf 88' lang='grc' dir='ltr'>λεόντειον</span> <span class='ocrx_word' id='word_1_144' title='bbox 1438 2658 1641 2737; x_wconf 84' lang='grc' dir='ltr'>στόμα,</span> 
     </span>
     <span class='ocr_line' id='line_1_24' title="bbox 600 2744 1938 2829; baseline -0.008 -16"><span class='ocrx_word' id='word_1_145' title='bbox 600 2752 691 2814; x_wconf 78' lang='grc' dir='ltr'><strong>καὶ</strong></span> <span class='ocrx_word' id='word_1_146' title='bbox 720 2756 825 2812; x_wconf 83' lang='grc' dir='ltr'>θεῖν</span> <span class='ocrx_word' id='word_1_147' title='bbox 850 2749 945 2828; x_wconf 77' lang='grc' dir='ltr'><strong>μὲν</strong></span> <span class='ocrx_word' id='word_1_148' title='bbox 974 2748 1131 2824; x_wconf 82' lang='grc' dir='ltr'>ὀξεῖς,</span> <span class='ocrx_word' id='word_1_149' title='bbox 1160 2748 1275 2809; x_wconf 76' lang='grc' dir='ltr'>ἀλλ’</span> <span class='ocrx_word' id='word_1_150' title='bbox 1302 2747 1586 2829; x_wconf 80' lang='grc' dir='ltr'>ἀνάρθρους</span> <span class='ocrx_word' id='word_1_151' title='bbox 1605 2745 1725 2815; x_wconf 72' lang='grc' dir='ltr'>τοὺς</span> <span class='ocrx_word' id='word_1_152' title='bbox 1752 2744 1938 2811; x_wconf 87' lang='grc' dir='ltr'>πόδας.</span> 
     </span>
    </p>

    <p class='ocr_par' dir='ltr' id='par_1_13' title="bbox 493 2834 1765 2920">
     <span class='ocr_line' id='line_1_25' title="bbox 493 2834 1765 2920; baseline -0.009 -15"><span class='ocrx_word' id='word_1_153' title='bbox 493 2864 575 2905; x_wconf 72' lang='grc'><strong>990</strong></span> <span class='ocrx_word' id='word_1_154' title='bbox 600 2842 918 2912; x_wconf 76' lang='grc' dir='ltr'>Ἀσπάζεται</span> <span class='ocrx_word' id='word_1_155' title='bbox 944 2837 1001 2900; x_wconf 78' lang='grc' dir='ltr'><strong>δὲ</strong></span> <span class='ocrx_word' id='word_1_156' title='bbox 1033 2838 1153 2907; x_wconf 76' lang='grc' dir='ltr'>τοὺς</span> <span class='ocrx_word' id='word_1_157' title='bbox 1174 2836 1552 2920; x_wconf 78' lang='grc' dir='ltr'>ἅπανθρώπους</span> <span class='ocrx_word' id='word_1_158' title='bbox 1578 2834 1765 2903; x_wconf 87' lang='grc' dir='ltr'>τόπους</span> 
     </span>
    </p>

    <p class='ocr_par' dir='ltr' id='par_1_14' title="bbox 498 2923 1769 3277">
     <span class='ocr_line' id='line_1_26' title="bbox 498 2923 1757 3013; baseline -0.006 -20"><span class='ocrx_word' id='word_1_159' title='bbox 498 2935 587 3012; x_wconf 81' lang='lat'><strong>(20)</strong></span> <span class='ocrx_word' id='word_1_160' title='bbox 616 2931 708 2993; x_wconf 75' lang='grc' dir='ltr'><strong>καὶ</strong></span> <span class='ocrx_word' id='word_1_161' title='bbox 729 2935 792 3012; x_wconf 81' lang='grc' dir='ltr'><strong>ζῇ</strong></span> <span class='ocrx_word' id='word_1_162' title='bbox 818 2933 1088 3013; x_wconf 82' lang='grc' dir='ltr'>παροικῶν</span> <span class='ocrx_word' id='word_1_163' title='bbox 1100 2923 1202 2988; x_wconf 70' lang='grc' dir='ltr'>’καὶ</span> <span class='ocrx_word' id='word_1_164' title='bbox 1224 2925 1566 3005; x_wconf 81' lang='grc' dir='ltr'>πλανώμενος</span> <span class='ocrx_word' id='word_1_165' title='bbox 1591 2924 1757 3004; x_wconf 83' lang='grc' dir='ltr'>μόνος.</span> 
     </span>
     <span class='ocr_line' id='line_1_27' title="bbox 607 3012 1657 3101; baseline -0.007 -21"><span class='ocrx_word' id='word_1_166' title='bbox 607 3019 723 3085; x_wconf 77' lang='grc' dir='ltr'><strong>Καὶ</strong></span> <span class='ocrx_word' id='word_1_167' title='bbox 747 3018 878 3101; x_wconf 81' lang='grc' dir='ltr'>πρὸς</span> <span class='ocrx_word' id='word_1_168' title='bbox 901 3017 996 3098; x_wconf 76' lang='grc' dir='ltr'><strong>μὲν</strong></span> <span class='ocrx_word' id='word_1_169' title='bbox 1024 3016 1297 3100; x_wconf 83' lang='grc' dir='ltr'>ἀλλόφυλα</span> <span class='ocrx_word' id='word_1_170' title='bbox 1316 3015 1509 3098; x_wconf 86' lang='grc' dir='ltr'>θηρίων</span> <span class='ocrx_word' id='word_1_171' title='bbox 1531 3012 1657 3096; x_wconf 87' lang='grc' dir='ltr'>γένη</span> 
     </span>
     <span class='ocr_line' id='line_1_28' title="bbox 606 3101 1769 3190; baseline -0.008 -21"><span class='ocrx_word' id='word_1_172' title='bbox 606 3114 636 3169; x_wconf 78' lang='grc' dir='ltr'>δ</span> <span class='ocrx_word' id='word_1_173' title='bbox 659 3106 759 3190; x_wconf 79' lang='grc' dir='ltr'>θὴρ</span> <span class='ocrx_word' id='word_1_174' title='bbox 785 3105 1077 3187; x_wconf 77' lang='grc' dir='ltr'>προσηνὴς,</span> <span class='ocrx_word' id='word_1_175' title='bbox 1100 3109 1171 3174; x_wconf 80' lang='grc' dir='ltr'>ὥς</span> <span class='ocrx_word' id='word_1_176' title='bbox 1193 3103 1311 3172; x_wconf 78' lang='grc' dir='ltr'>ἐθὰς</span> <span class='ocrx_word' id='word_1_177' title='bbox 1327 3103 1527 3184; x_wconf 81' lang='grc' dir='ltr'>ποίμνῃ</span> <span class='ocrx_word' id='word_1_178' title='bbox 1556 3101 1769 3170; x_wconf 84' lang='grc' dir='ltr'>σκύλαξ·</span> 
     </span>
     <span class='ocr_line' id='line_1_29' title="bbox 606 3191 1646 3277; baseline -0.007 -19"><span class='ocrx_word' id='word_1_179' title='bbox 606 3197 668 3258; x_wconf 75' lang='grc' dir='ltr'><strong>τὸ</strong></span> <span class='ocrx_word' id='word_1_180' title='bbox 696 3193 936 3277; x_wconf 66' lang='grc' dir='ltr'>συγγενὲς</span> <span class='ocrx_word' id='word_1_181' title='bbox 960 3193 1017 3254; x_wconf 78' lang='grc' dir='ltr'><strong>δὲ</strong></span> <span class='ocrx_word' id='word_1_182' title='bbox 1043 3193 1293 3255; x_wconf 77' lang='grc' dir='ltr'>καὶκατὰ</span> <span class='ocrx_word' id='word_1_183' title='bbox 1314 3191 1469 3275; x_wconf 88' lang='grc' dir='ltr'>φύσιν</span> <span class='ocrx_word' id='word_1_184' title='bbox 1497 3192 1646 3274; x_wconf 80' lang='grc' dir='ltr'>φίλον</span> 
     </span>
    </p>

    <p class='ocr_par' dir='ltr' id='par_1_15' title="bbox 496 3280 1645 3365">
     <span class='ocr_line' id='line_1_30' title="bbox 496 3280 1645 3365; baseline -0.007 -15"><span class='ocrx_word' id='word_1_185' title='bbox 496 3311 577 3350; x_wconf 73' lang='lat' dir='ltr'><strong>sss</strong></span> <span class='ocrx_word' id='word_1_186' title='bbox 603 3287 833 3349; x_wconf 74' lang='grc' dir='ltr'>ἐναντίον</span> <span class='ocrx_word' id='word_1_187' title='bbox 858 3284 1091 3365; x_wconf 86' lang='grc' dir='ltr'>μάλιστα</span> <span class='ocrx_word' id='word_1_188' title='bbox 1115 3283 1206 3342; x_wconf 80' lang='grc' dir='ltr'><strong>καὶ</strong></span> <span class='ocrx_word' id='word_1_189' title='bbox 1228 3281 1444 3342; x_wconf 80' lang='grc' dir='ltr'>δύσνουν</span> <span class='ocrx_word' id='word_1_190' title='bbox 1462 3280 1645 3364; x_wconf 87' lang='grc' dir='ltr'>κρίνει.</span> 
     </span>
    </p>

    <p class='ocr_par' dir='ltr' id='par_1_16' title="bbox 494 3367 1743 3721">
     <span class='ocr_line' id='line_1_31' title="bbox 494 3367 1669 3456; baseline -0.01 -18"><span class='ocrx_word' id='word_1_191' title='bbox 494 3379 585 3456; x_wconf 79' lang='lat'><strong>(25)</strong></span> <span class='ocrx_word' id='word_1_192' title='bbox 608 3367 912 3456; x_wconf 77' lang='grc' dir='ltr'>Πραΰνεται</span> <span class='ocrx_word' id='word_1_193' title='bbox 939 3371 994 3431; x_wconf 73' lang='grc' dir='ltr'><strong>δὲ</strong></span> <span class='ocrx_word' id='word_1_194' title='bbox 1022 3370 1171 3453; x_wconf 77' lang='grc' dir='ltr'>παρὰ</span> <span class='ocrx_word' id='word_1_195' title='bbox 1197 3371 1287 3431; x_wconf 81' lang='grc' dir='ltr'><strong>τὸν</strong></span> <span class='ocrx_word' id='word_1_196' title='bbox 1310 3373 1470 3443; x_wconf 75' lang='grc' dir='ltr'>θῆλυν</span> <span class='ocrx_word' id='word_1_197' title='bbox 1492 3369 1669 3448; x_wconf 89' lang='grc' dir='ltr'>μόνον,</span> 
     </span>
     <span class='ocr_line' id='line_1_32' title="bbox 609 3457 1729 3544; baseline -0.007 -21"><span class='ocrx_word' id='word_1_198' title='bbox 609 3461 819 3544; x_wconf 71' lang='grc' dir='ltr'>οἴστρου</span> <span class='ocrx_word' id='word_1_199' title='bbox 849 3461 1085 3543; x_wconf 85' lang='grc' dir='ltr'>χαλινοῖς</span> <span class='ocrx_word' id='word_1_200' title='bbox 1103 3458 1409 3537; x_wconf 82' lang='grc' dir='ltr'>ἐκδαμάζων</span> <span class='ocrx_word' id='word_1_201' title='bbox 1433 3457 1522 3518; x_wconf 76' lang='grc' dir='ltr'><strong>τὸν</strong></span> <span class='ocrx_word' id='word_1_202' title='bbox 1550 3459 1729 3538; x_wconf 79' lang='grc' dir='ltr'>τύφον,</span> 
     </span>
     <span class='ocr_line' id='line_1_33' title="bbox 612 3543 1641 3632; baseline -0.007 -22"><span class='ocrx_word' id='word_1_203' title='bbox 612 3551 709 3614; x_wconf 74' lang='grc' dir='ltr'>ἕως</span> <span class='ocrx_word' id='word_1_204' title='bbox 738 3549 800 3609; x_wconf 79' lang='grc' dir='ltr'><strong>τὸ</strong></span> <span class='ocrx_word' id='word_1_205' title='bbox 828 3549 1041 3632; x_wconf 79' lang='grc' dir='ltr'>ρευστὸν</span> <span class='ocrx_word' id='word_1_206' title='bbox 1067 3551 1159 3618; x_wconf 80' lang='grc' dir='ltr'>τ’ἥς</span> <span class='ocrx_word' id='word_1_207' title='bbox 1177 3551 1332 3626; x_wconf 78' lang='grc' dir='ltr'>γονῆς</span> <span class='ocrx_word' id='word_1_208' title='bbox 1357 3543 1641 3626; x_wconf 76' lang='grc' dir='ltr'>ἀφυὸρίσῃ.</span> 
     </span>
     <span class='ocr_line' id='line_1_34' title="bbox 614 3625 1743 3721; baseline -0.006 -23"><span class='ocrx_word' id='word_1_209' title='bbox 614 3637 939 3721; x_wconf 77' lang='grc' dir='ltr'>[Ἁλίσκεται</span> <span class='ocrx_word' id='word_1_210' title='bbox 966 3635 1011 3696; x_wconf 86' lang='grc' dir='ltr'><strong>δ’</strong></span> <span class='ocrx_word' id='word_1_211' title='bbox 1030 3625 1119 3695; x_wconf 65' lang='grc' dir='ltr'><strong>οὖν</strong></span> <span class='ocrx_word' id='word_1_212' title='bbox 1150 3639 1178 3694; x_wconf 82' lang='grc' dir='ltr'>ὁ</span> <span class='ocrx_word' id='word_1_213' title='bbox 1201 3632 1395 3715; x_wconf 74' lang='grc' dir='ltr'>θρασὺς</span> <span class='ocrx_word' id='word_1_214' title='bbox 1427 3633 1743 3714; x_wconf 84' lang='grc' dir='ltr'>ξενοτρόπως</span> 
     </span>
    </p>

    <p class='ocr_par' dir='ltr' id='par_1_17' title="bbox 482 3722 1609 3810">
     <span class='ocr_line' id='line_1_35' title="bbox 482 3722 1609 3810; baseline -0.006 -20"><span class='ocrx_word' id='word_1_215' title='bbox 482 3750 588 3790; x_wconf 85' lang='lat'>100⁰</span> <span class='ocrx_word' id='word_1_216' title='bbox 612 3727 773 3810; x_wconf 85' lang='grc' dir='ltr'>κόρης</span> <span class='ocrx_word' id='word_1_217' title='bbox 790 3725 997 3798; x_wconf 77' lang='grc' dir='ltr'>ἀπάτης</span> <span class='ocrx_word' id='word_1_218' title='bbox 1014 3723 1130 3806; x_wconf 81' lang='grc' dir='ltr'>ὄψει</span> <span class='ocrx_word' id='word_1_219' title='bbox 1156 3722 1250 3782; x_wconf 80' lang='grc' dir='ltr'><strong>καὶ</strong></span> <span class='ocrx_word' id='word_1_220' title='bbox 1274 3723 1609 3805; x_wconf 70' lang='grc' dir='ltr'>μελουργίᾳ]</span> 
     </span>
    </p>
   </div>
   <div class='ocr_carea' id='block_1_6' title="bbox 1176 3911 1380 3924">
    <p class='ocr_par' dir='ltr' id='par_1_18' title="bbox 1176 3911 1380 3924">
     <span class='ocr_line' id='line_1_36' title="bbox 1176 3911 1380 3924; baseline 0 -3"><span class='ocrx_word' id='word_1_221' title='bbox 1176 3911 1380 3924; x_wconf 74' lang='lat'>—</span> 
     </span>
    </p>
   </div>
   <div class='ocr_carea' id='block_1_7' title="bbox 482 4029 2048 4094">
    <p class='ocr_par' dir='ltr' id='par_1_19' title="bbox 482 4029 2048 4094">
     <span class='ocr_line' id='line_1_37' title="bbox 482 4029 2048 4094; baseline -0.004 0"><span class='ocrx_word' id='word_1_222' title='bbox 482 4031 699 4094; x_wconf 84' lang='grc' dir='ltr'>ΟΠΩΣ</span> <span class='ocrx_word' id='word_1_223' title='bbox 739 4032 925 4093; x_wconf 91' lang='grc' dir='ltr'><strong>ΤΟῙΣ</strong></span> <span class='ocrx_word' id='word_1_224' title='bbox 966 4029 1200 4091; x_wconf 84' lang='grc' dir='ltr'>ΖΩΟῙΣ</span> <span class='ocrx_word' id='word_1_225' title='bbox 1240 4031 1345 4090; x_wconf 83' lang='grc' dir='ltr'><strong>ΤΑ</strong></span> <span class='ocrx_word' id='word_1_226' title='bbox 1389 4029 1695 4092; x_wconf 84' lang='grc' dir='ltr'><strong>ΚΕΡΑΤΑ</strong></span> <span class='ocrx_word' id='word_1_227' title='bbox 1738 4029 2048 4091; x_wconf 84' lang='grc' dir='ltr'><strong>ΦΥΕΤΑῙ.</strong></span> 
     </span>
    </p>
   </div>
   <div class='ocr_carea' id='block_1_8' title="bbox 487 4180 1785 5328">
    <p class='ocr_par' dir='ltr' id='par_1_20' title="bbox 487 4180 1785 5328">
     <span class='ocr_line' id='line_1_38' title="bbox 613 4180 1730 4264; baseline -0.005 -18"><span class='ocrx_word' id='word_1_228' title='bbox 613 4184 740 4252; x_wconf 87' lang='grc' dir='ltr'>Τοῖς</span> <span class='ocrx_word' id='word_1_229' title='bbox 764 4181 978 4255; x_wconf 77' lang='grc' dir='ltr'>κτήνεσι</span> <span class='ocrx_word' id='word_1_230' title='bbox 1006 4180 1063 4241; x_wconf 71' lang='grc' dir='ltr'><strong>δὲ</strong></span> <span class='ocrx_word' id='word_1_231' title='bbox 1098 4188 1232 4240; x_wconf 77' lang='grc' dir='ltr'>πᾶσι</span> <span class='ocrx_word' id='word_1_232' title='bbox 1254 4183 1364 4249; x_wconf 91' lang='grc' dir='ltr'>τοῖς</span> <span class='ocrx_word' id='word_1_233' title='bbox 1390 4181 1730 4264; x_wconf 85' lang='grc' dir='ltr'>κερασφόροις</span> 
     </span>
     <span class='ocr_line' id='line_1_39' title="bbox 612 4269 1665 4353; baseline -0.006 -20"><span class='ocrx_word' id='word_1_234' title='bbox 612 4273 917 4353; x_wconf 73' lang='grc' dir='ltr'>ἐγγάστριος</span> <span class='ocrx_word' id='word_1_235' title='bbox 945 4269 1040 4349; x_wconf 82' lang='grc' dir='ltr'><strong>μὲν</strong></span> <span class='ocrx_word' id='word_1_236' title='bbox 1070 4269 1300 4352; x_wconf 79' lang='grc' dir='ltr'>ἀκριὸῶς</span> <span class='ocrx_word' id='word_1_237' title='bbox 1324 4273 1359 4342; x_wconf 83' lang='grc' dir='ltr'>ἡ</span> <span class='ocrx_word' id='word_1_238' title='bbox 1387 4269 1665 4351; x_wconf 85' lang='grc' dir='ltr'>θερμότης,</span> 
     </span>
     <span class='ocr_line' id='line_1_40' title="bbox 487 4357 1710 4444; baseline -0.005 -20"><span class='ocrx_word' id='word_1_239' title='bbox 487 4363 579 4444; x_wconf 75' lang='lat'>(³0)</span> <span class='ocrx_word' id='word_1_240' title='bbox 616 4363 653 4435; x_wconf 78' lang='grc' dir='ltr'>ἢ</span> <span class='ocrx_word' id='word_1_241' title='bbox 680 4359 775 4429; x_wconf 70' lang='grc' dir='ltr'><strong>τὰς</strong></span> <span class='ocrx_word' id='word_1_242' title='bbox 800 4360 888 4419; x_wconf 82' lang='grc' dir='ltr'><strong>τὸν</strong></span> <span class='ocrx_word' id='word_1_243' title='bbox 917 4358 1202 4441; x_wconf 73' lang='grc' dir='ltr'>ἐγκέφαλον</span> <span class='ocrx_word' id='word_1_244' title='bbox 1236 4357 1494 4440; x_wconf 83' lang='grc' dir='ltr'>ἀρδούσας</span> <span class='ocrx_word' id='word_1_245' title='bbox 1515 4360 1710 4441; x_wconf 77' lang='grc' dir='ltr'>φλέὸας</span> 
     </span>
     <span class='ocr_line' id='line_1_41' title="bbox 618 4447 1645 4531; baseline -0.001 -24"><span class='ocrx_word' id='word_1_246' title='bbox 618 4453 888 4531; x_wconf 77' lang='grc' dir='ltr'>χαυνοῧσα</span> <span class='ocrx_word' id='word_1_247' title='bbox 923 4448 1063 4508; x_wconf 89' lang='grc' dir='ltr'>ποιεῖ</span> <span class='ocrx_word' id='word_1_248' title='bbox 1083 4449 1339 4519; x_wconf 79' lang='grc' dir='ltr'>συστολῆς</span> <span class='ocrx_word' id='word_1_249' title='bbox 1360 4447 1645 4529; x_wconf 80' lang='grc' dir='ltr'>ἐλευθέρας·</span> 
     </span>
     <span class='ocr_line' id='line_1_42' title="bbox 490 4534 1580 4618; baseline -0.005 -18"><span class='ocrx_word' id='word_1_250' title='bbox 490 4560 589 4600; x_wconf 64' lang='grc' dir='ltr'>ιοοιι</span> <span class='ocrx_word' id='word_1_251' title='bbox 617 4541 777 4599; x_wconf 83' lang='grc' dir='ltr'>κάκεῖ</span> <span class='ocrx_word' id='word_1_252' title='bbox 790 4559 843 4594; x_wconf 90' lang='grc' dir='ltr'><strong>τι</strong></span> <span class='ocrx_word' id='word_1_253' title='bbox 868 4534 1059 4595; x_wconf 80' lang='grc' dir='ltr'>λεπτὸν</span> <span class='ocrx_word' id='word_1_254' title='bbox 1084 4534 1382 4618; x_wconf 76' lang='grc' dir='ltr'>ἐμπεφυκὸς</span> <span class='ocrx_word' id='word_1_255' title='bbox 1399 4535 1580 4595; x_wconf 82' lang='grc' dir='ltr'>ὀστέον</span> 
     </span>
     <span class='ocr_line' id='line_1_43' title="bbox 621 4623 1785 4708; baseline 0 -22"><span class='ocrx_word' id='word_1_256' title='bbox 621 4625 715 4694; x_wconf 76' lang='grc' dir='ltr'><strong>τὰς</strong></span> <span class='ocrx_word' id='word_1_257' title='bbox 736 4623 1014 4706; x_wconf 75' lang='grc' dir='ltr'>ἂναγωγόις</span> <span class='ocrx_word' id='word_1_258' title='bbox 1039 4630 1133 4698; x_wconf 76' lang='grc' dir='ltr'><strong>τῆς</strong></span> <span class='ocrx_word' id='word_1_259' title='bbox 1150 4629 1343 4708; x_wconf 74' lang='grc' dir='ltr'>τροφῆς</span> <span class='ocrx_word' id='word_1_260' title='bbox 1366 4624 1785 4707; x_wconf 74' lang='grc' dir='ltr'>προσλαμὸάνει.</span> 
     </span>
     <span class='ocr_line' id='line_1_44' title="bbox 619 4710 1751 4796; baseline -0.005 -20"><span class='ocrx_word' id='word_1_261' title='bbox 619 4715 939 4792; x_wconf 85' lang='grc' dir='ltr'>Κινούμενον</span> <span class='ocrx_word' id='word_1_262' title='bbox 960 4710 1017 4773; x_wconf 78' lang='grc' dir='ltr'><strong>δὲ</strong></span> <span class='ocrx_word' id='word_1_263' title='bbox 1036 4717 1104 4793; x_wconf 82' lang='grc' dir='ltr'><strong>τῇ</strong></span> <span class='ocrx_word' id='word_1_264' title='bbox 1141 4711 1280 4796; x_wconf 76' lang='grc' dir='ltr'>ῥύμῃ</span> <span class='ocrx_word' id='word_1_265' title='bbox 1304 4717 1395 4773; x_wconf 74' lang='grc' dir='ltr'><strong>τοῦ</strong></span> <span class='ocrx_word' id='word_1_266' title='bbox 1428 4712 1751 4792; x_wconf 83' lang='grc' dir='ltr'>πνεύματος,</span> 
     </span>
     <span class='ocr_line' id='line_1_45' title="bbox 500 4799 1749 4883; baseline -0.005 -19"><span class='ocrx_word' id='word_1_267' title='bbox 500 4805 589 4882; x_wconf 73' lang='lat' dir='ltr'><strong>(ss)</strong></span> <span class='ocrx_word' id='word_1_268' title='bbox 620 4803 682 4863; x_wconf 78' lang='grc' dir='ltr'><strong>τὸ</strong></span> <span class='ocrx_word' id='word_1_269' title='bbox 704 4808 796 4876; x_wconf 74' lang='grc' dir='ltr'><strong>τῆς</strong></span> <span class='ocrx_word' id='word_1_270' title='bbox 816 4802 1002 4883; x_wconf 77' lang='grc' dir='ltr'>χλιδῆς</span> <span class='ocrx_word' id='word_1_271' title='bbox 1017 4799 1229 4882; x_wconf 86' lang='grc' dir='ltr'>γόνιμον</span> <span class='ocrx_word' id='word_1_272' title='bbox 1258 4801 1403 4882; x_wconf 73' lang='grc' dir='ltr'>ἐκρεῖ</span> <span class='ocrx_word' id='word_1_273' title='bbox 1424 4805 1529 4861; x_wconf 81' lang='grc' dir='ltr'><strong>τῶν</strong></span> <span class='ocrx_word' id='word_1_274' title='bbox 1556 4799 1749 4882; x_wconf 85' lang='grc' dir='ltr'>πόρων,</span> 
     </span>
     <span class='ocr_line' id='line_1_46' title="bbox 621 4883 1673 4974; baseline -0.003 -23"><span class='ocrx_word' id='word_1_275' title='bbox 621 4895 676 4951; x_wconf 78' lang='grc' dir='ltr'><strong>ἐν</strong></span> <span class='ocrx_word' id='word_1_276' title='bbox 701 4883 776 4960; x_wconf 80' lang='grc' dir='ltr'>οἷς</span> <span class='ocrx_word' id='word_1_277' title='bbox 800 4893 861 4951; x_wconf 81' lang='grc' dir='ltr'><strong>τὸ</strong></span> <span class='ocrx_word' id='word_1_278' title='bbox 884 4891 1049 4971; x_wconf 79' lang='grc' dir='ltr'>μανὸν</span> <span class='ocrx_word' id='word_1_279' title='bbox 1070 4894 1175 4950; x_wconf 84' lang='grc' dir='ltr'><strong>τῶν</strong></span> <span class='ocrx_word' id='word_1_280' title='bbox 1195 4889 1470 4974; x_wconf 84' lang='grc' dir='ltr'>κροτάφων</span> <span class='ocrx_word' id='word_1_281' title='bbox 1494 4889 1673 4950; x_wconf 83' lang='grc' dir='ltr'>ὀστέον</span> 
     </span>
     <span class='ocr_line' id='line_1_47' title="bbox 492 4979 1643 5062; baseline -0.005 -20"><span class='ocrx_word' id='word_1_282' title='bbox 492 5001 591 5042; x_wconf 82' lang='grc' dir='ltr'>ιοῐο</span> <span class='ocrx_word' id='word_1_283' title='bbox 616 4979 711 5050; x_wconf 72' lang='grc' dir='ltr'><strong>τὰς</strong></span> <span class='ocrx_word' id='word_1_284' title='bbox 728 4979 994 5060; x_wconf 74' lang='grc' dir='ltr'>ἐξαγωγόις</span> <span class='ocrx_word' id='word_1_285' title='bbox 1019 4983 1234 5062; x_wconf 83' lang='grc' dir='ltr'>ὄργανοῖ</span> <span class='ocrx_word' id='word_1_286' title='bbox 1256 4983 1361 5038; x_wconf 84' lang='grc' dir='ltr'><strong>τῶν</strong></span> <span class='ocrx_word' id='word_1_287' title='bbox 1384 4979 1643 5057; x_wconf 78' lang='grc' dir='ltr'>ῖκμάδων,</span> 
     </span>
     <span class='ocr_line' id='line_1_48' title="bbox 614 5067 1656 5151; baseline 0.001 -21"><span class='ocrx_word' id='word_1_288' title='bbox 614 5077 705 5130; x_wconf 73' lang='grc' dir='ltr'><strong>τοῦ</strong></span> <span class='ocrx_word' id='word_1_289' title='bbox 728 5075 973 5151; x_wconf 76' lang='grc' dir='ltr'>συνεχοῦς</span> <span class='ocrx_word' id='word_1_290' title='bbox 994 5067 1283 5149; x_wconf 86' lang='grc' dir='ltr'>πηγνύντος</span> <span class='ocrx_word' id='word_1_291' title='bbox 1305 5067 1467 5136; x_wconf 81' lang='grc' dir='ltr'>αὐτὰς</span> <span class='ocrx_word' id='word_1_292' title='bbox 1488 5067 1656 5150; x_wconf 81' lang='grc' dir='ltr'>ἀέρος.</span> 
     </span>
     <span class='ocr_line' id='line_1_49' title="bbox 621 5155 1641 5242; baseline -0.004 -22"><span class='ocrx_word' id='word_1_293' title='bbox 621 5159 702 5221; x_wconf 77' lang='grc' dir='ltr'><strong>Τὸ</strong></span> <span class='ocrx_word' id='word_1_294' title='bbox 724 5165 848 5238; x_wconf 74' lang='grc' dir='ltr'>γοῦν</span> <span class='ocrx_word' id='word_1_295' title='bbox 870 5157 1074 5218; x_wconf 77' lang='grc' dir='ltr'>ἁπαλὸν</span> <span class='ocrx_word' id='word_1_296' title='bbox 1092 5155 1185 5217; x_wconf 73' lang='grc' dir='ltr'><strong>καὶ</strong></span> <span class='ocrx_word' id='word_1_297' title='bbox 1212 5157 1457 5242; x_wconf 84' lang='grc' dir='ltr'>νεώτερον</span> <span class='ocrx_word' id='word_1_298' title='bbox 1486 5155 1641 5240; x_wconf 86' lang='grc' dir='ltr'>κέρας</span> 
     </span>
     <span class='ocr_line' id='line_1_50' title="bbox 503 5244 1682 5328; baseline -0.003 -21"><span class='ocrx_word' id='word_1_299' title='bbox 503 5248 593 5328; x_wconf 64' lang='grc' dir='ltr'>(ευ)</span> <span class='ocrx_word' id='word_1_300' title='bbox 622 5247 749 5305; x_wconf 81' lang='grc' dir='ltr'>ὠθεῖ</span> <span class='ocrx_word' id='word_1_301' title='bbox 765 5244 827 5304; x_wconf 82' lang='grc' dir='ltr'><strong>τὸ</strong></span> <span class='ocrx_word' id='word_1_302' title='bbox 847 5245 1035 5326; x_wconf 66' lang='grc' dir='ltr'>παγῦν,</span> <span class='ocrx_word' id='word_1_303' title='bbox 1057 5245 1336 5324; x_wconf 70' lang='grc' dir='ltr'>ἐκδραμεῖν</span> <span class='ocrx_word' id='word_1_304' title='bbox 1351 5245 1682 5324; x_wconf 79' lang='grc' dir='ltr'>ἠπειγμένον,</span> 
     </span>
    </p>
   </div>
   <div class='ocr_carea' id='block_1_9' title="bbox 3391 434 3622 511">
    <p class='ocr_par' dir='ltr' id='par_1_21' title="bbox 3391 434 3622 511">
     <span class='ocr_line' id='line_1_51' title="bbox 3391 434 3622 511; baseline 0.004 -15"><span class='ocrx_word' id='word_1_305' title='bbox 3391 434 3622 511; x_wconf 58' lang='lat' dir='ltr'><strong>(rso—ml</strong></span> 
     </span>
    </p>
   </div>
   <div class='ocr_carea' id='block_1_10' title="bbox 2073 566 2966 631">
    <p class='ocr_par' dir='ltr' id='par_1_22' title="bbox 2073 566 2966 631">
     <span class='ocr_line' id='line_1_52' title="bbox 2073 566 2966 631; baseline 0.006 -17"><span class='ocrx_word' id='word_1_306' title='bbox 2073 578 2088 613; x_wconf 83' lang='grc' dir='ltr'>ι</span> <span class='ocrx_word' id='word_1_307' title='bbox 2122 566 2238 617; x_wconf 84' lang='lat' dir='ltr'><strong>deos</strong></span> <span class='ocrx_word' id='word_1_308' title='bbox 2255 566 2447 629; x_wconf 80' lang='lat' dir='ltr'><strong>colunt,</strong></span> <span class='ocrx_word' id='word_1_309' title='bbox 2467 568 2526 619; x_wconf 86' lang='lat' dir='ltr'><strong>nt</strong></span> <span class='ocrx_word' id='word_1_310' title='bbox 2547 567 2660 619; x_wconf 86' lang='lat' dir='ltr'><strong>licet</strong></span> <span class='ocrx_word' id='word_1_311' title='bbox 2677 566 2936 631; x_wconf 70' lang='lat' dir='ltr'><strong>conjectari</strong></span> <span class='ocrx_word' id='word_1_312' title='bbox 2949 604 2966 630; x_wconf 87' lang='lat'>,</span> 
     </span>
    </p>
   </div>
   <div class='ocr_carea' id='block_1_11' title="bbox 2123 656 3285 899">
    <p class='ocr_par' dir='ltr' id='par_1_23' title="bbox 2123 656 3285 899">
     <span class='ocr_line' id='line_1_53' title="bbox 2123 656 3230 721; baseline 0 -14"><span class='ocrx_word' id='word_1_313' title='bbox 2123 656 2366 721; x_wconf 77' lang='lat' dir='ltr'><strong>caliginosi</strong></span> <span class='ocrx_word' id='word_1_314' title='bbox 2384 662 2544 707; x_wconf 84' lang='lat' dir='ltr'><strong>autem</strong></span> <span class='ocrx_word' id='word_1_315' title='bbox 2563 656 2810 707; x_wconf 85' lang='lat' dir='ltr'><strong>mentibus</strong></span> <span class='ocrx_word' id='word_1_316' title='bbox 2829 660 3024 718; x_wconf 84' lang='lat' dir='ltr'><strong>propter</strong></span> <span class='ocrx_word' id='word_1_317' title='bbox 3037 661 3230 721; x_wconf 78' lang='lat' dir='ltr'><strong>peccata</strong></span> 
     </span>
     <span class='ocr_line' id='line_1_54' title="bbox 2124 734 3136 821; baseline -0.001 -25"><span class='ocrx_word' id='word_1_318' title='bbox 2124 746 2402 810; x_wconf 83' lang='lat' dir='ltr'><strong>ambigunt,</strong></span> <span class='ocrx_word' id='word_1_319' title='bbox 2421 745 2546 796; x_wconf 87' lang='lat' dir='ltr'><strong>sitne</strong></span> <span class='ocrx_word' id='word_1_320' title='bbox 2562 744 2742 809; x_wconf 85' lang='lat' dir='ltr'><strong>aliquid</strong></span> <span class='ocrx_word' id='word_1_321' title='bbox 2760 744 2979 795; x_wconf 79' lang='lat' dir='ltr'><strong>divinum</strong></span> <span class='ocrx_word' id='word_1_322' title='bbox 3057 815 3064 821; x_wconf 34' lang='grc' dir='ltr'>Ι</span> <span class='ocrx_word' id='word_1_323' title='bbox 3125 734 3136 745; x_wconf 71' lang='grc'><em>’</em></span> 
     </span>
     <span class='ocr_line' id='line_1_55' title="bbox 2123 833 3285 899; baseline -0.003 -12"><span class='ocrx_word' id='word_1_324' title='bbox 2123 850 2186 887; x_wconf 81' lang='lat' dir='ltr'><strong>an</strong></span> <span class='ocrx_word' id='word_1_325' title='bbox 2209 850 2334 898; x_wconf 88' lang='lat' dir='ltr'><strong>non,</strong></span> <span class='ocrx_word' id='word_1_326' title='bbox 2357 835 2582 886; x_wconf 73' lang='lat' dir='ltr'><strong>mortales</strong></span> <span class='ocrx_word' id='word_1_327' title='bbox 2605 835 2721 885; x_wconf 83' lang='lat' dir='ltr'><strong>nati.</strong></span> <span class='ocrx_word' id='word_1_328' title='bbox 2741 837 2785 885; x_wconf 92' lang='lat'>0</span> <span class='ocrx_word' id='word_1_329' title='bbox 2806 833 3002 898; x_wconf 78' lang='lat' dir='ltr'><strong>qualem</strong></span> <span class='ocrx_word' id='word_1_330' title='bbox 3023 848 3234 885; x_wconf 86' lang='lat' dir='ltr'><strong>errorem</strong></span> <span class='ocrx_word' id='word_1_331' title='bbox 3247 837 3260 885; x_wconf 88' lang='lat'>!</span> <span class='ocrx_word' id='word_1_332' title='bbox 3265 836 3285 899; x_wconf 78' lang='lat' dir='ltr'>j</span> 
     </span>
    </p>
   </div>
   <div class='ocr_carea' id='block_1_12' title="bbox 2845 1000 3040 1014">
    <p class='ocr_par' dir='ltr' id='par_1_24' title="bbox 2845 1000 3040 1014">
     <span class='ocr_line' id='line_1_56' title="bbox 2845 1000 3040 1014; baseline 0 0"><span class='ocrx_word' id='word_1_333' title='bbox 2845 1000 3040 1014; x_wconf 95' lang='lat' dir='ltr'><strong> </strong></span> 
     </span>
    </p>
   </div>
   <div class='ocr_carea' id='block_1_13' title="bbox 2405 1092 3392 1172">
    <p class='ocr_par' dir='ltr' id='par_1_25' title="bbox 2405 1092 3392 1172">
     <span class='ocr_line' id='line_1_57' title="bbox 2405 1092 3392 1172; baseline 0.002 -19"><span class='ocrx_word' id='word_1_334' title='bbox 2405 1102 2474 1154; x_wconf 59' lang='grc' dir='ltr'>ιι</span> <span class='ocrx_word' id='word_1_335' title='bbox 2524 1092 2662 1172; x_wconf 76' lang='lat'><strong>(⁴0).</strong></span> <span class='ocrx_word' id='word_1_336' title='bbox 2695 1092 2802 1154; x_wconf 72' lang='lat' dir='ltr'><strong>nn</strong></span> <span class='ocrx_word' id='word_1_337' title='bbox 2843 1093 3392 1156; x_wconf 68' lang='lat' dir='ltr'><strong>Monocssnom</strong></span> 
     </span>
    </p>
   </div>
   <div class='ocr_carea' id='block_1_14' title="bbox 2125 1248 3571 2999">
    <p class='ocr_par' dir='ltr' id='par_1_26' title="bbox 2125 1248 3508 1577">
     <span class='ocr_line' id='line_1_58' title="bbox 2125 1248 3379 1315; baseline 0.001 -16"><span class='ocrx_word' id='word_1_338' title='bbox 2125 1250 2404 1300; x_wconf 68' lang='lat' dir='ltr'><strong>monoceros</strong></span> <span class='ocrx_word' id='word_1_339' title='bbox 2428 1248 2734 1313; x_wconf 70' lang='lat' dir='ltr'><strong>(unicornis)</strong></span> <span class='ocrx_word' id='word_1_340' title='bbox 2765 1249 2866 1301; x_wconf 80' lang='lat' dir='ltr'><strong>t&#39;era</strong></span> <span class='ocrx_word' id='word_1_341' title='bbox 2885 1250 3020 1315; x_wconf 80' lang='lat' dir='ltr'><strong>apud</strong></span> <span class='ocrx_word' id='word_1_342' title='bbox 3031 1250 3177 1301; x_wconf 85' lang='lat' dir='ltr'><strong>Indos</strong></span> <span class='ocrx_word' id='word_1_343' title='bbox 3195 1252 3379 1313; x_wconf 80' lang='lat' dir='ltr'><strong>exstat,</strong></span> 
     </span>
     <span class='ocr_line' id='line_1_59' title="bbox 2127 1337 3508 1401; baseline 0.002 -15"><span class='ocrx_word' id='word_1_344' title='bbox 2127 1337 2352 1387; x_wconf 86' lang='lat' dir='ltr'><strong>terribilis</strong></span> <span class='ocrx_word' id='word_1_345' title='bbox 2369 1337 2566 1401; x_wconf 89' lang='lat' dir='ltr'><strong>quidem</strong></span> <span class='ocrx_word' id='word_1_346' title='bbox 2584 1338 2723 1401; x_wconf 76' lang='lat' dir='ltr'><strong>visn3</strong></span> <span class='ocrx_word' id='word_1_347' title='bbox 2747 1339 2792 1389; x_wconf 86' lang='lat' dir='ltr'><strong>sl</strong></span> <span class='ocrx_word' id='word_1_348' title='bbox 2809 1343 2974 1389; x_wconf 87' lang='lat' dir='ltr'><strong>autem</strong></span> <span class='ocrx_word' id='word_1_349' title='bbox 2997 1337 3127 1388; x_wconf 81' lang='lat' dir='ltr'><strong>calce</strong></span> <span class='ocrx_word' id='word_1_350' title='bbox 3140 1338 3368 1401; x_wconf 82' lang='lat' dir='ltr'><strong>impetum</strong></span> <span class='ocrx_word' id='word_1_351' title='bbox 3387 1339 3508 1399; x_wconf 77' lang='lat' dir='ltr'><strong>facit,</strong></span> 
     </span>
     <span class='ocr_line' id='line_1_60' title="bbox 2126 1426 3472 1491; baseline 0.001 -16"><span class='ocrx_word' id='word_1_352' title='bbox 2126 1426 2284 1489; x_wconf 82' lang='lat' dir='ltr'><strong>gravis</strong></span> <span class='ocrx_word' id='word_1_353' title='bbox 2305 1429 2570 1490; x_wconf 80' lang='lat' dir='ltr'><strong>pugnator;</strong></span> <span class='ocrx_word' id='word_1_354' title='bbox 2593 1430 2646 1477; x_wconf 89' lang='lat' dir='ltr'><strong>at</strong></span> <span class='ocrx_word' id='word_1_355' title='bbox 2665 1427 2707 1477; x_wconf 89' lang='lat' dir='ltr'><strong>si</strong></span> <span class='ocrx_word' id='word_1_356' title='bbox 2725 1428 2882 1491; x_wconf 81' lang='lat' dir='ltr'><strong>capite</strong></span> <span class='ocrx_word' id='word_1_357' title='bbox 2903 1426 3132 1477; x_wconf 84' lang='lat' dir='ltr'><strong>inclinato</strong></span> <span class='ocrx_word' id='word_1_358' title='bbox 3149 1426 3472 1487; x_wconf 80' lang='lat' dir='ltr'><strong>momorderit,</strong></span> 
     </span>
     <span class='ocr_line' id='line_1_61' title="bbox 2127 1516 2992 1577; baseline 0 -12"><span class='ocrx_word' id='word_1_359' title='bbox 2127 1528 2252 1577; x_wconf 69' lang='lat' dir='ltr'><strong>tegre</strong></span> <span class='ocrx_word' id='word_1_360' title='bbox 2269 1516 2567 1567; x_wconf 83' lang='lat' dir='ltr'><strong>medicorum</strong></span> <span class='ocrx_word' id='word_1_361' title='bbox 2587 1517 2758 1567; x_wconf 84' lang='lat' dir='ltr'><strong>sollers</strong></span> <span class='ocrx_word' id='word_1_362' title='bbox 2771 1516 2992 1567; x_wconf 89' lang='lat' dir='ltr'><strong>tractatio</strong></span> 
     </span>
    </p>

    <p class='ocr_par' dir='ltr' id='par_1_27' title="bbox 2127 1603 3571 1756">
     <span class='ocr_line' id='line_1_62' title="bbox 2127 1603 3571 1668; baseline -0.001 -14"><span class='ocrx_word' id='word_1_363' title='bbox 2127 1603 2438 1667; x_wconf 75' lang='lat' dir='ltr'><strong>persuadebit</strong></span> <span class='ocrx_word' id='word_1_364' title='bbox 2459 1604 2694 1668; x_wconf 61' lang='lat' dir='ltr'><strong>praecipiti</strong></span> <span class='ocrx_word' id='word_1_365' title='bbox 2712 1604 2926 1668; x_wconf 89' lang='lat' dir='ltr'><strong>periculo</strong></span> <span class='ocrx_word' id='word_1_366' title='bbox 2941 1608 3000 1655; x_wconf 87' lang='lat' dir='ltr'><strong>nt</strong></span> <span class='ocrx_word' id='word_1_367' title='bbox 3021 1605 3221 1656; x_wconf 86' lang='lat' dir='ltr'><strong>missum</strong></span> <span class='ocrx_word' id='word_1_368' title='bbox 3241 1606 3376 1657; x_wconf 77' lang='lat' dir='ltr'><strong>saciat</strong></span> <span class='ocrx_word' id='word_1_369' title='bbox 3389 1618 3571 1668; x_wconf 76' lang='lat' dir='ltr'><strong>oeqrum.</strong></span> 
     </span>
     <span class='ocr_line' id='line_1_63' title="bbox 2129 1692 3300 1756; baseline 0.002 -15"><span class='ocrx_word' id='word_1_370' title='bbox 2129 1692 2361 1753; x_wconf 85' lang='lat' dir='ltr'><strong>Quatiens</strong></span> <span class='ocrx_word' id='word_1_371' title='bbox 2383 1698 2545 1743; x_wconf 85' lang='lat' dir='ltr'><strong>autem</strong></span> <span class='ocrx_word' id='word_1_372' title='bbox 2567 1693 2844 1756; x_wconf 81' lang='lat' dir='ltr'><strong>frequenter</strong></span> <span class='ocrx_word' id='word_1_373' title='bbox 2861 1694 3058 1743; x_wconf 76' lang='lat' dir='ltr'><strong>verticis</strong></span> <span class='ocrx_word' id='word_1_374' title='bbox 3078 1694 3272 1743; x_wconf 85' lang='lat' dir='ltr'><strong>cristam</strong></span> <span class='ocrx_word' id='word_1_375' title='bbox 3285 1732 3300 1753; x_wconf 83' lang='grc'>,</span> 
     </span>
    </p>

    <p class='ocr_par' dir='ltr' id='par_1_28' title="bbox 2126 1784 3202 1848">
     <span class='ocr_line' id='line_1_64' title="bbox 2126 1784 3202 1848; baseline 0.001 -15"><span class='ocrx_word' id='word_1_376' title='bbox 2126 1784 2276 1846; x_wconf 86' lang='lat' dir='ltr'><strong>jactat</strong></span> <span class='ocrx_word' id='word_1_377' title='bbox 2293 1784 2488 1847; x_wconf 85' lang='lat' dir='ltr'><strong>longum</strong></span> <span class='ocrx_word' id='word_1_378' title='bbox 2508 1788 2557 1835; x_wconf 90' lang='lat' dir='ltr'><strong>et</strong></span> <span class='ocrx_word' id='word_1_379' title='bbox 2571 1784 2796 1848; x_wconf 89' lang='lat' dir='ltr'><strong>perniciei</strong></span> <span class='ocrx_word' id='word_1_380' title='bbox 2813 1784 3008 1848; x_wconf 86' lang='lat' dir='ltr'><strong>plenum</strong></span> <span class='ocrx_word' id='word_1_381' title='bbox 3026 1798 3174 1835; x_wconf 85' lang='lat' dir='ltr'><strong>cornu</strong></span> <span class='ocrx_word' id='word_1_382' title='bbox 3187 1822 3202 1847; x_wconf 90' lang='lat'>,</span> 
     </span>
    </p>

    <p class='ocr_par' dir='ltr' id='par_1_29' title="bbox 2129 1871 3030 1936">
     <span class='ocr_line' id='line_1_65' title="bbox 2129 1871 3030 1936; baseline 0.001 -15"><span class='ocrx_word' id='word_1_383' title='bbox 2129 1871 2258 1936; x_wconf 89' lang='lat' dir='ltr'><strong>quod</strong></span> <span class='ocrx_word' id='word_1_384' title='bbox 2282 1872 2406 1923; x_wconf 82' lang='lat' dir='ltr'><strong>inter</strong></span> <span class='ocrx_word' id='word_1_385' title='bbox 2422 1877 2549 1923; x_wconf 86' lang='lat' dir='ltr'><strong>tetra</strong></span> <span class='ocrx_word' id='word_1_386' title='bbox 2561 1876 2756 1922; x_wconf 86' lang='lat' dir='ltr'><strong>enatum</strong></span> <span class='ocrx_word' id='word_1_387' title='bbox 2777 1873 3030 1936; x_wconf 87' lang='lat' dir='ltr'><strong>supercilia</strong></span> 
     </span>
    </p>

    <p class='ocr_par' dir='ltr' id='par_1_30' title="bbox 2130 1960 3108 2024">
     <span class='ocr_line' id='line_1_66' title="bbox 2130 1960 3108 2024; baseline 0 -13"><span class='ocrx_word' id='word_1_388' title='bbox 2130 1975 2227 2011; x_wconf 91' lang='lat' dir='ltr'><strong>non</strong></span> <span class='ocrx_word' id='word_1_389' title='bbox 2257 1974 2432 2011; x_wconf 81' lang='lat' dir='ltr'><strong>cavum</strong></span> <span class='ocrx_word' id='word_1_390' title='bbox 2455 1962 2532 2011; x_wconf 87' lang='lat' dir='ltr'><strong>est</strong></span> <span class='ocrx_word' id='word_1_391' title='bbox 2549 1974 2707 2024; x_wconf 84' lang='lat' dir='ltr'><strong>neque</strong></span> <span class='ocrx_word' id='word_1_392' title='bbox 2721 1960 2832 2011; x_wconf 84' lang='lat' dir='ltr'><strong>leve</strong></span> <span class='ocrx_word' id='word_1_393' title='bbox 2855 1968 2910 2011; x_wconf 84' lang='lat' dir='ltr'><strong>ut</strong></span> <span class='ocrx_word' id='word_1_394' title='bbox 2928 1974 3079 2011; x_wconf 90' lang='lat' dir='ltr'><strong>cornu</strong></span> <span class='ocrx_word' id='word_1_395' title='bbox 3093 1999 3108 2024; x_wconf 94' lang='lat'>,</span> 
     </span>
    </p>

    <p class='ocr_par' dir='ltr' id='par_1_31' title="bbox 2131 2049 3288 2114">
     <span class='ocr_line' id='line_1_67' title="bbox 2131 2049 3288 2114; baseline 0.001 -14"><span class='ocrx_word' id='word_1_396' title='bbox 2131 2062 2288 2113; x_wconf 86' lang='lat' dir='ltr'><strong>neque</strong></span> <span class='ocrx_word' id='word_1_397' title='bbox 2305 2062 2366 2099; x_wconf 84' lang='lat' dir='ltr'><strong>ex</strong></span> <span class='ocrx_word' id='word_1_398' title='bbox 2389 2049 2614 2113; x_wconf 80' lang='lat' dir='ltr'><strong>oequabili</strong></span> <span class='ocrx_word' id='word_1_399' title='bbox 2631 2054 2804 2099; x_wconf 80' lang='lat' dir='ltr'><strong>natura</strong></span> <span class='ocrx_word' id='word_1_400' title='bbox 2827 2051 2955 2101; x_wconf 83' lang='lat' dir='ltr'><strong>laeve</strong></span> <span class='ocrx_word' id='word_1_401' title='bbox 2971 2052 3258 2114; x_wconf 85' lang='lat' dir='ltr'><strong>productum</strong></span> <span class='ocrx_word' id='word_1_402' title='bbox 3273 2088 3288 2113; x_wconf 91' lang='lat'>,</span> 
     </span>
    </p>

    <p class='ocr_par' dir='ltr' id='par_1_32' title="bbox 2133 2138 2960 2201">
     <span class='ocr_line' id='line_1_68' title="bbox 2133 2138 2960 2201; baseline -0.001 -12"><span class='ocrx_word' id='word_1_403' title='bbox 2133 2138 2215 2189; x_wconf 85' lang='lat' dir='ltr'><strong>sed</strong></span> <span class='ocrx_word' id='word_1_404' title='bbox 2241 2138 2458 2201; x_wconf 82' lang='lat' dir='ltr'><strong>asperius</strong></span> <span class='ocrx_word' id='word_1_405' title='bbox 2475 2139 2621 2190; x_wconf 89' lang='lat' dir='ltr'><strong>etiam</strong></span> <span class='ocrx_word' id='word_1_406' title='bbox 2644 2138 2799 2189; x_wconf 70' lang='lat' dir='ltr'><strong>ferrea</strong></span> <span class='ocrx_word' id='word_1_407' title='bbox 2815 2138 2931 2189; x_wconf 87' lang='lat' dir='ltr'><strong>lima</strong></span> <span class='ocrx_word' id='word_1_408' title='bbox 2946 2176 2960 2200; x_wconf 88' lang='lat'>‚</span> 
     </span>
    </p>

    <p class='ocr_par' dir='ltr' id='par_1_33' title="bbox 2133 2220 3163 2291">
     <span class='ocr_line' id='line_1_69' title="bbox 2133 2220 3163 2291; baseline 0.001 -16"><span class='ocrx_word' id='word_1_409' title='bbox 2133 2230 2299 2291; x_wconf 80' lang='lat' dir='ltr'><strong>utpote</strong></span> <span class='ocrx_word' id='word_1_410' title='bbox 2319 2227 2369 2276; x_wconf 89' lang='lat' dir='ltr'><strong>in</strong></span> <span class='ocrx_word' id='word_1_411' title='bbox 2393 2240 2535 2290; x_wconf 83' lang='lat' dir='ltr'><strong>gyros</strong></span> <span class='ocrx_word' id='word_1_412' title='bbox 2553 2227 2796 2277; x_wconf 76' lang='lat' dir='ltr'><strong>naturales</strong></span> <span class='ocrx_word' id='word_1_413' title='bbox 2821 2220 3134 2278; x_wconf 83' lang='lat' dir='ltr'><strong>convolutum</strong></span> <span class='ocrx_word' id='word_1_414' title='bbox 3149 2265 3163 2289; x_wconf 89' lang='lat'>,</span> 
     </span>
    </p>

    <p class='ocr_par' dir='ltr' id='par_1_34' title="bbox 2131 2315 2930 2375">
     <span class='ocr_line' id='line_1_70' title="bbox 2131 2315 2930 2375; baseline 0.001 -11"><span class='ocrx_word' id='word_1_415' title='bbox 2131 2315 2321 2365; x_wconf 83' lang='lat' dir='ltr'><strong>acutius</strong></span> <span class='ocrx_word' id='word_1_416' title='bbox 2343 2316 2488 2365; x_wconf 85' lang='lat' dir='ltr'><strong>etiam</strong></span> <span class='ocrx_word' id='word_1_417' title='bbox 2514 2315 2788 2366; x_wconf 84' lang='lat' dir='ltr'><strong>acuminato</strong></span> <span class='ocrx_word' id='word_1_418' title='bbox 2807 2315 2930 2375; x_wconf 86' lang='lat' dir='ltr'><strong>telo,</strong></span> 
     </span>
    </p>

    <p class='ocr_par' dir='ltr' id='par_1_35' title="bbox 2133 2402 3401 2644">
     <span class='ocr_line' id='line_1_71' title="bbox 2133 2402 3359 2467; baseline 0 -14"><span class='ocrx_word' id='word_1_419' title='bbox 2133 2408 2300 2467; x_wconf 84' lang='lat' dir='ltr'><strong>utpote</strong></span> <span class='ocrx_word' id='word_1_420' title='bbox 2330 2403 2462 2467; x_wconf 89' lang='lat' dir='ltr'><strong>quod</strong></span> <span class='ocrx_word' id='word_1_421' title='bbox 2491 2417 2588 2453; x_wconf 90' lang='lat' dir='ltr'><strong>non</strong></span> <span class='ocrx_word' id='word_1_422' title='bbox 2611 2406 2841 2453; x_wconf 82' lang='lat' dir='ltr'><strong>curvetur</strong></span> <span class='ocrx_word' id='word_1_423' title='bbox 2861 2403 2912 2453; x_wconf 90' lang='lat' dir='ltr'><strong>in</strong></span> <span class='ocrx_word' id='word_1_424' title='bbox 2936 2402 3088 2452; x_wconf 80' lang='lat' dir='ltr'><strong>flexus</strong></span> <span class='ocrx_word' id='word_1_425' title='bbox 3110 2402 3359 2453; x_wconf 74' lang='lat' dir='ltr'><strong>retrorsus.</strong></span> 
     </span>
     <span class='ocr_line' id='line_1_72' title="bbox 2133 2491 3401 2555; baseline 0 -12"><span class='ocrx_word' id='word_1_426' title='bbox 2133 2494 2331 2555; x_wconf 83' lang='lat' dir='ltr'><strong>Nigrum</strong></span> <span class='ocrx_word' id='word_1_427' title='bbox 2353 2496 2432 2543; x_wconf 73' lang='lat' dir='ltr'><strong>est</strong></span> <span class='ocrx_word' id='word_1_428' title='bbox 2445 2496 2604 2543; x_wconf 87' lang='lat' dir='ltr'><strong>autem</strong></span> <span class='ocrx_word' id='word_1_429' title='bbox 2636 2505 2780 2543; x_wconf 91' lang='lat' dir='ltr'><strong>omne</strong></span> <span class='ocrx_word' id='word_1_430' title='bbox 2801 2491 2918 2541; x_wconf 90' lang='lat' dir='ltr'><strong>illud</strong></span> <span class='ocrx_word' id='word_1_431' title='bbox 2943 2496 3118 2555; x_wconf 78' lang='lat' dir='ltr'><strong>praeter</strong></span> <span class='ocrx_word' id='word_1_432' title='bbox 3140 2492 3401 2555; x_wconf 78' lang='lat' dir='ltr'><strong>cuspidem.</strong></span> 
     </span>
     <span class='ocr_line' id='line_1_73' title="bbox 2134 2579 3258 2644; baseline -0.002 -13"><span class='ocrx_word' id='word_1_433' title='bbox 2134 2583 2362 2631; x_wconf 86' lang='lat' dir='ltr'><strong>ceterum</strong></span> <span class='ocrx_word' id='word_1_434' title='bbox 2377 2580 2534 2631; x_wconf 76' lang='lat' dir='ltr'><strong>fulvos</strong></span> <span class='ocrx_word' id='word_1_435' title='bbox 2549 2617 2567 2644; x_wconf 87' lang='lat'>,</span> <span class='ocrx_word' id='word_1_436' title='bbox 2587 2579 2922 2631; x_wconf 78' lang='lat' dir='ltr'><strong>potentissime</strong></span> <span class='ocrx_word' id='word_1_437' title='bbox 2935 2617 2949 2641; x_wconf 89' lang='lat'>,</span> <span class='ocrx_word' id='word_1_438' title='bbox 2967 2580 3090 2644; x_wconf 86' lang='lat' dir='ltr'><strong>pilos</strong></span> <span class='ocrx_word' id='word_1_439' title='bbox 3108 2581 3258 2643; x_wconf 80' lang='lat' dir='ltr'><strong>gerit,</strong></span> 
     </span>
    </p>

    <p class='ocr_par' dir='ltr' id='par_1_36' title="bbox 2133 2667 3102 2731">
     <span class='ocr_line' id='line_1_74' title="bbox 2133 2667 3102 2731; baseline -0.002 -12"><span class='ocrx_word' id='word_1_440' title='bbox 2133 2668 2338 2719; x_wconf 88' lang='lat' dir='ltr'><strong>caudam</strong></span> <span class='ocrx_word' id='word_1_441' title='bbox 2357 2682 2474 2719; x_wconf 83' lang='lat' dir='ltr'><strong>vero</strong></span> <span class='ocrx_word' id='word_1_442' title='bbox 2495 2669 2596 2731; x_wconf 88' lang='lat' dir='ltr'><strong>apri</strong></span> <span class='ocrx_word' id='word_1_443' title='bbox 2611 2706 2626 2731; x_wconf 94' lang='lat'>,</span> <span class='ocrx_word' id='word_1_444' title='bbox 2645 2671 2695 2718; x_wconf 91' lang='lat' dir='ltr'><strong>et</strong></span> <span class='ocrx_word' id='word_1_445' title='bbox 2720 2668 2897 2718; x_wconf 88' lang='lat' dir='ltr'><strong>rictum</strong></span> <span class='ocrx_word' id='word_1_446' title='bbox 2920 2667 3073 2718; x_wconf 85' lang='lat' dir='ltr'><strong>leonis</strong></span> <span class='ocrx_word' id='word_1_447' title='bbox 3085 2704 3102 2731; x_wconf 87' lang='lat'><strong>,</strong></span> 
     </span>
    </p>

    <p class='ocr_par' dir='ltr' id='par_1_37' title="bbox 2133 2754 3562 2903">
     <span class='ocr_line' id='line_1_75' title="bbox 2133 2754 3562 2821; baseline -0.003 -13"><span class='ocrx_word' id='word_1_448' title='bbox 2133 2762 2184 2809; x_wconf 89' lang='lat' dir='ltr'><strong>et</strong></span> <span class='ocrx_word' id='word_1_449' title='bbox 2207 2756 2352 2821; x_wconf 86' lang='lat' dir='ltr'><strong>pedes</strong></span> <span class='ocrx_word' id='word_1_450' title='bbox 2371 2757 2548 2807; x_wconf 87' lang='lat' dir='ltr'><strong>celeres</strong></span> <span class='ocrx_word' id='word_1_451' title='bbox 2570 2756 2766 2820; x_wconf 82' lang='lat' dir='ltr'><strong>quidem</strong></span> <span class='ocrx_word' id='word_1_452' title='bbox 2784 2756 2846 2807; x_wconf 86' lang='lat' dir='ltr'><strong>ad</strong></span> <span class='ocrx_word' id='word_1_453' title='bbox 2860 2756 3150 2807; x_wconf 85' lang='lat' dir='ltr'><strong>currendum</strong></span> <span class='ocrx_word' id='word_1_454' title='bbox 3162 2793 3178 2819; x_wconf 87' lang='lat'><strong>,</strong></span> <span class='ocrx_word' id='word_1_455' title='bbox 3198 2757 3282 2807; x_wconf 82' lang='lat' dir='ltr'><strong>sed</strong></span> <span class='ocrx_word' id='word_1_456' title='bbox 3305 2758 3404 2807; x_wconf 82' lang='lat' dir='ltr'><strong>sine</strong></span> <span class='ocrx_word' id='word_1_457' title='bbox 3417 2754 3562 2819; x_wconf 78' lang='lat' dir='ltr'><strong>digitis.</strong></span> 
     </span>
     <span class='ocr_line' id='line_1_76' title="bbox 2133 2845 3057 2903; baseline -0.002 -6"><span class='ocrx_word' id='word_1_458' title='bbox 2133 2849 2278 2897; x_wconf 81' lang='lat' dir='ltr'><strong>Amat</strong></span> <span class='ocrx_word' id='word_1_459' title='bbox 2298 2847 2431 2897; x_wconf 84' lang='lat' dir='ltr'><strong>locos</strong></span> <span class='ocrx_word' id='word_1_460' title='bbox 2453 2846 2517 2896; x_wconf 87' lang='lat' dir='ltr'><strong>ab</strong></span> <span class='ocrx_word' id='word_1_461' title='bbox 2532 2845 2805 2896; x_wconf 84' lang='lat' dir='ltr'><strong>hominibus</strong></span> <span class='ocrx_word' id='word_1_462' title='bbox 2824 2846 3057 2903; x_wconf 80' lang='lat' dir='ltr'><strong>desertos,</strong></span> 
     </span>
    </p>

    <p class='ocr_par' dir='ltr' id='par_1_38' title="bbox 2135 2934 3283 2999">
     <span class='ocr_line' id='line_1_77' title="bbox 2135 2934 3283 2999; baseline -0.002 -13"><span class='ocrx_word' id='word_1_463' title='bbox 2135 2940 2186 2986; x_wconf 89' lang='lat' dir='ltr'><strong>et</strong></span> <span class='ocrx_word' id='word_1_464' title='bbox 2201 2936 2350 2998; x_wconf 82' lang='lat' dir='ltr'><strong>vivit,</strong></span> <span class='ocrx_word' id='word_1_465' title='bbox 2373 2940 2474 2986; x_wconf 85' lang='lat' dir='ltr'><strong>tam</strong></span> <span class='ocrx_word' id='word_1_466' title='bbox 2497 2934 2718 2986; x_wconf 87' lang='lat' dir='ltr'><strong>inlustro</strong></span> <span class='ocrx_word' id='word_1_467' title='bbox 2736 2949 2883 2999; x_wconf 89' lang='lat' dir='ltr'><strong>quam</strong></span> <span class='ocrx_word' id='word_1_468' title='bbox 2906 2949 3114 2998; x_wconf 77' lang='lat' dir='ltr'><strong>vagans,</strong></span> <span class='ocrx_word' id='word_1_469' title='bbox 3139 2937 3283 2986; x_wconf 86' lang='lat' dir='ltr'><strong>solus.</strong></span> 
     </span>
    </p>
   </div>
   <div class='ocr_carea' id='block_1_15' title="bbox 2025 3022 3135 3088">
    <p class='ocr_par' dir='ltr' id='par_1_39' title="bbox 2025 3022 3135 3088">
     <span class='ocr_line' id='line_1_78' title="bbox 2025 3022 3135 3088; baseline -0.002 -13"><span class='ocrx_word' id='word_1_470' title='bbox 2025 3031 2030 3038; x_wconf 82' lang='lat'>&#39;</span> <span class='ocrx_word' id='word_1_471' title='bbox 2133 3029 2290 3088; x_wconf 81' lang='lat' dir='ltr'><strong>Atque</strong></span> <span class='ocrx_word' id='word_1_472' title='bbox 2309 3024 2543 3075; x_wconf 85' lang='lat' dir='ltr'><strong>adversus</strong></span> <span class='ocrx_word' id='word_1_473' title='bbox 2565 3022 2658 3074; x_wconf 87' lang='lat' dir='ltr'><strong>alia</strong></span> <span class='ocrx_word' id='word_1_474' title='bbox 2677 3023 2940 3073; x_wconf 87' lang='lat' dir='ltr'><strong>bestiarum</strong></span> <span class='ocrx_word' id='word_1_475' title='bbox 2959 3037 3135 3086; x_wconf 82' lang='lat' dir='ltr'><strong>genera</strong></span> 
     </span>
    </p>
   </div>
   <div class='ocr_carea' id='block_1_16' title="bbox 2136 3099 3557 3797">
    <p class='ocr_par' dir='ltr' id='par_1_40' title="bbox 2136 3099 3557 3264">
     <span class='ocr_line' id='line_1_79' title="bbox 2136 3099 3557 3186; baseline -0.006 -23"><span class='ocrx_word' id='word_1_476' title='bbox 2136 3114 2243 3164; x_wconf 82' lang='lat' dir='ltr'><strong>haec</strong></span> <span class='ocrx_word' id='word_1_477' title='bbox 2259 3113 2419 3163; x_wconf 85' lang='lat' dir='ltr'><strong>bellua</strong></span> <span class='ocrx_word' id='word_1_478' title='bbox 2441 3115 2521 3163; x_wconf 76' lang='lat' dir='ltr'><strong>est</strong></span> <span class='ocrx_word' id='word_1_479' title='bbox 2542 3113 2674 3163; x_wconf 87' lang='lat' dir='ltr'><strong>mitis</strong></span> <span class='ocrx_word' id='word_1_480' title='bbox 2690 3149 2706 3175; x_wconf 89' lang='lat'>‚</span> <span class='ocrx_word' id='word_1_481' title='bbox 2725 3116 2955 3176; x_wconf 86' lang='lat' dir='ltr'><strong>tanquam</strong></span> <span class='ocrx_word' id='word_1_482' title='bbox 2973 3112 3104 3176; x_wconf 78' lang='lat' dir='ltr'><strong>gregi</strong></span> <span class='ocrx_word' id='word_1_483' title='bbox 3127 3115 3345 3186; x_wconf 68' lang='lat' dir='ltr'><strong>assuetus</strong></span> <span class='ocrx_word' id='word_1_484' title='bbox 3365 3099 3557 3161; x_wconf 72' lang='lat' dir='ltr'><strong>catulus:</strong></span> 
     </span>
     <span class='ocr_line' id='line_1_80' title="bbox 2136 3200 3347 3264; baseline 0 -14"><span class='ocrx_word' id='word_1_485' title='bbox 2136 3214 2306 3251; x_wconf 86' lang='lat' dir='ltr'><strong>verum</strong></span> <span class='ocrx_word' id='word_1_486' title='bbox 2330 3200 2464 3264; x_wconf 88' lang='lat' dir='ltr'><strong>quod</strong></span> <span class='ocrx_word' id='word_1_487' title='bbox 2484 3205 2743 3264; x_wconf 80' lang='lat' dir='ltr'><strong>cognatum</strong></span> <span class='ocrx_word' id='word_1_488' title='bbox 2761 3204 2836 3251; x_wconf 91' lang='lat' dir='ltr'><strong>est</strong></span> <span class='ocrx_word' id='word_1_489' title='bbox 2853 3204 2904 3251; x_wconf 89' lang='lat' dir='ltr'><strong>et</strong></span> <span class='ocrx_word' id='word_1_490' title='bbox 2921 3205 3092 3251; x_wconf 82' lang='lat' dir='ltr'><strong>natura</strong></span> <span class='ocrx_word' id='word_1_491' title='bbox 3115 3201 3347 3262; x_wconf 82' lang='lat' dir='ltr'><strong>amicum,</strong></span> 
     </span>
    </p>

    <p class='ocr_par' dir='ltr' id='par_1_41' title="bbox 2136 3289 3243 3351">
     <span class='ocr_line' id='line_1_81' title="bbox 2136 3289 3243 3351; baseline -0.001 -11"><span class='ocrx_word' id='word_1_492' title='bbox 2136 3289 2188 3340; x_wconf 89' lang='lat' dir='ltr'><strong>id</strong></span> <span class='ocrx_word' id='word_1_493' title='bbox 2214 3289 2474 3340; x_wconf 80' lang='lat' dir='ltr'><strong>adversum</strong></span> <span class='ocrx_word' id='word_1_494' title='bbox 2502 3289 2714 3339; x_wconf 78' lang='lat' dir='ltr'><strong>maxime</strong></span> <span class='ocrx_word' id='word_1_495' title='bbox 2735 3290 2785 3339; x_wconf 89' lang='lat' dir='ltr'><strong>et</strong></span> <span class='ocrx_word' id='word_1_496' title='bbox 2802 3289 3030 3339; x_wconf 77' lang='lat' dir='ltr'><strong>infestum</strong></span> <span class='ocrx_word' id='word_1_497' title='bbox 3046 3289 3243 3351; x_wconf 73' lang='lat' dir='ltr'><strong>iudicat.</strong></span> 
     </span>
    </p>

    <p class='ocr_par' dir='ltr' id='par_1_42' title="bbox 2138 3377 3173 3443">
     <span class='ocr_line' id='line_1_82' title="bbox 2138 3377 3173 3443; baseline -0.003 -14"><span class='ocrx_word' id='word_1_498' title='bbox 2138 3379 2380 3440; x_wconf 75' lang='lat' dir='ltr'><strong>Mitigatur</strong></span> <span class='ocrx_word' id='word_1_499' title='bbox 2412 3383 2578 3428; x_wconf 83' lang='lat' dir='ltr'><strong>autem</strong></span> <span class='ocrx_word' id='word_1_500' title='bbox 2599 3377 2728 3443; x_wconf 88' lang='lat' dir='ltr'><strong>apud</strong></span> <span class='ocrx_word' id='word_1_501' title='bbox 2751 3377 2979 3428; x_wconf 75' lang='lat' dir='ltr'><strong>feminam</strong></span> <span class='ocrx_word' id='word_1_502' title='bbox 2998 3379 3146 3427; x_wconf 84' lang='lat' dir='ltr'><strong>solam</strong></span> <span class='ocrx_word' id='word_1_503' title='bbox 3158 3413 3173 3439; x_wconf 88' lang='lat'>‚</span> 
     </span>
    </p>

    <p class='ocr_par' dir='ltr' id='par_1_43' title="bbox 2138 3465 3112 3528">
     <span class='ocr_line' id='line_1_83' title="bbox 2138 3465 3112 3528; baseline -0.003 -11"><span class='ocrx_word' id='word_1_504' title='bbox 2138 3467 2348 3517; x_wconf 67' lang='lat' dir='ltr'><strong>lasciviae</strong></span> <span class='ocrx_word' id='word_1_505' title='bbox 2381 3467 2532 3516; x_wconf 77' lang='lat' dir='ltr'><strong>frenis</strong></span> <span class='ocrx_word' id='word_1_506' title='bbox 2551 3465 2751 3515; x_wconf 86' lang='lat' dir='ltr'><strong>domans</strong></span> <span class='ocrx_word' id='word_1_507' title='bbox 2774 3465 3083 3516; x_wconf 80' lang='lat' dir='ltr'><strong>insolentiam</strong></span> <span class='ocrx_word' id='word_1_508' title='bbox 3097 3503 3112 3528; x_wconf 90' lang='lat'><strong>,</strong></span> 
     </span>
    </p>

    <p class='ocr_par' dir='ltr' id='par_1_44' title="bbox 2139 3553 2996 3606">
     <span class='ocr_line' id='line_1_84' title="bbox 2139 3553 2996 3606; baseline -0.004 -1"><span class='ocrx_word' id='word_1_509' title='bbox 2139 3556 2254 3606; x_wconf 89' lang='lat' dir='ltr'><strong>dum</strong></span> <span class='ocrx_word' id='word_1_510' title='bbox 2279 3555 2478 3606; x_wconf 82' lang='lat' dir='ltr'><strong>seminis</strong></span> <span class='ocrx_word' id='word_1_511' title='bbox 2499 3555 2660 3603; x_wconf 85' lang='lat' dir='ltr'><strong>fluxus</strong></span> <span class='ocrx_word' id='word_1_512' title='bbox 2681 3553 2996 3603; x_wconf 73' lang='lat' dir='ltr'><strong>deferbuerit.</strong></span> 
     </span>
    </p>

    <p class='ocr_par' dir='ltr' id='par_1_45' title="bbox 2140 3641 3354 3797">
     <span class='ocr_line' id='line_1_85' title="bbox 2140 3641 3354 3724; baseline -0.002 -31"><span class='ocrx_word' id='word_1_513' title='bbox 2140 3641 2367 3724; x_wconf 82' lang='lat' dir='ltr'><strong>[Capitur</strong></span> <span class='ocrx_word' id='word_1_514' title='bbox 2389 3656 2500 3705; x_wconf 81' lang='lat' dir='ltr'><strong>ergo</strong></span> <span class='ocrx_word' id='word_1_515' title='bbox 2532 3642 2663 3692; x_wconf 77' lang='lat' dir='ltr'><strong>ferox</strong></span> <span class='ocrx_word' id='word_1_516' title='bbox 2688 3641 2769 3692; x_wconf 88' lang='lat' dir='ltr'><strong>ille</strong></span> <span class='ocrx_word' id='word_1_517' title='bbox 2793 3641 3062 3691; x_wconf 82' lang='lat' dir='ltr'><strong>mirabilem</strong></span> <span class='ocrx_word' id='word_1_518' title='bbox 3087 3643 3135 3690; x_wconf 93' lang='lat' dir='ltr'><strong>in</strong></span> <span class='ocrx_word' id='word_1_519' title='bbox 3159 3641 3354 3690; x_wconf 88' lang='lat' dir='ltr'><strong>modum</strong></span> 
     </span>
     <span class='ocr_line' id='line_1_86' title="bbox 2140 3713 2989 3797; baseline -0.005 -14"><span class='ocrx_word' id='word_1_520' title='bbox 2140 3731 2321 3783; x_wconf 81' lang='lat' dir='ltr'><strong>fraudis</strong></span> <span class='ocrx_word' id='word_1_521' title='bbox 2339 3731 2513 3795; x_wconf 77' lang='lat' dir='ltr'><strong>puellae</strong></span> <span class='ocrx_word' id='word_1_522' title='bbox 2532 3731 2638 3780; x_wconf 83' lang='lat' dir='ltr'><strong>visu</strong></span> <span class='ocrx_word' id='word_1_523' title='bbox 2658 3734 2708 3780; x_wconf 90' lang='lat' dir='ltr'><strong>et</strong></span> <span class='ocrx_word' id='word_1_524' title='bbox 2725 3713 2989 3797; x_wconf 71' lang='lat' dir='ltr'><strong>modulis]</strong></span> 
     </span>
    </p>
   </div>
   <div class='ocr_carea' id='block_1_17' title="bbox 2823 3875 3042 3890">
    <p class='ocr_par' dir='ltr' id='par_1_46' title="bbox 2823 3875 3042 3890">
     <span class='ocr_line' id='line_1_87' title="bbox 2823 3875 3042 3890; baseline 0.009 -3"><span class='ocrx_word' id='word_1_525' title='bbox 2823 3875 3042 3890; x_wconf 65' lang='lat'><strong>⁸——</strong></span> 
     </span>
    </p>
   </div>
   <div class='ocr_carea' id='block_1_18' title="bbox 2223 3957 3568 4110">
    <p class='ocr_par' dir='ltr' id='par_1_47' title="bbox 2223 3957 3568 4110">
     <span class='ocr_line' id='line_1_88' title="bbox 2223 3957 3568 4036; baseline -0.007 -14"><span class='ocrx_word' id='word_1_526' title='bbox 2223 3972 2316 4022; x_wconf 76' lang='lat'><strong>42.</strong></span> <span class='ocrx_word' id='word_1_527' title='bbox 2358 3961 2732 4036; x_wconf 87' lang='lat' dir='ltr'>QUOMODO</span> <span class='ocrx_word' id='word_1_528' title='bbox 2775 3959 3260 4021; x_wconf 85' lang='lat' dir='ltr'><strong>ANIMALIBUS</strong></span> <span class='ocrx_word' id='word_1_529' title='bbox 3301 3957 3568 4022; x_wconf 78' lang='lat' dir='ltr'>CORNUA</span> 
     </span>
     <span class='ocr_line' id='line_1_89' title="bbox 2681 4049 3175 4110; baseline 0.002 -2"><span class='ocrx_word' id='word_1_530' title='bbox 2681 4049 3175 4110; x_wconf 82' lang='lat' dir='ltr'><strong>NASCANTUR.</strong></span> 
     </span>
    </p>
   </div>
   <div class='ocr_carea' id='block_1_19' title="bbox 2137 4197 3608 5330">
    <p class='ocr_par' dir='ltr' id='par_1_48' title="bbox 2139 4197 3098 4260">
     <span class='ocr_line' id='line_1_90' title="bbox 2139 4197 3098 4260; baseline -0.005 -9"><span class='ocrx_word' id='word_1_531' title='bbox 2139 4198 2441 4251; x_wconf 76' lang='lat' dir='ltr'><strong>Animalibus</strong></span> <span class='ocrx_word' id='word_1_532' title='bbox 2464 4211 2579 4248; x_wconf 86' lang='lat' dir='ltr'><strong>vero</strong></span> <span class='ocrx_word' id='word_1_533' title='bbox 2592 4197 2821 4247; x_wconf 85' lang='lat' dir='ltr'><strong>omnibus</strong></span> <span class='ocrx_word' id='word_1_534' title='bbox 2839 4197 3098 4260; x_wconf 79' lang='lat' dir='ltr'><strong>cornigeris</strong></span> 
     </span>
    </p>

    <p class='ocr_par' dir='ltr' id='par_1_49' title="bbox 2139 4285 2877 4347">
     <span class='ocr_line' id='line_1_91' title="bbox 2139 4285 2877 4347; baseline -0.005 -10"><span class='ocrx_word' id='word_1_535' title='bbox 2139 4288 2189 4338; x_wconf 89' lang='lat' dir='ltr'><strong>in</strong></span> <span class='ocrx_word' id='word_1_536' title='bbox 2210 4288 2378 4337; x_wconf 75' lang='lat' dir='ltr'><strong>ventre</strong></span> <span class='ocrx_word' id='word_1_537' title='bbox 2403 4285 2611 4336; x_wconf 84' lang='lat' dir='ltr'><strong>maxime</strong></span> <span class='ocrx_word' id='word_1_538' title='bbox 2631 4288 2710 4336; x_wconf 77' lang='lat' dir='ltr'><strong>est</strong></span> <span class='ocrx_word' id='word_1_539' title='bbox 2727 4285 2877 4347; x_wconf 87' lang='lat' dir='ltr'><strong>calor,</strong></span> 
     </span>
    </p>

    <p class='ocr_par' dir='ltr' id='par_1_50' title="bbox 2138 4373 2943 4440">
     <span class='ocr_line' id='line_1_92' title="bbox 2138 4373 2943 4440; baseline -0.004 -15"><span class='ocrx_word' id='word_1_540' title='bbox 2138 4375 2224 4440; x_wconf 85' lang='lat' dir='ltr'><strong>qui</strong></span> <span class='ocrx_word' id='word_1_541' title='bbox 2242 4387 2392 4425; x_wconf 81' lang='lat' dir='ltr'><strong>venas</strong></span> <span class='ocrx_word' id='word_1_542' title='bbox 2412 4375 2662 4424; x_wconf 85' lang='lat' dir='ltr'><strong>cerebrum</strong></span> <span class='ocrx_word' id='word_1_543' title='bbox 2694 4373 2943 4436; x_wconf 78' lang='lat' dir='ltr'><strong>irrigante..</strong></span> 
     </span>
    </p>

    <p class='ocr_par' dir='ltr' id='par_1_51' title="bbox 2139 4459 3272 4526">
     <span class='ocr_line' id='line_1_93' title="bbox 2139 4459 3272 4526; baseline -0.004 -12"><span class='ocrx_word' id='word_1_544' title='bbox 2139 4465 2330 4526; x_wconf 83' lang='lat' dir='ltr'><strong>laxans,</strong></span> <span class='ocrx_word' id='word_1_545' title='bbox 2358 4475 2444 4513; x_wconf 80' lang='lat' dir='ltr'><strong>eas</strong></span> <span class='ocrx_word' id='word_1_546' title='bbox 2464 4475 2494 4512; x_wconf 83' lang='lat' dir='ltr'><strong>a</strong></span> <span class='ocrx_word' id='word_1_547' title='bbox 2509 4461 2865 4526; x_wconf 73' lang='lat' dir='ltr'><strong>compressione</strong></span> <span class='ocrx_word' id='word_1_548' title='bbox 2883 4461 3059 4511; x_wconf 84' lang='lat' dir='ltr'><strong>liberas</strong></span> <span class='ocrx_word' id='word_1_549' title='bbox 3076 4459 3232 4511; x_wconf 87' lang='lat' dir='ltr'><strong>reddit</strong></span> <span class='ocrx_word' id='word_1_550' title='bbox 3259 4475 3272 4510; x_wconf 91' lang='lat'>:</span> 
     </span>
    </p>

    <p class='ocr_par' dir='ltr' id='par_1_52' title="bbox 2137 4549 3332 4616">
     <span class='ocr_line' id='line_1_94' title="bbox 2137 4549 3332 4616; baseline -0.005 -12"><span class='ocrx_word' id='word_1_551' title='bbox 2137 4557 2285 4616; x_wconf 86' lang='lat' dir='ltr'><strong>atque</strong></span> <span class='ocrx_word' id='word_1_552' title='bbox 2303 4552 2370 4602; x_wconf 87' lang='lat' dir='ltr'><strong>ibi</strong></span> <span class='ocrx_word' id='word_1_553' title='bbox 2391 4550 2732 4602; x_wconf 85' lang='lat' dir='ltr'><strong>tenuissimum</strong></span> <span class='ocrx_word' id='word_1_554' title='bbox 2748 4549 2942 4613; x_wconf 87' lang='lat' dir='ltr'><strong>aliquod</strong></span> <span class='ocrx_word' id='word_1_555' title='bbox 2965 4563 3114 4599; x_wconf 87' lang='lat' dir='ltr'><strong>cornu</strong></span> <span class='ocrx_word' id='word_1_556' title='bbox 3135 4549 3332 4600; x_wconf 86' lang='lat' dir='ltr'><strong>insitum</strong></span> 
     </span>
    </p>

    <p class='ocr_par' dir='ltr' id='par_1_53' title="bbox 2139 4638 3016 4702">
     <span class='ocr_line' id='line_1_95' title="bbox 2139 4638 3016 4702; baseline -0.006 -11"><span class='ocrx_word' id='word_1_557' title='bbox 2139 4653 2334 4692; x_wconf 83' lang='lat' dir='ltr'><strong>sursum</strong></span> <span class='ocrx_word' id='word_1_558' title='bbox 2349 4638 2558 4689; x_wconf 86' lang='lat' dir='ltr'><strong>adducta</strong></span> <span class='ocrx_word' id='word_1_559' title='bbox 2579 4639 2806 4688; x_wconf 82' lang='lat' dir='ltr'><strong>alimenta</strong></span> <span class='ocrx_word' id='word_1_560' title='bbox 2827 4638 3016 4702; x_wconf 86' lang='lat' dir='ltr'><strong>accipit.</strong></span> 
     </span>
    </p>

    <p class='ocr_par' dir='ltr' id='par_1_54' title="bbox 2139 4726 2964 4791">
     <span class='ocr_line' id='line_1_96' title="bbox 2139 4726 2964 4791; baseline -0.005 -11"><span class='ocrx_word' id='word_1_561' title='bbox 2139 4731 2326 4781; x_wconf 79' lang='lat' dir='ltr'><strong>Motum</strong></span> <span class='ocrx_word' id='word_1_562' title='bbox 2347 4732 2511 4779; x_wconf 84' lang='lat' dir='ltr'><strong>autem</strong></span> <span class='ocrx_word' id='word_1_563' title='bbox 2533 4727 2744 4791; x_wconf 88' lang='lat' dir='ltr'><strong>impulsu</strong></span> <span class='ocrx_word' id='word_1_564' title='bbox 2766 4726 2964 4790; x_wconf 82' lang='lat' dir='ltr'><strong>spiritus</strong></span> 
     </span>
    </p>

    <p class='ocr_par' dir='ltr' id='par_1_55' title="bbox 2139 4809 3554 5056">
     <span class='ocr_line' id='line_1_97' title="bbox 2139 4809 3554 4882; baseline -0.009 -14"><span class='ocrx_word' id='word_1_565' title='bbox 2139 4817 2190 4868; x_wconf 88' lang='lat' dir='ltr'><strong>id</strong></span> <span class='ocrx_word' id='word_1_566' title='bbox 2207 4816 2340 4882; x_wconf 83' lang='lat' dir='ltr'><strong>quod</strong></span> <span class='ocrx_word' id='word_1_567' title='bbox 2360 4816 2594 4866; x_wconf 86' lang='lat' dir='ltr'><strong>honorem</strong></span> <span class='ocrx_word' id='word_1_568' title='bbox 2604 4813 2810 4878; x_wconf 74' lang='lat' dir='ltr'><strong>frontis</strong></span> <span class='ocrx_word' id='word_1_569' title='bbox 2827 4813 3002 4877; x_wconf 71' lang='lat' dir='ltr'><strong>gignit,</strong></span> <span class='ocrx_word' id='word_1_570' title='bbox 3037 4813 3226 4877; x_wconf 82' lang='lat' dir='ltr'><strong>profluit</strong></span> <span class='ocrx_word' id='word_1_571' title='bbox 3247 4826 3306 4861; x_wconf 84' lang='lat' dir='ltr'><strong>ex</strong></span> <span class='ocrx_word' id='word_1_572' title='bbox 3327 4809 3554 4862; x_wconf 76' lang='lat' dir='ltr'><strong>meatssms.</strong></span> 
     </span>
     <span class='ocr_line' id='line_1_98' title="bbox 2139 4901 3354 4969; baseline -0.006 -13"><span class='ocrx_word' id='word_1_573' title='bbox 2139 4907 2190 4956; x_wconf 89' lang='lat' dir='ltr'><strong>in</strong></span> <span class='ocrx_word' id='word_1_574' title='bbox 2207 4904 2388 4969; x_wconf 84' lang='lat' dir='ltr'><strong>quibus</strong></span> <span class='ocrx_word' id='word_1_575' title='bbox 2407 4916 2574 4954; x_wconf 83' lang='lat' dir='ltr'><strong>rarum</strong></span> <span class='ocrx_word' id='word_1_576' title='bbox 2595 4903 2720 4967; x_wconf 81' lang='lat' dir='ltr'><strong>(non</strong></span> <span class='ocrx_word' id='word_1_577' title='bbox 2742 4901 2990 4964; x_wconf 78' lang='lat' dir='ltr'><strong>solidum)</strong></span> <span class='ocrx_word' id='word_1_578' title='bbox 3011 4915 3069 4951; x_wconf 86' lang='lat' dir='ltr'><strong>os</strong></span> <span class='ocrx_word' id='word_1_579' title='bbox 3083 4905 3354 4964; x_wconf 87' lang='lat' dir='ltr'><strong>temporum</strong></span> 
     </span>
     <span class='ocr_line' id='line_1_99' title="bbox 2139 4989 2869 5056; baseline -0.005 -13"><span class='ocrx_word' id='word_1_580' title='bbox 2139 4993 2406 5056; x_wconf 75' lang='lat' dir='ltr'><strong>egestiones</strong></span> <span class='ocrx_word' id='word_1_581' title='bbox 2427 4991 2687 5042; x_wconf 83' lang='lat' dir='ltr'><strong>humorum</strong></span> <span class='ocrx_word' id='word_1_582' title='bbox 2703 4989 2869 5054; x_wconf 78' lang='lat' dir='ltr'><strong>fingit,</strong></span> 
     </span>
    </p>

    <p class='ocr_par' dir='ltr' id='par_1_56' title="bbox 2141 5075 3336 5144">
     <span class='ocr_line' id='line_1_100' title="bbox 2141 5075 3336 5144; baseline -0.004 -13"><span class='ocrx_word' id='word_1_583' title='bbox 2141 5081 2258 5132; x_wconf 89' lang='lat' dir='ltr'><strong>dum</strong></span> <span class='ocrx_word' id='word_1_584' title='bbox 2281 5080 2534 5144; x_wconf 79' lang='lat' dir='ltr'><strong>contiguus</strong></span> <span class='ocrx_word' id='word_1_585' title='bbox 2553 5091 2636 5130; x_wconf 82' lang='lat' dir='ltr'><strong>aer</strong></span> <span class='ocrx_word' id='word_1_586' title='bbox 2657 5091 2741 5130; x_wconf 85' lang='lat' dir='ltr'><strong>eos</strong></span> <span class='ocrx_word' id='word_1_587' title='bbox 2762 5079 3044 5130; x_wconf 76' lang='lat' dir='ltr'><strong>emicantes</strong></span> <span class='ocrx_word' id='word_1_588' title='bbox 3059 5075 3336 5127; x_wconf 82' lang='lat' dir='ltr'><strong>consolidat.</strong></span> 
     </span>
    </p>

    <p class='ocr_par' dir='ltr' id='par_1_57' title="bbox 2141 5167 3080 5222">
     <span class='ocr_line' id='line_1_101' title="bbox 2141 5167 3080 5222; baseline -0.006 -1"><span class='ocrx_word' id='word_1_589' title='bbox 2141 5173 2250 5222; x_wconf 84' lang='lat' dir='ltr'><strong>Jam</strong></span> <span class='ocrx_word' id='word_1_590' title='bbox 2283 5175 2500 5220; x_wconf 83' lang='lat' dir='ltr'><strong>tenerum</strong></span> <span class='ocrx_word' id='word_1_591' title='bbox 2523 5169 2572 5218; x_wconf 91' lang='lat' dir='ltr'><strong>et</strong></span> <span class='ocrx_word' id='word_1_592' title='bbox 2594 5167 2915 5218; x_wconf 83' lang='lat' dir='ltr'><strong>novissimum</strong></span> <span class='ocrx_word' id='word_1_593' title='bbox 2927 5179 3080 5217; x_wconf 83' lang='lat' dir='ltr'><strong>cornu</strong></span> 
     </span>
    </p>

    <p class='ocr_par' dir='ltr' id='par_1_58' title="bbox 2143 5249 3608 5330">
     <span class='ocr_line' id='line_1_102' title="bbox 2143 5249 3608 5330; baseline -0.005 -19"><span class='ocrx_word' id='word_1_594' title='bbox 2143 5259 2368 5324; x_wconf 80' lang='lat' dir='ltr'><strong>propellit</strong></span> <span class='ocrx_word' id='word_1_595' title='bbox 2387 5259 2510 5310; x_wconf 87' lang='lat' dir='ltr'><strong>lllnd</strong></span> <span class='ocrx_word' id='word_1_596' title='bbox 2531 5257 2664 5330; x_wconf 81' lang='lat' dir='ltr'><strong>quod</strong></span> <span class='ocrx_word' id='word_1_597' title='bbox 2684 5257 2929 5320; x_wconf 88' lang='lat' dir='ltr'><strong>induruit,</strong></span> <span class='ocrx_word' id='word_1_598' title='bbox 2946 5255 3150 5307; x_wconf 85' lang='lat' dir='ltr'><strong>emicare</strong></span> <span class='ocrx_word' id='word_1_599' title='bbox 3167 5253 3398 5306; x_wconf 55' lang='lat' dir='ltr'><strong>restium</strong></span> <span class='ocrx_word' id='word_1_600' title='bbox 3413 5255 3458 5303; x_wconf 81' lang='grc' dir='ltr'>οι</span> <span class='ocrx_word' id='word_1_601' title='bbox 3475 5249 3608 5313; x_wconf 63' lang='lat' dir='ltr'><strong>ipsum</strong></span> 
     </span>
    </p>
   </div>
   <div class='ocr_carea' id='block_1_20' title="bbox 3660 5275 3667 5797">
    <p class='ocr_par' dir='ltr' id='par_1_59' title="bbox 3660 5275 3667 5797">
     <span class='ocr_line' id='line_1_103' title="bbox 3660 5275 3667 5797; baseline 0 0"><span class='ocrx_word' id='word_1_602' title='bbox 3660 5275 3667 5797; x_wconf 95' lang='lat' dir='ltr'><strong> </strong></span> 
     </span>
    </p>
   </div>
  </div>
 </body>
</html>
