<?xml version="1.0" encoding="UTF-8"?>
<!DOCTYPE html PUBLIC "-//W3C//DTD XHTML 1.0 Transitional//EN"
    "http://www.w3.org/TR/xhtml1/DTD/xhtml1-transitional.dtd">
<html xmlns="http://www.w3.org/1999/xhtml" xml:lang="en" lang="en">
 <head>
  <title>
</title>
<meta http-equiv="Content-Type" content="text/html;charset=utf-8" />
  <meta name='ocr-system' content='tesseract 3.04.00' />
  <meta name='ocr-capabilities' content='ocr_page ocr_carea ocr_par ocr_line ocrx_word'/>
</head>
<body>
  <div class='ocr_page' id='page_1' title='image "./poetbucolicietd00ameigoog_0390.png"; bbox 0 0 3767 5825; ppageno 0'>
   <div class='ocr_carea' id='block_1_1' title="bbox 472 357 2761 423">
    <p class='ocr_par' dir='ltr' id='par_1_1' title="bbox 472 357 2761 423">
     <span class='ocr_line' id='line_1_1' title="bbox 472 357 2761 423; baseline -0.004 -1"><span class='ocrx_word' id='word_1_1' title='bbox 472 377 543 422; x_wconf 88' lang='lat'><strong>50</strong></span> <span class='ocrx_word' id='word_1_2' title='bbox 1404 362 1555 423; x_wconf 84' lang='grc' dir='ltr'><strong>ΤΟΥ</strong></span> <span class='ocrx_word' id='word_1_3' title='bbox 1596 361 1781 422; x_wconf 83' lang='grc' dir='ltr'><strong>ΦΙΛΗ</strong></span> <span class='ocrx_word' id='word_1_4' title='bbox 1828 359 2226 422; x_wconf 83' lang='grc' dir='ltr'><strong>ΕΚΦΡΑΣΙΣ</strong></span> <span class='ocrx_word' id='word_1_5' title='bbox 2273 357 2761 418; x_wconf 76' lang='grc' dir='ltr'>ΕΛΕΦΑΝΤΟΣ.</span> 
     </span>
    </p>
   </div>
   <div class='ocr_carea' id='block_1_2' title="bbox 520 493 1935 5232">
    <p class='ocr_par' dir='ltr' id='par_1_2' title="bbox 604 493 1739 579">
     <span class='ocr_line' id='line_1_2' title="bbox 604 493 1739 579; baseline -0.006 -20"><span class='ocrx_word' id='word_1_6' title='bbox 604 495 795 579; x_wconf 79' lang='grc' dir='ltr'>Τούτῳ</span> <span class='ocrx_word' id='word_1_7' title='bbox 824 497 987 576; x_wconf 83' lang='grc' dir='ltr'>σίφων</span> <span class='ocrx_word' id='word_1_8' title='bbox 1017 493 1254 573; x_wconf 76' lang='grc' dir='ltr'>ἕτοιμος,</span> <span class='ocrx_word' id='word_1_9' title='bbox 1282 495 1328 554; x_wconf 80' lang='grc' dir='ltr'>εἰ</span> <span class='ocrx_word' id='word_1_10' title='bbox 1356 493 1493 552; x_wconf 83' lang='grc' dir='ltr'>θέλει</span> <span class='ocrx_word' id='word_1_11' title='bbox 1521 493 1739 571; x_wconf 54' lang='lat' dir='ltr'><strong>extem,</strong></span> 
     </span>
    </p>

    <p class='ocr_par' dir='ltr' id='par_1_3' title="bbox 602 581 1739 666">
     <span class='ocr_line' id='line_1_3' title="bbox 602 581 1739 666; baseline -0.008 -19"><span class='ocrx_word' id='word_1_12' title='bbox 602 588 707 666; x_wconf 57' lang='grc' dir='ltr'>ῆῦχ</span> <span class='ocrx_word' id='word_1_13' title='bbox 730 589 765 656; x_wconf 77' lang='grc' dir='ltr'><strong>ἡ</strong></span> <span class='ocrx_word' id='word_1_14' title='bbox 787 582 1069 665; x_wconf 70' lang='grc' dir='ltr'>προδοσκίς</span> <span class='ocrx_word' id='word_1_15' title='bbox 1098 585 1257 652; x_wconf 70' lang='grc' dir='ltr'>ἔστιν,</span> <span class='ocrx_word' id='word_1_16' title='bbox 1287 581 1423 639; x_wconf 78' lang='grc' dir='ltr'>ἀλλὰ</span> <span class='ocrx_word' id='word_1_17' title='bbox 1448 581 1507 639; x_wconf 75' lang='grc' dir='ltr'><strong>τὸ</strong></span> <span class='ocrx_word' id='word_1_18' title='bbox 1537 581 1705 658; x_wconf 80' lang='grc' dir='ltr'>στόμα</span> <span class='ocrx_word' id='word_1_19' title='bbox 1726 629 1739 652; x_wconf 89' lang='grc'><em>,</em></span> 
     </span>
    </p>

    <p class='ocr_par' dir='ltr' id='par_1_4' title="bbox 608 669 1713 752">
     <span class='ocr_line' id='line_1_4' title="bbox 608 669 1713 752; baseline -0.005 -21"><span class='ocrx_word' id='word_1_20' title='bbox 608 675 683 752; x_wconf 55' lang='grc' dir='ltr'><strong>μή</strong></span> <span class='ocrx_word' id='word_1_21' title='bbox 712 697 823 738; x_wconf 89' lang='grc' dir='ltr'><strong>πως</strong></span> <span class='ocrx_word' id='word_1_22' title='bbox 846 672 905 730; x_wconf 79' lang='grc' dir='ltr'><strong>τὸ</strong></span> <span class='ocrx_word' id='word_1_23' title='bbox 928 677 1017 729; x_wconf 78' lang='grc' dir='ltr'><strong>τοῦ</strong></span> <span class='ocrx_word' id='word_1_24' title='bbox 1046 671 1307 748; x_wconf 79' lang='grc' dir='ltr'>γάλακτος</span> <span class='ocrx_word' id='word_1_25' title='bbox 1331 669 1573 746; x_wconf 76' lang='grc' dir='ltr'>άμὸλύνῃ</span> <span class='ocrx_word' id='word_1_26' title='bbox 1602 669 1713 738; x_wconf 86' lang='grc' dir='ltr'>ζέον</span> 
     </span>
    </p>

    <p class='ocr_par' dir='ltr' id='par_1_5' title="bbox 520 758 1801 927">
     <span class='ocr_line' id='line_1_5' title="bbox 604 758 1801 841; baseline -0.006 -21"><span class='ocrx_word' id='word_1_27' title='bbox 604 767 639 834; x_wconf 84' lang='grc' dir='ltr'>ἡ</span> <span class='ocrx_word' id='word_1_28' title='bbox 668 763 797 841; x_wconf 76' lang='grc' dir='ltr'>πρὸς</span> <span class='ocrx_word' id='word_1_29' title='bbox 823 761 910 820; x_wconf 80' lang='grc' dir='ltr'><strong>τὸν</strong></span> <span class='ocrx_word' id='word_1_30' title='bbox 938 763 1093 817; x_wconf 82' lang='grc' dir='ltr'>αὐλὸν</span> <span class='ocrx_word' id='word_1_31' title='bbox 1120 758 1347 837; x_wconf 83' lang='grc' dir='ltr'>ἐκδρομὴ</span> <span class='ocrx_word' id='word_1_32' title='bbox 1372 763 1474 815; x_wconf 84' lang='grc' dir='ltr'><strong>τῶν</strong></span> <span class='ocrx_word' id='word_1_33' title='bbox 1510 759 1801 838; x_wconf 73' lang='grc' dir='ltr'>ῥευμάτων,</span> 
     </span>
     <span class='ocr_line' id='line_1_6' title="bbox 520 845 1754 927; baseline -0.007 -16"><span class='ocrx_word' id='word_1_34' title='bbox 520 873 573 911; x_wconf 60' lang='grc' dir='ltr'><strong>σε</strong></span> <span class='ocrx_word' id='word_1_35' title='bbox 604 847 679 927; x_wconf 77' lang='grc' dir='ltr'><strong>μὴ</strong></span> <span class='ocrx_word' id='word_1_36' title='bbox 704 849 794 908; x_wconf 77' lang='grc' dir='ltr'>καὶ</span> <span class='ocrx_word' id='word_1_37' title='bbox 824 848 881 906; x_wconf 84' lang='grc' dir='ltr'><strong>τὸ</strong></span> <span class='ocrx_word' id='word_1_38' title='bbox 908 847 1102 906; x_wconf 84' lang='grc' dir='ltr'>πυκνὸν</span> <span class='ocrx_word' id='word_1_39' title='bbox 1128 850 1219 917; x_wconf 76' lang='grc' dir='ltr'><strong>τῆς</strong></span> <span class='ocrx_word' id='word_1_40' title='bbox 1242 851 1402 917; x_wconf 73' lang='grc' dir='ltr'>πνοῆς</span> <span class='ocrx_word' id='word_1_41' title='bbox 1434 845 1754 925; x_wconf 72' lang='grc' dir='ltr'>ἀντιστρέφοι</span> 
     </span>
    </p>

    <p class='ocr_par' dir='ltr' id='par_1_6' title="bbox 591 933 1751 1016">
     <span class='ocr_line' id='line_1_7' title="bbox 591 933 1751 1016; baseline -0.008 -20"><span class='ocrx_word' id='word_1_42' title='bbox 591 935 785 1016; x_wconf 83' lang='grc' dir='ltr'>λίχνοις</span> <span class='ocrx_word' id='word_1_43' title='bbox 813 936 1063 1014; x_wconf 75' lang='grc' dir='ltr'>ἀνάγκαις</span> <span class='ocrx_word' id='word_1_44' title='bbox 1090 937 1375 992; x_wconf 87' lang='grc' dir='ltr'>πνευστιῶν</span> <span class='ocrx_word' id='word_1_45' title='bbox 1403 933 1460 991; x_wconf 80' lang='grc' dir='ltr'><strong>τὸ</strong></span> <span class='ocrx_word' id='word_1_46' title='bbox 1484 933 1751 1008; x_wconf 87' lang='grc' dir='ltr'>σκυμνίον,</span> 
     </span>
    </p>

    <p class='ocr_par' dir='ltr' id='par_1_7' title="bbox 605 1021 1739 1102">
     <span class='ocr_line' id='line_1_8' title="bbox 605 1021 1739 1102; baseline -0.007 -20"><span class='ocrx_word' id='word_1_47' title='bbox 605 1029 699 1096; x_wconf 82' lang='grc' dir='ltr'><strong>τῆς</strong></span> <span class='ocrx_word' id='word_1_48' title='bbox 722 1027 1011 1101; x_wconf 75' lang='grc' dir='ltr'>εἰσαγωγῆς</span> <span class='ocrx_word' id='word_1_49' title='bbox 1038 1021 1390 1102; x_wconf 81' lang='grc' dir='ltr'>ἐμφραγείσης</span> <span class='ocrx_word' id='word_1_50' title='bbox 1417 1025 1519 1078; x_wconf 85' lang='grc' dir='ltr'><strong>τῶν</strong></span> <span class='ocrx_word' id='word_1_51' title='bbox 1546 1021 1739 1098; x_wconf 88' lang='grc' dir='ltr'>πόρων,</span> 
     </span>
    </p>

    <p class='ocr_par' dir='ltr' id='par_1_8' title="bbox 606 1107 1625 1193">
     <span class='ocr_line' id='line_1_9' title="bbox 606 1107 1625 1193; baseline -0.004 -25"><span class='ocrx_word' id='word_1_52' title='bbox 606 1114 641 1184; x_wconf 83' lang='grc' dir='ltr'>ἢ</span> <span class='ocrx_word' id='word_1_53' title='bbox 668 1116 745 1193; x_wconf 77' lang='grc' dir='ltr'><strong>τῷ</strong></span> <span class='ocrx_word' id='word_1_54' title='bbox 774 1111 1092 1186; x_wconf 77' lang='grc' dir='ltr'>διαστήματι</span> <span class='ocrx_word' id='word_1_55' title='bbox 1120 1113 1223 1166; x_wconf 86' lang='grc' dir='ltr'><strong>τῶν</strong></span> <span class='ocrx_word' id='word_1_56' title='bbox 1251 1108 1395 1167; x_wconf 80' lang='grc' dir='ltr'>ἔνδον</span> <span class='ocrx_word' id='word_1_57' title='bbox 1422 1107 1625 1189; x_wconf 83' lang='grc' dir='ltr'>δρόμων</span> 
     </span>
    </p>

    <p class='ocr_par' dir='ltr' id='par_1_9' title="bbox 606 1196 1667 1277">
     <span class='ocr_line' id='line_1_10' title="bbox 606 1196 1667 1277; baseline -0.006 -17"><span class='ocrx_word' id='word_1_58' title='bbox 606 1205 641 1272; x_wconf 79' lang='grc' dir='ltr'><strong>ἡ</strong></span> <span class='ocrx_word' id='word_1_59' title='bbox 672 1204 764 1272; x_wconf 75' lang='grc' dir='ltr'><strong>τῆς</strong></span> <span class='ocrx_word' id='word_1_60' title='bbox 788 1201 1021 1276; x_wconf 79' lang='grc' dir='ltr'>ἀμολγῆς</span> <span class='ocrx_word' id='word_1_61' title='bbox 1046 1197 1356 1277; x_wconf 76' lang='grc' dir='ltr'>ἐμὸραδύνοι</span> <span class='ocrx_word' id='word_1_62' title='bbox 1388 1196 1667 1276; x_wconf 84' lang='grc' dir='ltr'>γοργότης,</span> 
     </span>
    </p>

    <p class='ocr_par' dir='ltr' id='par_1_10' title="bbox 525 1280 1751 1718">
     <span class='ocr_line' id='line_1_11' title="bbox 525 1280 1636 1368; baseline -0.009 -20"><span class='ocrx_word' id='word_1_63' title='bbox 525 1309 580 1348; x_wconf 73' lang='lat' dir='ltr'><strong>bo</strong></span> <span class='ocrx_word' id='word_1_64' title='bbox 606 1280 773 1368; x_wconf 68' lang='grc' dir='ltr'>εἶργον</span> <span class='ocrx_word' id='word_1_65' title='bbox 804 1287 858 1347; x_wconf 77' lang='grc' dir='ltr'>δὲ</span> <span class='ocrx_word' id='word_1_66' title='bbox 884 1287 976 1358; x_wconf 82' lang='grc' dir='ltr'><strong>τὴν</strong></span> <span class='ocrx_word' id='word_1_67' title='bbox 1004 1285 1167 1368; x_wconf 76' lang='grc' dir='ltr'>ὄρεξιν</span> <span class='ocrx_word' id='word_1_68' title='bbox 1196 1283 1232 1355; x_wconf 82' lang='grc' dir='ltr'>ἢ</span> <span class='ocrx_word' id='word_1_69' title='bbox 1256 1289 1436 1364; x_wconf 83' lang='grc' dir='ltr'>χαῖνον</span> <span class='ocrx_word' id='word_1_70' title='bbox 1465 1285 1636 1360; x_wconf 82' lang='grc' dir='ltr'>μάτην</span> 
     </span>
     <span class='ocr_line' id='line_1_12' title="bbox 606 1371 1720 1454; baseline -0.004 -20"><span class='ocrx_word' id='word_1_71' title='bbox 606 1380 753 1443; x_wconf 79' lang='grc' dir='ltr'>εὐθὺς</span> <span class='ocrx_word' id='word_1_72' title='bbox 778 1378 869 1434; x_wconf 79' lang='grc' dir='ltr'>ἀπ’</span> <span class='ocrx_word' id='word_1_73' title='bbox 898 1378 1065 1454; x_wconf 79' lang='grc' dir='ltr'>ἀρχῆς</span> <span class='ocrx_word' id='word_1_74' title='bbox 1098 1371 1401 1454; x_wconf 79' lang='grc' dir='ltr'>δυσφορήσῃ</span> <span class='ocrx_word' id='word_1_75' title='bbox 1432 1373 1491 1430; x_wconf 83' lang='grc' dir='ltr'><strong>τὸ</strong></span> <span class='ocrx_word' id='word_1_76' title='bbox 1520 1371 1720 1452; x_wconf 78' lang='grc' dir='ltr'>βρέφος.</span> 
     </span>
     <span class='ocr_line' id='line_1_13' title="bbox 611 1460 1717 1542; baseline -0.006 -19"><span class='ocrx_word' id='word_1_77' title='bbox 611 1463 761 1535; x_wconf 81' lang='grc' dir='ltr'>Πλὴν</span> <span class='ocrx_word' id='word_1_78' title='bbox 790 1467 825 1534; x_wconf 74' lang='grc' dir='ltr'>ἡ</span> <span class='ocrx_word' id='word_1_79' title='bbox 850 1461 1131 1542; x_wconf 74' lang='grc' dir='ltr'>προδοσκὶς</span> <span class='ocrx_word' id='word_1_80' title='bbox 1160 1461 1275 1520; x_wconf 77' lang='grc' dir='ltr'>ἀντὶ</span> <span class='ocrx_word' id='word_1_81' title='bbox 1302 1461 1473 1539; x_wconf 79' lang='grc' dir='ltr'>χειρὸς</span> <span class='ocrx_word' id='word_1_82' title='bbox 1502 1460 1685 1539; x_wconf 79' lang='grc' dir='ltr'>εὑρέθη</span> <span class='ocrx_word' id='word_1_83' title='bbox 1704 1483 1717 1494; x_wconf 95' lang='grc'><em>·</em></span> 
     </span>
     <span class='ocr_line' id='line_1_14' title="bbox 604 1547 1703 1632; baseline -0.006 -22"><span class='ocrx_word' id='word_1_84' title='bbox 604 1551 721 1632; x_wconf 81' lang='grc' dir='ltr'>χεὶρ</span> <span class='ocrx_word' id='word_1_85' title='bbox 746 1551 801 1608; x_wconf 85' lang='grc' dir='ltr'>δὲ</span> <span class='ocrx_word' id='word_1_86' title='bbox 834 1552 1051 1632; x_wconf 78' lang='grc' dir='ltr'>βρέφους</span> <span class='ocrx_word' id='word_1_87' title='bbox 1074 1549 1275 1620; x_wconf 85' lang='grc' dir='ltr'>κίνησιν</span> <span class='ocrx_word' id='word_1_88' title='bbox 1300 1549 1445 1615; x_wconf 82' lang='grc' dir='ltr'>εὐθὺς</span> <span class='ocrx_word' id='word_1_89' title='bbox 1470 1551 1565 1606; x_wconf 82' lang='grc' dir='ltr'><strong>οὐκ</strong></span> <span class='ocrx_word' id='word_1_90' title='bbox 1595 1547 1703 1626; x_wconf 82' lang='grc' dir='ltr'>ἔχει</span> 
     </span>
     <span class='ocr_line' id='line_1_15' title="bbox 606 1635 1751 1718; baseline -0.005 -22"><span class='ocrx_word' id='word_1_91' title='bbox 606 1639 736 1718; x_wconf 81' lang='grc' dir='ltr'>πρὸς</span> <span class='ocrx_word' id='word_1_92' title='bbox 766 1639 854 1705; x_wconf 74' lang='grc' dir='ltr'><strong>τὰς</strong></span> <span class='ocrx_word' id='word_1_93' title='bbox 879 1637 1071 1715; x_wconf 77' lang='grc' dir='ltr'>μεταξὺ</span> <span class='ocrx_word' id='word_1_94' title='bbox 1103 1641 1195 1707; x_wconf 78' lang='grc' dir='ltr'><strong>τῆς</strong></span> <span class='ocrx_word' id='word_1_95' title='bbox 1223 1641 1417 1717; x_wconf 80' lang='grc' dir='ltr'>τροφῆς</span> <span class='ocrx_word' id='word_1_96' title='bbox 1446 1635 1751 1713; x_wconf 81' lang='grc' dir='ltr'>ὑπουργίας.</span> 
     </span>
    </p>

    <p class='ocr_par' dir='ltr' id='par_1_11' title="bbox 528 1721 1855 2159">
     <span class='ocr_line' id='line_1_16' title="bbox 528 1721 1790 1808; baseline -0.009 -20"><span class='ocrx_word' id='word_1_97' title='bbox 528 1749 581 1788; x_wconf 70' lang='grc' dir='ltr'>ω</span> <span class='ocrx_word' id='word_1_98' title='bbox 688 1726 875 1808; x_wconf 84' lang='grc' dir='ltr'>Τούτῳ</span> <span class='ocrx_word' id='word_1_99' title='bbox 899 1726 1101 1807; x_wconf 86' lang='grc' dir='ltr'>κεφαλὴ</span> <span class='ocrx_word' id='word_1_100' title='bbox 1132 1723 1222 1783; x_wconf 72' lang='grc' dir='ltr'>καὶ</span> <span class='ocrx_word' id='word_1_101' title='bbox 1255 1723 1473 1800; x_wconf 82' lang='grc' dir='ltr'>μέτωπα</span> <span class='ocrx_word' id='word_1_102' title='bbox 1498 1722 1587 1779; x_wconf 71' lang='grc' dir='ltr'>καὶ</span> <span class='ocrx_word' id='word_1_103' title='bbox 1618 1721 1790 1800; x_wconf 80' lang='grc' dir='ltr'>τρίχες</span> 
     </span>
     <span class='ocr_line' id='line_1_17' title="bbox 610 1809 1855 1893; baseline -0.006 -21"><span class='ocrx_word' id='word_1_104' title='bbox 610 1815 701 1873; x_wconf 79' lang='grc' dir='ltr'>καὶ</span> <span class='ocrx_word' id='word_1_105' title='bbox 728 1814 941 1893; x_wconf 79' lang='grc' dir='ltr'>βλέμμα</span> <span class='ocrx_word' id='word_1_106' title='bbox 970 1813 1058 1872; x_wconf 83' lang='grc' dir='ltr'>καὶ</span> <span class='ocrx_word' id='word_1_107' title='bbox 1086 1813 1191 1892; x_wconf 78' lang='grc' dir='ltr'>ῥὶς,</span> <span class='ocrx_word' id='word_1_108' title='bbox 1223 1813 1347 1890; x_wconf 74' lang='grc' dir='ltr'>ἄχρι</span> <span class='ocrx_word' id='word_1_109' title='bbox 1374 1815 1465 1880; x_wconf 71' lang='grc' dir='ltr'><strong>τῆς</strong></span> <span class='ocrx_word' id='word_1_110' title='bbox 1495 1809 1855 1889; x_wconf 70' lang='grc' dir='ltr'>προὸοσκίδος,</span> 
     </span>
     <span class='ocr_line' id='line_1_18' title="bbox 609 1897 1801 1981; baseline -0.008 -20"><span class='ocrx_word' id='word_1_111' title='bbox 609 1903 700 1962; x_wconf 75' lang='grc' dir='ltr'>καὶ</span> <span class='ocrx_word' id='word_1_112' title='bbox 725 1902 891 1981; x_wconf 86' lang='grc' dir='ltr'>δέρμα</span> <span class='ocrx_word' id='word_1_113' title='bbox 918 1902 1009 1960; x_wconf 80' lang='grc' dir='ltr'>καὶ</span> <span class='ocrx_word' id='word_1_114' title='bbox 1035 1901 1315 1980; x_wconf 82' lang='grc' dir='ltr'>τράχηλος,</span> <span class='ocrx_word' id='word_1_115' title='bbox 1352 1900 1487 1958; x_wconf 76' lang='grc' dir='ltr'>ἀλλὰ</span> <span class='ocrx_word' id='word_1_116' title='bbox 1512 1899 1600 1956; x_wconf 83' lang='grc' dir='ltr'>καὶ</span> <span class='ocrx_word' id='word_1_117' title='bbox 1630 1897 1801 1972; x_wconf 70' lang='grc' dir='ltr'>στόμα</span> 
     </span>
     <span class='ocr_line' id='line_1_19' title="bbox 610 1987 1628 2072; baseline -0.003 -24"><span class='ocrx_word' id='word_1_118' title='bbox 610 1993 751 2072; x_wconf 75' lang='grc' dir='ltr'>σαφῆ</span> <span class='ocrx_word' id='word_1_119' title='bbox 784 1989 958 2066; x_wconf 77' lang='grc' dir='ltr'>μονιὸν</span> <span class='ocrx_word' id='word_1_120' title='bbox 987 1992 1315 2068; x_wconf 81' lang='grc' dir='ltr'>ζωγραφοῧσι</span> <span class='ocrx_word' id='word_1_121' title='bbox 1346 1987 1628 2068; x_wconf 81' lang='grc' dir='ltr'>μακρόθεν,</span> 
     </span>
     <span class='ocr_line' id='line_1_20' title="bbox 610 2075 1706 2159; baseline -0.004 -23"><span class='ocrx_word' id='word_1_122' title='bbox 610 2077 735 2136; x_wconf 80' lang='grc' dir='ltr'>ὅταν</span> <span class='ocrx_word' id='word_1_123' title='bbox 763 2081 987 2159; x_wconf 80' lang='grc' dir='ltr'>ῥεουσῶν</span> <span class='ocrx_word' id='word_1_124' title='bbox 1012 2081 1115 2134; x_wconf 85' lang='grc' dir='ltr'><strong>τῶν</strong></span> <span class='ocrx_word' id='word_1_125' title='bbox 1144 2080 1337 2157; x_wconf 80' lang='grc' dir='ltr'>τριχῶν</span> <span class='ocrx_word' id='word_1_126' title='bbox 1368 2079 1436 2143; x_wconf 80' lang='grc' dir='ltr'><strong>ὥς</strong></span> <span class='ocrx_word' id='word_1_127' title='bbox 1469 2079 1527 2134; x_wconf 76' lang='grc' dir='ltr'><strong>ἔκ</strong></span> <span class='ocrx_word' id='word_1_128' title='bbox 1557 2075 1706 2134; x_wconf 89' lang='grc' dir='ltr'>νόσου</span> 
     </span>
    </p>

    <p class='ocr_par' dir='ltr' id='par_1_12' title="bbox 530 2164 1883 2597">
     <span class='ocr_line' id='line_1_21' title="bbox 530 2164 1721 2245; baseline -0.005 -20"><span class='ocrx_word' id='word_1_129' title='bbox 530 2186 585 2225; x_wconf 75' lang='grc' dir='ltr'>ω</span> <span class='ocrx_word' id='word_1_130' title='bbox 611 2167 737 2245; x_wconf 80' lang='grc' dir='ltr'>δοκῇ</span> <span class='ocrx_word' id='word_1_131' title='bbox 766 2164 999 2244; x_wconf 83' lang='grc' dir='ltr'>σεσηρὼς</span> <span class='ocrx_word' id='word_1_132' title='bbox 1021 2165 1113 2230; x_wconf 71' lang='grc' dir='ltr'><strong>τὴν</strong></span> <span class='ocrx_word' id='word_1_133' title='bbox 1146 2166 1300 2245; x_wconf 75' lang='grc' dir='ltr'>δορὰν</span> <span class='ocrx_word' id='word_1_134' title='bbox 1330 2165 1509 2243; x_wconf 80' lang='grc' dir='ltr'>ὥσπερ</span> <span class='ocrx_word' id='word_1_135' title='bbox 1536 2165 1721 2243; x_wconf 84' lang='grc' dir='ltr'>γέρων,</span> 
     </span>
     <span class='ocr_line' id='line_1_22' title="bbox 613 2252 1840 2335; baseline -0.002 -22"><span class='ocrx_word' id='word_1_136' title='bbox 613 2254 783 2326; x_wconf 76' lang='grc' dir='ltr'>πηλοῦ</span> <span class='ocrx_word' id='word_1_137' title='bbox 812 2252 1114 2335; x_wconf 77' lang='grc' dir='ltr'>κναφευθεὶς</span> <span class='ocrx_word' id='word_1_138' title='bbox 1142 2253 1428 2332; x_wconf 67' lang='grc' dir='ltr'>ἐμὸροχαίς</span> <span class='ocrx_word' id='word_1_139' title='bbox 1454 2253 1840 2314; x_wconf 80' lang='grc' dir='ltr'>δυσεκπλύτοις.</span> 
     </span>
     <span class='ocr_line' id='line_1_23' title="bbox 613 2338 1883 2420; baseline -0.007 -19"><span class='ocrx_word' id='word_1_140' title='bbox 613 2341 821 2412; x_wconf 80' lang='grc' dir='ltr'>Χαίτης</span> <span class='ocrx_word' id='word_1_141' title='bbox 842 2365 900 2418; x_wconf 91' lang='grc' dir='ltr'>γε</span> <span class='ocrx_word' id='word_1_142' title='bbox 927 2340 1031 2417; x_wconf 77' lang='grc' dir='ltr'><strong>μὴν</strong></span> <span class='ocrx_word' id='word_1_143' title='bbox 1054 2341 1114 2399; x_wconf 85' lang='grc' dir='ltr'><strong>τὸ</strong></span> <span class='ocrx_word' id='word_1_144' title='bbox 1146 2341 1352 2420; x_wconf 85' lang='grc' dir='ltr'>βρέγμα</span> <span class='ocrx_word' id='word_1_145' title='bbox 1380 2340 1472 2398; x_wconf 84' lang='grc' dir='ltr'>καὶ</span> <span class='ocrx_word' id='word_1_146' title='bbox 1496 2341 1694 2418; x_wconf 77' lang='grc' dir='ltr'>λάχνης</span> <span class='ocrx_word' id='word_1_147' title='bbox 1722 2338 1883 2414; x_wconf 75' lang='grc' dir='ltr'>ξένον,</span> 
     </span>
     <span class='ocr_line' id='line_1_24' title="bbox 614 2427 1663 2506; baseline -0.006 -18"><span class='ocrx_word' id='word_1_148' title='bbox 614 2431 685 2496; x_wconf 77' lang='grc' dir='ltr'><strong>ὡς</strong></span> <span class='ocrx_word' id='word_1_149' title='bbox 712 2429 804 2487; x_wconf 72' lang='grc' dir='ltr'>καὶ</span> <span class='ocrx_word' id='word_1_150' title='bbox 823 2429 891 2487; x_wconf 80' lang='grc' dir='ltr'><strong>τὰ</strong></span> <span class='ocrx_word' id='word_1_151' title='bbox 916 2433 1059 2486; x_wconf 85' lang='grc' dir='ltr'>νῶτα</span> <span class='ocrx_word' id='word_1_152' title='bbox 1088 2427 1243 2506; x_wconf 84' lang='grc' dir='ltr'>μέχρι</span> <span class='ocrx_word' id='word_1_153' title='bbox 1265 2432 1367 2484; x_wconf 90' lang='grc' dir='ltr'><strong>τῶν</strong></span> <span class='ocrx_word' id='word_1_154' title='bbox 1398 2429 1663 2497; x_wconf 81' lang='grc' dir='ltr'>ὀπισθίων,</span> 
     </span>
     <span class='ocr_line' id='line_1_25' title="bbox 619 2507 1641 2597; baseline -0.001 -24"><span class='ocrx_word' id='word_1_155' title='bbox 619 2507 703 2574; x_wconf 77' lang='grc' dir='ltr'><strong>οἶα</strong></span> <span class='ocrx_word' id='word_1_156' title='bbox 732 2516 999 2597; x_wconf 80' lang='grc' dir='ltr'>φαλακρὸν</span> <span class='ocrx_word' id='word_1_157' title='bbox 1030 2517 1091 2574; x_wconf 72' lang='grc' dir='ltr'><strong>ἐκ</strong></span> <span class='ocrx_word' id='word_1_158' title='bbox 1116 2515 1389 2595; x_wconf 77' lang='grc' dir='ltr'>πυράγρας</span> <span class='ocrx_word' id='word_1_159' title='bbox 1418 2515 1605 2582; x_wconf 80' lang='grc' dir='ltr'>ἀξύλου</span> <span class='ocrx_word' id='word_1_160' title='bbox 1626 2558 1641 2584; x_wconf 95' lang='grc'><strong>,</strong></span> 
     </span>
    </p>

    <p class='ocr_par' dir='ltr' id='par_1_13' title="bbox 538 2602 1766 3037">
     <span class='ocr_line' id='line_1_26' title="bbox 538 2602 1766 2680; baseline 0 -18"><span class='ocrx_word' id='word_1_161' title='bbox 538 2625 589 2663; x_wconf 72' lang='lat' dir='ltr'><strong>er,</strong></span> <span class='ocrx_word' id='word_1_162' title='bbox 620 2602 710 2661; x_wconf 79' lang='grc' dir='ltr'>καὶ</span> <span class='ocrx_word' id='word_1_163' title='bbox 736 2604 1032 2676; x_wconf 83' lang='grc' dir='ltr'>κωνοειδὲς,</span> <span class='ocrx_word' id='word_1_164' title='bbox 1058 2607 1101 2662; x_wconf 83' lang='grc' dir='ltr'>εἰ</span> <span class='ocrx_word' id='word_1_165' title='bbox 1130 2602 1189 2661; x_wconf 80' lang='grc' dir='ltr'><strong>τὸ</strong></span> <span class='ocrx_word' id='word_1_166' title='bbox 1212 2611 1317 2660; x_wconf 75' lang='grc' dir='ltr'><strong>πᾶν</strong></span> <span class='ocrx_word' id='word_1_167' title='bbox 1348 2609 1531 2680; x_wconf 61' lang='grc' dir='ltr'>σχῆμα</span> <span class='ocrx_word' id='word_1_168' title='bbox 1560 2603 1766 2679; x_wconf 72' lang='grc' dir='ltr'>βλέποι(</span> 
     </span>
     <span class='ocr_line' id='line_1_27' title="bbox 620 2688 1719 2772; baseline -0.005 -22"><span class='ocrx_word' id='word_1_169' title='bbox 620 2692 709 2750; x_wconf 81' lang='grc' dir='ltr'>καὶ</span> <span class='ocrx_word' id='word_1_170' title='bbox 734 2691 1040 2762; x_wconf 80' lang='grc' dir='ltr'>ξυντετηκὸς</span> <span class='ocrx_word' id='word_1_171' title='bbox 1064 2695 1341 2772; x_wconf 82' lang='grc' dir='ltr'>προσφυῶς</span> <span class='ocrx_word' id='word_1_172' title='bbox 1368 2692 1471 2755; x_wconf 85' lang='grc' dir='ltr'>τοῖς</span> <span class='ocrx_word' id='word_1_173' title='bbox 1502 2688 1719 2753; x_wconf 79' lang='grc' dir='ltr'>ὀστέοις·</span> 
     </span>
     <span class='ocr_line' id='line_1_28' title="bbox 616 2769 1678 2858; baseline -0.003 -21"><span class='ocrx_word' id='word_1_174' title='bbox 616 2779 682 2838; x_wconf 81' lang='grc' dir='ltr'><strong>τὰ</strong></span> <span class='ocrx_word' id='word_1_175' title='bbox 709 2781 753 2838; x_wconf 90' lang='grc' dir='ltr'>δ’</span> <span class='ocrx_word' id='word_1_176' title='bbox 780 2769 891 2839; x_wconf 69' lang='grc' dir='ltr'><strong>ὦτα</strong></span> <span class='ocrx_word' id='word_1_177' title='bbox 919 2779 1087 2838; x_wconf 79' lang='grc' dir='ltr'>λεπτὰ</span> <span class='ocrx_word' id='word_1_178' title='bbox 1117 2779 1207 2837; x_wconf 86' lang='grc' dir='ltr'>καὶ</span> <span class='ocrx_word' id='word_1_179' title='bbox 1237 2777 1678 2858; x_wconf 65' lang='grc' dir='ltr'>παρατεταμένα,</span> 
     </span>
     <span class='ocr_line' id='line_1_29' title="bbox 616 2865 1651 2949; baseline -0.005 -22"><span class='ocrx_word' id='word_1_180' title='bbox 616 2867 708 2927; x_wconf 76' lang='grc' dir='ltr'>καὶ</span> <span class='ocrx_word' id='word_1_181' title='bbox 733 2870 968 2949; x_wconf 86' lang='grc' dir='ltr'>καθάπερ</span> <span class='ocrx_word' id='word_1_182' title='bbox 997 2868 1227 2947; x_wconf 81' lang='grc' dir='ltr'>θώρακες</span> <span class='ocrx_word' id='word_1_183' title='bbox 1252 2865 1617 2949; x_wconf 78' lang='grc' dir='ltr'>ἐσφαιρωμένα</span> <span class='ocrx_word' id='word_1_184' title='bbox 1634 2909 1651 2941; x_wconf 82' lang='grc'><em>,</em></span> 
     </span>
     <span class='ocr_line' id='line_1_30' title="bbox 616 2955 1671 3037; baseline -0.005 -21"><span class='ocrx_word' id='word_1_185' title='bbox 616 2957 705 3017; x_wconf 79' lang='grc' dir='ltr'>καὶ</span> <span class='ocrx_word' id='word_1_186' title='bbox 736 2958 841 3025; x_wconf 83' lang='grc' dir='ltr'>τοῖς</span> <span class='ocrx_word' id='word_1_187' title='bbox 864 2962 987 3037; x_wconf 79' lang='grc' dir='ltr'>ὁρᾶν</span> <span class='ocrx_word' id='word_1_188' title='bbox 1012 2956 1245 3017; x_wconf 86' lang='grc' dir='ltr'>θέλουσιν</span> <span class='ocrx_word' id='word_1_189' title='bbox 1273 2955 1633 3031; x_wconf 84' lang='grc' dir='ltr'>ἀνεπτυγμένα</span> <span class='ocrx_word' id='word_1_190' title='bbox 1656 3000 1671 3029; x_wconf 85' lang='lat'>‚</span> 
     </span>
    </p>

    <p class='ocr_par' dir='ltr' id='par_1_14' title="bbox 536 3042 1833 3301">
     <span class='ocr_line' id='line_1_31' title="bbox 536 3042 1763 3125; baseline -0.003 -21"><span class='ocrx_word' id='word_1_191' title='bbox 536 3064 590 3106; x_wconf 87' lang='lat'><strong>70</strong></span> <span class='ocrx_word' id='word_1_192' title='bbox 616 3042 707 3103; x_wconf 72' lang='grc' dir='ltr'>καὶ</span> <span class='ocrx_word' id='word_1_193' title='bbox 734 3046 826 3109; x_wconf 75' lang='grc' dir='ltr'><strong>τὰς</strong></span> <span class='ocrx_word' id='word_1_194' title='bbox 852 3045 1030 3125; x_wconf 82' lang='grc' dir='ltr'>βάσεις</span> <span class='ocrx_word' id='word_1_195' title='bbox 1056 3045 1245 3125; x_wconf 86' lang='grc' dir='ltr'>ἔχοντα</span> <span class='ocrx_word' id='word_1_196' title='bbox 1273 3043 1763 3125; x_wconf 82' lang='grc' dir='ltr'>χονδροσυνθέτους,</span> 
     </span>
     <span class='ocr_line' id='line_1_32' title="bbox 617 3131 1727 3213; baseline -0.007 -21"><span class='ocrx_word' id='word_1_197' title='bbox 617 3132 707 3192; x_wconf 80' lang='grc' dir='ltr'>καὶ</span> <span class='ocrx_word' id='word_1_198' title='bbox 737 3134 993 3205; x_wconf 79' lang='grc' dir='ltr'>συστολὴν</span> <span class='ocrx_word' id='word_1_199' title='bbox 1025 3134 1299 3213; x_wconf 81' lang='grc' dir='ltr'>πάσχοντα</span> <span class='ocrx_word' id='word_1_200' title='bbox 1322 3133 1412 3191; x_wconf 78' lang='grc' dir='ltr'>καὶ</span> <span class='ocrx_word' id='word_1_201' title='bbox 1436 3131 1727 3190; x_wconf 83' lang='grc' dir='ltr'>τούναντίον</span> 
     </span>
     <span class='ocr_line' id='line_1_33' title="bbox 616 3220 1833 3301; baseline -0.002 -22"><span class='ocrx_word' id='word_1_202' title='bbox 616 3220 705 3279; x_wconf 74' lang='grc' dir='ltr'>καὶ</span> <span class='ocrx_word' id='word_1_203' title='bbox 728 3222 857 3301; x_wconf 81' lang='grc' dir='ltr'>πρὸς</span> <span class='ocrx_word' id='word_1_204' title='bbox 886 3221 1065 3301; x_wconf 89' lang='grc' dir='ltr'>μάχας</span> <span class='ocrx_word' id='word_1_205' title='bbox 1097 3222 1340 3301; x_wconf 81' lang='grc' dir='ltr'>βλέποντι</span> <span class='ocrx_word' id='word_1_206' title='bbox 1365 3220 1603 3278; x_wconf 88' lang='grc' dir='ltr'>σύντονον</span> <span class='ocrx_word' id='word_1_207' title='bbox 1630 3222 1833 3279; x_wconf 88' lang='grc' dir='ltr'>στάσιν.</span> 
     </span>
    </p>

    <p class='ocr_par' dir='ltr' id='par_1_15' title="bbox 620 3299 1935 3478">
     <span class='ocr_line' id='line_1_34' title="bbox 695 3299 1935 3389; baseline 0.002 -21"><span class='ocrx_word' id='word_1_208' title='bbox 695 3299 809 3389; x_wconf 68' lang='lat' dir='ltr'><strong>‘&#39;Ap’</strong></span> <span class='ocrx_word' id='word_1_209' title='bbox 839 3300 927 3368; x_wconf 67' lang='grc' dir='ltr'><strong>οὖν</strong></span> <span class='ocrx_word' id='word_1_210' title='bbox 956 3311 1093 3384; x_wconf 79' lang='grc' dir='ltr'>ἔδει,</span> <span class='ocrx_word' id='word_1_211' title='bbox 1121 3311 1416 3388; x_wconf 82' lang='grc' dir='ltr'>Κράτιστε,</span> <span class='ocrx_word' id='word_1_212' title='bbox 1446 3312 1548 3365; x_wconf 87' lang='grc' dir='ltr'><strong>τῶν</strong></span> <span class='ocrx_word' id='word_1_213' title='bbox 1576 3310 1746 3367; x_wconf 79' lang='grc' dir='ltr'>ἄλλων</span> <span class='ocrx_word' id='word_1_214' title='bbox 1780 3312 1935 3388; x_wconf 87' lang='grc' dir='ltr'>μόνον</span> 
     </span>
     <span class='ocr_line' id='line_1_35' title="bbox 620 3396 1653 3478; baseline -0.003 -22"><span class='ocrx_word' id='word_1_215' title='bbox 620 3398 814 3457; x_wconf 82' lang='grc' dir='ltr'>ἄοπλον</span> <span class='ocrx_word' id='word_1_216' title='bbox 842 3399 1007 3478; x_wconf 76' lang='grc' dir='ltr'>εὑρεῖν</span> <span class='ocrx_word' id='word_1_217' title='bbox 1038 3398 1337 3477; x_wconf 79' lang='grc' dir='ltr'>προσὸαλὸν</span> <span class='ocrx_word' id='word_1_218' title='bbox 1362 3398 1420 3454; x_wconf 81' lang='grc' dir='ltr'><strong>τὸ</strong></span> <span class='ocrx_word' id='word_1_219' title='bbox 1454 3396 1653 3477; x_wconf 83' lang='grc' dir='ltr'>θηρίον,</span> 
     </span>
    </p>

    <p class='ocr_par' dir='ltr' id='par_1_16' title="bbox 537 3482 1816 3915">
     <span class='ocr_line' id='line_1_36' title="bbox 537 3482 1703 3565; baseline -0.003 -19"><span class='ocrx_word' id='word_1_220' title='bbox 537 3504 591 3546; x_wconf 73' lang='grc'><strong>75</strong></span> <span class='ocrx_word' id='word_1_221' title='bbox 616 3482 739 3543; x_wconf 82' lang='grc' dir='ltr'>ὅταν</span> <span class='ocrx_word' id='word_1_222' title='bbox 766 3490 793 3543; x_wconf 84' lang='grc' dir='ltr'>ὃ</span> <span class='ocrx_word' id='word_1_223' title='bbox 821 3485 995 3565; x_wconf 76' lang='grc' dir='ltr'>καιρὸς</span> <span class='ocrx_word' id='word_1_224' title='bbox 1020 3485 1297 3565; x_wconf 79' lang='grc' dir='ltr'>ἀντιτάττῃ</span> <span class='ocrx_word' id='word_1_225' title='bbox 1328 3484 1454 3565; x_wconf 82' lang='grc' dir='ltr'>πρὸς</span> <span class='ocrx_word' id='word_1_226' title='bbox 1486 3486 1703 3564; x_wconf 64' lang='grc' dir='ltr'>μάχη-νς</span> 
     </span>
     <span class='ocr_line' id='line_1_37' title="bbox 618 3573 1816 3655; baseline 0.001 -23"><span class='ocrx_word' id='word_1_227' title='bbox 618 3576 714 3633; x_wconf 82' lang='grc' dir='ltr'><strong>οὐκ</strong></span> <span class='ocrx_word' id='word_1_228' title='bbox 737 3573 874 3631; x_wconf 86' lang='grc' dir='ltr'>ἔστιν</span> <span class='ocrx_word' id='word_1_229' title='bbox 906 3576 1086 3632; x_wconf 79' lang='grc' dir='ltr'>εἰπεῖν.</span> <span class='ocrx_word' id='word_1_230' title='bbox 1174 3574 1243 3633; x_wconf 88' lang='grc' dir='ltr'>Ἡ</span> <span class='ocrx_word' id='word_1_231' title='bbox 1275 3574 1375 3653; x_wconf 79' lang='grc' dir='ltr'><strong>γὰρ</strong></span> <span class='ocrx_word' id='word_1_232' title='bbox 1406 3574 1639 3652; x_wconf 81' lang='grc' dir='ltr'>εὔτεχνος</span> <span class='ocrx_word' id='word_1_233' title='bbox 1668 3574 1816 3655; x_wconf 77' lang='grc' dir='ltr'>φύσις</span> 
     </span>
     <span class='ocr_line' id='line_1_38' title="bbox 621 3660 1703 3740; baseline -0.005 -19"><span class='ocrx_word' id='word_1_234' title='bbox 621 3660 789 3721; x_wconf 86' lang='grc' dir='ltr'>λέοντι</span> <span class='ocrx_word' id='word_1_235' title='bbox 814 3661 909 3737; x_wconf 86' lang='grc' dir='ltr'><strong>μὲν</strong></span> <span class='ocrx_word' id='word_1_236' title='bbox 937 3662 1168 3738; x_wconf 78' lang='grc' dir='ltr'>δίδωσιν,</span> <span class='ocrx_word' id='word_1_237' title='bbox 1202 3666 1271 3729; x_wconf 84' lang='grc' dir='ltr'><strong>ὡς</strong></span> <span class='ocrx_word' id='word_1_238' title='bbox 1300 3663 1390 3719; x_wconf 86' lang='grc' dir='ltr'>καὶ</span> <span class='ocrx_word' id='word_1_239' title='bbox 1416 3663 1703 3740; x_wconf 74' lang='grc' dir='ltr'>παρδάλει,</span> 
     </span>
     <span class='ocr_line' id='line_1_39' title="bbox 620 3748 1711 3831; baseline -0.001 -25"><span class='ocrx_word' id='word_1_240' title='bbox 620 3748 714 3816; x_wconf 75' lang='grc' dir='ltr'><strong>τὰς</strong></span> <span class='ocrx_word' id='word_1_241' title='bbox 741 3748 793 3816; x_wconf 75' lang='grc' dir='ltr'><strong>ἐξ</strong></span> <span class='ocrx_word' id='word_1_242' title='bbox 817 3749 1016 3829; x_wconf 85' lang='grc' dir='ltr'>ὀνύχων</span> <span class='ocrx_word' id='word_1_243' title='bbox 1040 3748 1321 3831; x_wconf 77' lang='grc' dir='ltr'>δραστικὰς</span> <span class='ocrx_word' id='word_1_244' title='bbox 1349 3749 1683 3816; x_wconf 84' lang='grc' dir='ltr'>ἀντισπάσεις</span> <span class='ocrx_word' id='word_1_245' title='bbox 1700 3774 1711 3785; x_wconf 89' lang='grc'><em>·</em></span> 
     </span>
     <span class='ocr_line' id='line_1_40' title="bbox 618 3834 1666 3915; baseline -0.005 -19"><span class='ocrx_word' id='word_1_246' title='bbox 618 3842 797 3896; x_wconf 71' lang='grc' dir='ltr'>τοῦτον</span> <span class='ocrx_word' id='word_1_247' title='bbox 822 3837 875 3895; x_wconf 82' lang='grc' dir='ltr'>δὲ</span> <span class='ocrx_word' id='word_1_248' title='bbox 900 3837 987 3895; x_wconf 79' lang='grc' dir='ltr'><strong>τὸν</strong></span> <span class='ocrx_word' id='word_1_249' title='bbox 1014 3838 1256 3915; x_wconf 85' lang='grc' dir='ltr'>μέγιστον</span> <span class='ocrx_word' id='word_1_250' title='bbox 1283 3836 1479 3904; x_wconf 81' lang='grc' dir='ltr'>ὁπλίζει</span> <span class='ocrx_word' id='word_1_251' title='bbox 1514 3834 1666 3903; x_wconf 77' lang='grc' dir='ltr'>ξένως</span> 
     </span>
    </p>

    <p class='ocr_par' dir='ltr' id='par_1_17' title="bbox 542 3922 1819 4356">
     <span class='ocr_line' id='line_1_41' title="bbox 542 3922 1651 4004; baseline -0.004 -20"><span class='ocrx_word' id='word_1_252' title='bbox 542 3946 597 3984; x_wconf 78' lang='grc' dir='ltr'>ω</span> <span class='ocrx_word' id='word_1_253' title='bbox 618 3922 802 4004; x_wconf 75' lang='grc' dir='ltr'>κέρασι</span> <span class='ocrx_word' id='word_1_254' title='bbox 828 3925 1043 3996; x_wconf 83' lang='grc' dir='ltr'>διττοῖς,</span> <span class='ocrx_word' id='word_1_255' title='bbox 1074 3929 1145 3991; x_wconf 85' lang='grc' dir='ltr'><strong>ὡς</strong></span> <span class='ocrx_word' id='word_1_256' title='bbox 1168 3931 1347 4001; x_wconf 84' lang='grc' dir='ltr'>τομοῖς</span> <span class='ocrx_word' id='word_1_257' title='bbox 1378 3924 1651 3995; x_wconf 79' lang='grc' dir='ltr'>ἀκοντίοις,</span> 
     </span>
     <span class='ocr_line' id='line_1_42' title="bbox 623 4010 1675 4094; baseline -0.001 -25"><span class='ocrx_word' id='word_1_258' title='bbox 623 4010 674 4069; x_wconf 82' lang='grc' dir='ltr'><strong>οἳ</strong></span> <span class='ocrx_word' id='word_1_259' title='bbox 693 4010 783 4069; x_wconf 83' lang='grc' dir='ltr'>καὶ</span> <span class='ocrx_word' id='word_1_260' title='bbox 807 4011 1201 4094; x_wconf 85' lang='grc' dir='ltr'>περισφίγγουσι</span> <span class='ocrx_word' id='word_1_261' title='bbox 1228 4012 1322 4083; x_wconf 85' lang='grc' dir='ltr'><strong>τὴν</strong></span> <span class='ocrx_word' id='word_1_262' title='bbox 1352 4012 1675 4091; x_wconf 68' lang='grc' dir='ltr'>προδοσκίδα</span> 
     </span>
     <span class='ocr_line' id='line_1_43' title="bbox 623 4099 1581 4179; baseline 0 -22"><span class='ocrx_word' id='word_1_263' title='bbox 623 4100 989 4177; x_wconf 83' lang='grc' dir='ltr'>κολουροειδῶς</span> <span class='ocrx_word' id='word_1_264' title='bbox 1016 4104 1069 4159; x_wconf 83' lang='grc' dir='ltr'><strong>ἐν</strong></span> <span class='ocrx_word' id='word_1_265' title='bbox 1099 4099 1243 4179; x_wconf 86' lang='grc' dir='ltr'>μέσῳ</span> <span class='ocrx_word' id='word_1_266' title='bbox 1268 4100 1581 4178; x_wconf 82' lang='grc' dir='ltr'>κεχυμένην·</span> 
     </span>
     <span class='ocr_line' id='line_1_44' title="bbox 626 4186 1774 4267; baseline 0 -21"><span class='ocrx_word' id='word_1_267' title='bbox 626 4186 820 4246; x_wconf 87' lang='grc' dir='ltr'>τούτων</span> <span class='ocrx_word' id='word_1_268' title='bbox 848 4188 907 4245; x_wconf 84' lang='grc' dir='ltr'><strong>τὸ</strong></span> <span class='ocrx_word' id='word_1_269' title='bbox 938 4188 1032 4264; x_wconf 86' lang='grc' dir='ltr'><strong>μὲν</strong></span> <span class='ocrx_word' id='word_1_270' title='bbox 1062 4188 1289 4259; x_wconf 88' lang='grc' dir='ltr'>δίδωσιν,</span> <span class='ocrx_word' id='word_1_271' title='bbox 1321 4193 1390 4254; x_wconf 85' lang='grc' dir='ltr'><strong>ὡς</strong></span> <span class='ocrx_word' id='word_1_272' title='bbox 1418 4188 1575 4264; x_wconf 86' lang='grc' dir='ltr'>τομὸν</span> <span class='ocrx_word' id='word_1_273' title='bbox 1606 4188 1741 4267; x_wconf 71' lang='grc' dir='ltr'>ξίφος</span> <span class='ocrx_word' id='word_1_274' title='bbox 1759 4237 1774 4263; x_wconf 83' lang='grc'><em>,</em></span> 
     </span>
     <span class='ocr_line' id='line_1_45' title="bbox 625 4274 1819 4356; baseline 0.001 -24"><span class='ocrx_word' id='word_1_275' title='bbox 625 4275 774 4332; x_wconf 82' lang='grc' dir='ltr'>ὠθεῖν</span> <span class='ocrx_word' id='word_1_276' title='bbox 798 4276 912 4332; x_wconf 86' lang='grc' dir='ltr'>κατ’</span> <span class='ocrx_word' id='word_1_277' title='bbox 937 4279 1133 4355; x_wconf 85' lang='grc' dir='ltr'>ἐχθρῶν</span> <span class='ocrx_word' id='word_1_278' title='bbox 1167 4280 1193 4333; x_wconf 84' lang='grc' dir='ltr'>ὁ</span> <span class='ocrx_word' id='word_1_279' title='bbox 1220 4274 1443 4354; x_wconf 73' lang='grc' dir='ltr'>βραὸεὺς</span> <span class='ocrx_word' id='word_1_280' title='bbox 1467 4279 1541 4356; x_wconf 77' lang='grc' dir='ltr'><strong>τῷ</strong></span> <span class='ocrx_word' id='word_1_281' title='bbox 1570 4275 1788 4356; x_wconf 70' lang='grc' dir='ltr'>γεννάδα</span> <span class='ocrx_word' id='word_1_282' title='bbox 1807 4300 1819 4311; x_wconf 91' lang='grc'><em>·</em></span> 
     </span>
    </p>

    <p class='ocr_par' dir='ltr' id='par_1_18' title="bbox 547 4362 1873 4793">
     <span class='ocr_line' id='line_1_46' title="bbox 547 4362 1753 4443; baseline -0.001 -21"><span class='ocrx_word' id='word_1_283' title='bbox 547 4386 599 4423; x_wconf 73' lang='grc'><strong>85</strong></span> <span class='ocrx_word' id='word_1_284' title='bbox 628 4364 685 4421; x_wconf 77' lang='grc' dir='ltr'><strong>τὸ</strong></span> <span class='ocrx_word' id='word_1_285' title='bbox 715 4362 771 4421; x_wconf 82' lang='grc' dir='ltr'>δὲ</span> <span class='ocrx_word' id='word_1_286' title='bbox 800 4365 1023 4442; x_wconf 79' lang='grc' dir='ltr'>σκαφεύς</span> <span class='ocrx_word' id='word_1_287' title='bbox 1046 4364 1121 4429; x_wconf 84' lang='grc' dir='ltr'><strong>τίς</strong></span> <span class='ocrx_word' id='word_1_288' title='bbox 1146 4368 1253 4421; x_wconf 80' lang='grc' dir='ltr'>ἐστι</span> <span class='ocrx_word' id='word_1_289' title='bbox 1282 4364 1368 4420; x_wconf 85' lang='grc' dir='ltr'><strong>τὸν</strong></span> <span class='ocrx_word' id='word_1_290' title='bbox 1398 4368 1528 4443; x_wconf 61' lang='grc' dir='ltr'>θῆρα</span> <span class='ocrx_word' id='word_1_291' title='bbox 1555 4362 1753 4443; x_wconf 78' lang='grc' dir='ltr'>τρέφων</span> 
     </span>
     <span class='ocr_line' id='line_1_47' title="bbox 626 4450 1873 4533; baseline 0.002 -23"><span class='ocrx_word' id='word_1_292' title='bbox 626 4450 717 4510; x_wconf 72' lang='grc' dir='ltr'>καὶ</span> <span class='ocrx_word' id='word_1_293' title='bbox 745 4452 1045 4533; x_wconf 76' lang='grc' dir='ltr'>ριζορύκτης</span> <span class='ocrx_word' id='word_1_294' title='bbox 1076 4452 1163 4509; x_wconf 80' lang='grc' dir='ltr'>καὶ</span> <span class='ocrx_word' id='word_1_295' title='bbox 1190 4452 1495 4529; x_wconf 76' lang='grc' dir='ltr'>σπαράκτης</span> <span class='ocrx_word' id='word_1_296' title='bbox 1523 4456 1625 4507; x_wconf 77' lang='grc' dir='ltr'><strong>τῶν</strong></span> <span class='ocrx_word' id='word_1_297' title='bbox 1648 4452 1873 4512; x_wconf 82' lang='grc' dir='ltr'>κλάδων.</span> 
     </span>
     <span class='ocr_line' id='line_1_48' title="bbox 627 4536 1803 4618; baseline -0.002 -20"><span class='ocrx_word' id='word_1_298' title='bbox 627 4538 787 4598; x_wconf 83' lang='grc' dir='ltr'>Εἴποι</span> <span class='ocrx_word' id='word_1_299' title='bbox 812 4562 889 4605; x_wconf 91' lang='grc' dir='ltr'><strong>τις</strong></span> <span class='ocrx_word' id='word_1_300' title='bbox 912 4536 973 4596; x_wconf 82' lang='grc' dir='ltr'><strong>ἂν</strong></span> <span class='ocrx_word' id='word_1_301' title='bbox 1000 4537 1264 4618; x_wconf 87' lang='grc' dir='ltr'>πόρρωθεν</span> <span class='ocrx_word' id='word_1_302' title='bbox 1295 4542 1367 4604; x_wconf 85' lang='grc' dir='ltr'><strong>εἰς</strong></span> <span class='ocrx_word' id='word_1_303' title='bbox 1394 4544 1559 4595; x_wconf 75' lang='grc' dir='ltr'>ταῦτα</span> <span class='ocrx_word' id='word_1_304' title='bbox 1597 4539 1803 4616; x_wconf 74' lang='grc' dir='ltr'>βλέπων</span> 
     </span>
     <span class='ocr_line' id='line_1_49' title="bbox 629 4624 1559 4704; baseline -0.002 -21"><span class='ocrx_word' id='word_1_305' title='bbox 629 4625 841 4691; x_wconf 81' lang='grc' dir='ltr'>ὀδόντας</span> <span class='ocrx_word' id='word_1_306' title='bbox 865 4624 991 4693; x_wconf 75' lang='grc' dir='ltr'>ὀξεῖς</span> <span class='ocrx_word' id='word_1_307' title='bbox 1017 4628 1251 4704; x_wconf 77' lang='grc' dir='ltr'>εὐτυχεῖν</span> <span class='ocrx_word' id='word_1_308' title='bbox 1275 4627 1333 4683; x_wconf 83' lang='grc' dir='ltr'><strong>τὸ</strong></span> <span class='ocrx_word' id='word_1_309' title='bbox 1364 4626 1559 4704; x_wconf 74' lang='grc' dir='ltr'>θηρίον,</span> 
     </span>
     <span class='ocr_line' id='line_1_50' title="bbox 629 4713 1668 4793; baseline 0 -22"><span class='ocrx_word' id='word_1_310' title='bbox 629 4715 1027 4789; x_wconf 78' lang='grc' dir='ltr'>καμπυλοειδεῖς</span> <span class='ocrx_word' id='word_1_311' title='bbox 1051 4713 1383 4793; x_wconf 68' lang='grc' dir='ltr'>ἀντικάμίψαν</span> <span class='ocrx_word' id='word_1_312' title='bbox 1407 4716 1429 4770; x_wconf 82' lang='grc' dir='ltr'>ε’</span> <span class='ocrx_word' id='word_1_313' title='bbox 1434 4713 1591 4771; x_wconf 86' lang='grc' dir='ltr'>κτάσε</span> <span class='ocrx_word' id='word_1_314' title='bbox 1602 4740 1609 4761; x_wconf 76' lang='lat'><em>¹</em></span> <span class='ocrx_word' id='word_1_315' title='bbox 1620 4738 1641 4779; x_wconf 80' lang='grc' dir='ltr'><strong>ς</strong></span> <span class='ocrx_word' id='word_1_316' title='bbox 1656 4738 1668 4749; x_wconf 94' lang='grc'><strong><em>·</em></strong></span> 
     </span>
    </p>

    <p class='ocr_par' dir='ltr' id='par_1_19' title="bbox 550 4800 1713 4883">
     <span class='ocr_line' id='line_1_51' title="bbox 550 4800 1713 4883; baseline -0.001 -21"><span class='ocrx_word' id='word_1_317' title='bbox 550 4822 605 4862; x_wconf 73' lang='lat'><strong>⁹⁰</strong></span> <span class='ocrx_word' id='word_1_318' title='bbox 630 4803 688 4859; x_wconf 83' lang='grc' dir='ltr'><strong>οὗ</strong></span> <span class='ocrx_word' id='word_1_319' title='bbox 710 4800 813 4880; x_wconf 69' lang='grc' dir='ltr'><strong>γὰρ</strong></span> <span class='ocrx_word' id='word_1_320' title='bbox 836 4800 951 4883; x_wconf 85' lang='grc' dir='ltr'>φύει</span> <span class='ocrx_word' id='word_1_321' title='bbox 972 4802 1255 4882; x_wconf 79' lang='grc' dir='ltr'>κρόταφος,</span> <span class='ocrx_word' id='word_1_322' title='bbox 1284 4800 1417 4858; x_wconf 79' lang='grc' dir='ltr'>ἀλλὰ</span> <span class='ocrx_word' id='word_1_323' title='bbox 1442 4802 1500 4858; x_wconf 84' lang='grc' dir='ltr'><strong>τὸ</strong></span> <span class='ocrx_word' id='word_1_324' title='bbox 1527 4802 1713 4877; x_wconf 81' lang='grc' dir='ltr'>στόμα.</span> 
     </span>
    </p>

    <p class='ocr_par' dir='ltr' id='par_1_20' title="bbox 632 4889 1880 5056">
     <span class='ocr_line' id='line_1_52' title="bbox 635 4889 1880 4967; baseline 0.001 -21"><span class='ocrx_word' id='word_1_325' title='bbox 635 4889 743 4947; x_wconf 68' lang='grc' dir='ltr'>Καὶ</span> <span class='ocrx_word' id='word_1_326' title='bbox 772 4894 947 4965; x_wconf 74' lang='grc' dir='ltr'>θαῦμα</span> <span class='ocrx_word' id='word_1_327' title='bbox 977 4890 1184 4962; x_wconf 83' lang='grc' dir='ltr'>καινὸν,</span> <span class='ocrx_word' id='word_1_328' title='bbox 1208 4894 1319 4955; x_wconf 79' lang='grc' dir='ltr'><strong>πῶς</strong></span> <span class='ocrx_word' id='word_1_329' title='bbox 1353 4889 1497 4955; x_wconf 76' lang='grc' dir='ltr'>ὀδοὺς</span> <span class='ocrx_word' id='word_1_330' title='bbox 1528 4890 1681 4967; x_wconf 81' lang='grc' dir='ltr'>κέρας</span> <span class='ocrx_word' id='word_1_331' title='bbox 1708 4890 1880 4965; x_wconf 73' lang='grc' dir='ltr'>μένει,</span> 
     </span>
     <span class='ocr_line' id='line_1_53' title="bbox 632 4976 1699 5056; baseline 0.005 -22"><span class='ocrx_word' id='word_1_332' title='bbox 632 4976 846 5055; x_wconf 82' lang='grc' dir='ltr'>κέρατος</span> <span class='ocrx_word' id='word_1_333' title='bbox 870 4979 965 5036; x_wconf 79' lang='grc' dir='ltr'><strong>οὐκ</strong></span> <span class='ocrx_word' id='word_1_334' title='bbox 988 4977 1189 5043; x_wconf 81' lang='grc' dir='ltr'>ὀδόντος</span> <span class='ocrx_word' id='word_1_335' title='bbox 1217 4980 1359 5043; x_wconf 85' lang='grc' dir='ltr'>ὄντος</span> <span class='ocrx_word' id='word_1_336' title='bbox 1388 4984 1477 5035; x_wconf 80' lang='grc' dir='ltr'><strong>τοῦ</strong></span> <span class='ocrx_word' id='word_1_337' title='bbox 1509 4978 1699 5056; x_wconf 62' lang='grc' dir='ltr'>ξίφους.</span> 
     </span>
    </p>

    <p class='ocr_par' dir='ltr' id='par_1_21' title="bbox 640 5062 1926 5232">
     <span class='ocr_line' id='line_1_54' title="bbox 714 5062 1926 5142; baseline 0.001 -19"><span class='ocrx_word' id='word_1_338' title='bbox 714 5062 911 5123; x_wconf 76' lang='grc' dir='ltr'>Σκόπει</span> <span class='ocrx_word' id='word_1_339' title='bbox 938 5062 993 5121; x_wconf 81' lang='grc' dir='ltr'>δὲ</span> <span class='ocrx_word' id='word_1_340' title='bbox 1021 5064 1111 5121; x_wconf 79' lang='grc' dir='ltr'>καὶ</span> <span class='ocrx_word' id='word_1_341' title='bbox 1139 5064 1199 5121; x_wconf 84' lang='grc' dir='ltr'><strong>τὸ</strong></span> <span class='ocrx_word' id='word_1_342' title='bbox 1221 5070 1405 5142; x_wconf 70' lang='grc' dir='ltr'>σχῆμα</span> <span class='ocrx_word' id='word_1_343' title='bbox 1444 5071 1535 5134; x_wconf 74' lang='grc' dir='ltr'><strong>τῆς</strong></span> <span class='ocrx_word' id='word_1_344' title='bbox 1564 5064 1926 5141; x_wconf 76' lang='grc' dir='ltr'>προδοσκίδος·</span> 
     </span>
     <span class='ocr_line' id='line_1_55' title="bbox 640 5150 1675 5232; baseline 0.003 -25"><span class='ocrx_word' id='word_1_345' title='bbox 640 5150 791 5213; x_wconf 76' lang='grc' dir='ltr'>αὐλός</span> <span class='ocrx_word' id='word_1_346' title='bbox 811 5150 886 5218; x_wconf 83' lang='grc' dir='ltr'><strong>τίς</strong></span> <span class='ocrx_word' id='word_1_347' title='bbox 911 5154 1052 5210; x_wconf 82' lang='grc' dir='ltr'>ἐστιν</span> <span class='ocrx_word' id='word_1_348' title='bbox 1074 5156 1131 5209; x_wconf 83' lang='grc' dir='ltr'><strong>ἐκ</strong></span> <span class='ocrx_word' id='word_1_349' title='bbox 1159 5155 1311 5232; x_wconf 82' lang='grc' dir='ltr'>δορᾶς</span> <span class='ocrx_word' id='word_1_350' title='bbox 1341 5154 1429 5209; x_wconf 79' lang='grc' dir='ltr'>καὶ</span> <span class='ocrx_word' id='word_1_351' title='bbox 1460 5155 1675 5231; x_wconf 84' lang='grc' dir='ltr'>σαρκίου</span> 
     </span>
    </p>
   </div>
   <div class='ocr_carea' id='block_1_3' title="bbox 2075 495 3739 606">
    <p class='ocr_par' dir='ltr' id='par_1_22' title="bbox 2075 495 3739 606">
     <span class='ocr_line' id='line_1_56' title="bbox 2075 495 3739 606; baseline 0 -60"><span class='ocrx_word' id='word_1_352' title='bbox 2075 509 2084 606; x_wconf 70' lang='lat'><strong>¹</strong></span> <span class='ocrx_word' id='word_1_353' title='bbox 2127 498 2261 546; x_wconf 80' lang='lat' dir='ltr'><strong>l‘ullo</strong></span> <span class='ocrx_word' id='word_1_354' title='bbox 2279 499 2510 558; x_wconf 79' lang='lat' dir='ltr'><strong>autem,si</strong></span> <span class='ocrx_word' id='word_1_355' title='bbox 2531 495 2606 545; x_wconf 78' lang='lat' dir='ltr'><strong>lac</strong></span> <span class='ocrx_word' id='word_1_356' title='bbox 2625 497 2730 547; x_wconf 82' lang='lat' dir='ltr'><strong>vult</strong></span> <span class='ocrx_word' id='word_1_357' title='bbox 2750 497 3037 558; x_wconf 70' lang='lat' dir='ltr'><strong>exprimere,</strong></span> <span class='ocrx_word' id='word_1_358' title='bbox 3058 510 3148 560; x_wconf 82' lang='lat' dir='ltr'><strong>pro</strong></span> <span class='ocrx_word' id='word_1_359' title='bbox 3166 495 3370 560; x_wconf 77' lang='lat' dir='ltr'><strong>siphone</strong></span> <span class='ocrx_word' id='word_1_360' title='bbox 3391 495 3443 548; x_wconf 86' lang='lat' dir='ltr'><strong>in</strong></span> <span class='ocrx_word' id='word_1_361' title='bbox 3459 498 3675 560; x_wconf 74' lang='lat' dir='ltr'><strong>promptu</strong></span> <span class='ocrx_word' id='word_1_362' title='bbox 3738 527 3739 576; x_wconf 82' lang='lat'><em>]</em></span> 
     </span>
    </p>
   </div>
   <div class='ocr_carea' id='block_1_4' title="bbox 2123 585 3739 3554">
    <p class='ocr_par' dir='ltr' id='par_1_23' title="bbox 2123 585 3739 3554">
     <span class='ocr_line' id='line_1_57' title="bbox 2123 585 2828 648; baseline -0.003 -14"><span class='ocrx_word' id='word_1_363' title='bbox 2123 591 2194 634; x_wconf 61' lang='grc' dir='ltr'>αι</span> <span class='ocrx_word' id='word_1_364' title='bbox 2208 623 2222 646; x_wconf 86' lang='lat'>,</span> <span class='ocrx_word' id='word_1_365' title='bbox 2243 599 2338 635; x_wconf 88' lang='lat' dir='ltr'><strong>non</strong></span> <span class='ocrx_word' id='word_1_366' title='bbox 2357 585 2628 648; x_wconf 74' lang='lat' dir='ltr'><strong>probosciS,</strong></span> <span class='ocrx_word' id='word_1_367' title='bbox 2647 585 2728 634; x_wconf 87' lang='lat' dir='ltr'><strong>sed</strong></span> <span class='ocrx_word' id='word_1_368' title='bbox 2749 599 2802 632; x_wconf 88' lang='lat' dir='ltr'><strong>os</strong></span> <span class='ocrx_word' id='word_1_369' title='bbox 2815 623 2828 646; x_wconf 90' lang='lat'><strong>,</strong></span> 
     </span>
     <span class='ocr_line' id='line_1_58' title="bbox 2125 674 2990 724; baseline 0 -2"><span class='ocrx_word' id='word_1_370' title='bbox 2125 687 2186 722; x_wconf 87' lang='lat' dir='ltr'><strong>ne</strong></span> <span class='ocrx_word' id='word_1_371' title='bbox 2208 674 2330 722; x_wconf 79' lang='lat' dir='ltr'><strong>sorte</strong></span> <span class='ocrx_word' id='word_1_372' title='bbox 2353 674 2490 724; x_wconf 84' lang='lat' dir='ltr'><strong>lactis</strong></span> <span class='ocrx_word' id='word_1_373' title='bbox 2515 674 2726 723; x_wconf 77' lang='lat' dir='ltr'><strong>calorem</strong></span> <span class='ocrx_word' id='word_1_374' title='bbox 2753 675 2990 722; x_wconf 90' lang='lat' dir='ltr'><strong>minueret</strong></span> 
     </span>
     <span class='ocr_line' id='line_1_59' title="bbox 2127 761 3197 824; baseline -0.001 -13"><span class='ocrx_word' id='word_1_375' title='bbox 2127 761 2323 823; x_wconf 83' lang='lat' dir='ltr'><strong>liquoris</strong></span> <span class='ocrx_word' id='word_1_376' title='bbox 2345 777 2430 824; x_wconf 89' lang='lat' dir='ltr'><strong>per</strong></span> <span class='ocrx_word' id='word_1_377' title='bbox 2447 761 2612 812; x_wconf 85' lang='lat' dir='ltr'><strong>tibiam</strong></span> <span class='ocrx_word' id='word_1_378' title='bbox 2633 761 2924 824; x_wconf 72' lang='lat' dir='ltr'>proboscidis</span> <span class='ocrx_word' id='word_1_379' title='bbox 2947 763 3197 824; x_wconf 75' lang='lat' dir='ltr'><strong>decursus,</strong></span> 
     </span>
     <span class='ocr_line' id='line_1_60' title="bbox 2127 849 3200 914; baseline -0.001 -15"><span class='ocrx_word' id='word_1_380' title='bbox 2127 854 2174 899; x_wconf 89' lang='lat' dir='ltr'><strong>et</strong></span> <span class='ocrx_word' id='word_1_381' title='bbox 2195 863 2255 898; x_wconf 90' lang='lat' dir='ltr'><strong>ne</strong></span> <span class='ocrx_word' id='word_1_382' title='bbox 2273 851 2442 900; x_wconf 83' lang='lat' dir='ltr'><strong>crebra</strong></span> <span class='ocrx_word' id='word_1_383' title='bbox 2465 850 2714 914; x_wconf 75' lang='lat' dir='ltr'><strong>respiratio</strong></span> <span class='ocrx_word' id='word_1_384' title='bbox 2738 851 2804 898; x_wconf 81' lang='lat' dir='ltr'><strong>ab</strong></span> <span class='ocrx_word' id='word_1_385' title='bbox 2829 849 2985 899; x_wconf 78' lang='lat' dir='ltr'><strong>ubere</strong></span> <span class='ocrx_word' id='word_1_386' title='bbox 3010 853 3200 899; x_wconf 84' lang='lat' dir='ltr'><strong>avertat</strong></span> 
     </span>
     <span class='ocr_line' id='line_1_61' title="bbox 2127 937 3278 1001; baseline 0.001 -16"><span class='ocrx_word' id='word_1_387' title='bbox 2127 937 2284 986; x_wconf 65' lang='lat' dir='ltr'><strong>avida}</strong></span> <span class='ocrx_word' id='word_1_388' title='bbox 2306 939 2408 987; x_wconf 84' lang='lat' dir='ltr'><strong>sitis</strong></span> <span class='ocrx_word' id='word_1_389' title='bbox 2431 939 2711 988; x_wconf 75' lang='lat' dir='ltr'><strong>necessitate</strong></span> <span class='ocrx_word' id='word_1_390' title='bbox 2728 937 3035 987; x_wconf 74' lang='lat' dir='ltr'><strong>anhelantem</strong></span> <span class='ocrx_word' id='word_1_391' title='bbox 3055 939 3244 1001; x_wconf 85' lang='lat' dir='ltr'><strong>pullum</strong></span> <span class='ocrx_word' id='word_1_392' title='bbox 3263 975 3278 998; x_wconf 90' lang='lat'><strong>,</strong></span> 
     </span>
     <span class='ocr_line' id='line_1_62' title="bbox 2127 1025 3739 1088; baseline -0.001 -14"><span class='ocrx_word' id='word_1_393' title='bbox 2127 1025 2322 1088; x_wconf 79' lang='lat' dir='ltr'><strong>spiritus</strong></span> <span class='ocrx_word' id='word_1_394' title='bbox 2348 1040 2431 1088; x_wconf 87' lang='lat' dir='ltr'><strong>per</strong></span> <span class='ocrx_word' id='word_1_395' title='bbox 2453 1041 2592 1076; x_wconf 85' lang='lat' dir='ltr'><strong>nares</strong></span> <span class='ocrx_word' id='word_1_396' title='bbox 2622 1027 2786 1076; x_wconf 84' lang='lat' dir='ltr'><strong>meatu</strong></span> <span class='ocrx_word' id='word_1_397' title='bbox 2810 1027 3071 1087; x_wconf 89' lang='lat' dir='ltr'><strong>obturato;</strong></span> <span class='ocrx_word' id='word_1_398' title='bbox 3738 1049 3739 1072; x_wconf 44' lang='grc' dir='ltr'>ι</span> 
     </span>
     <span class='ocr_line' id='line_1_63' title="bbox 2129 1095 3739 1176; baseline 0 -15"><span class='ocrx_word' id='word_1_399' title='bbox 2129 1114 2275 1162; x_wconf 84' lang='lat' dir='ltr'><strong>etiam</strong></span> <span class='ocrx_word' id='word_1_400' title='bbox 2297 1127 2358 1162; x_wconf 89' lang='lat' dir='ltr'><strong>ne</strong></span> <span class='ocrx_word' id='word_1_401' title='bbox 2375 1119 2474 1164; x_wconf 88' lang='lat' dir='ltr'><strong>tam</strong></span> <span class='ocrx_word' id='word_1_402' title='bbox 2494 1116 2635 1176; x_wconf 84' lang='lat' dir='ltr'><strong>longo</strong></span> <span class='ocrx_word' id='word_1_403' title='bbox 2656 1115 2911 1163; x_wconf 82' lang='lat' dir='ltr'><strong>intervallo</strong></span> <span class='ocrx_word' id='word_1_404' title='bbox 2935 1115 3060 1163; x_wconf 88' lang='lat' dir='ltr'><strong>intra</strong></span> <span class='ocrx_word' id='word_1_405' title='bbox 3079 1113 3412 1176; x_wconf 73' lang='lat' dir='ltr'><strong>proboscidem</strong></span> <span class='ocrx_word' id='word_1_406' title='bbox 3435 1113 3660 1162; x_wconf 66' lang='lat' dir='ltr'><strong>decursus</strong></span> <span class='ocrx_word' id='word_1_407' title='bbox 3738 1095 3739 1100; x_wconf 26' lang='lat'>¹</span> 
     </span>
     <span class='ocr_line' id='line_1_64' title="bbox 2129 1201 3212 1264; baseline 0.001 -15"><span class='ocrx_word' id='word_1_408' title='bbox 2129 1201 2274 1250; x_wconf 81' lang='lat' dir='ltr'><strong>nimis</strong></span> <span class='ocrx_word' id='word_1_409' title='bbox 2299 1202 2435 1250; x_wconf 86' lang='lat' dir='ltr'><strong>tarde</strong></span> <span class='ocrx_word' id='word_1_410' title='bbox 2455 1205 2503 1250; x_wconf 86' lang='lat' dir='ltr'><strong>et</strong></span> <span class='ocrx_word' id='word_1_411' title='bbox 2522 1201 2747 1264; x_wconf 81' lang='lat' dir='ltr'><strong>languide</strong></span> <span class='ocrx_word' id='word_1_412' title='bbox 2765 1203 3090 1262; x_wconf 71' lang='lat' dir='ltr'><strong>emulget-etur</strong></span> <span class='ocrx_word' id='word_1_413' title='bbox 3109 1202 3212 1261; x_wconf 86' lang='lat' dir='ltr'><strong>lac,</strong></span> 
     </span>
     <span class='ocr_line' id='line_1_65' title="bbox 2129 1290 3313 1352; baseline 0.001 -15"><span class='ocrx_word' id='word_1_414' title='bbox 2129 1290 2266 1338; x_wconf 81' lang='lat' dir='ltr'><strong>etsie</strong></span> <span class='ocrx_word' id='word_1_415' title='bbox 2285 1293 2547 1352; x_wconf 83' lang='lat' dir='ltr'><strong>reprimens</strong></span> <span class='ocrx_word' id='word_1_416' title='bbox 2565 1291 2845 1340; x_wconf 81' lang='lat' dir='ltr'><strong>aviditatem</strong></span> <span class='ocrx_word' id='word_1_417' title='bbox 2865 1293 2955 1339; x_wconf 84' lang='lat' dir='ltr'><strong>aut</strong></span> <span class='ocrx_word' id='word_1_418' title='bbox 2979 1291 3154 1340; x_wconf 79' lang='lat' dir='ltr'><strong>frustra</strong></span> <span class='ocrx_word' id='word_1_419' title='bbox 3177 1290 3313 1338; x_wconf 77' lang='lat' dir='ltr'><strong>hians</strong></span> 
     </span>
     <span class='ocr_line' id='line_1_66' title="bbox 2133 1377 3183 1438; baseline 0.004 -16"><span class='ocrx_word' id='word_1_420' title='bbox 2133 1377 2294 1438; x_wconf 82' lang='lat' dir='ltr'><strong>pullus</strong></span> <span class='ocrx_word' id='word_1_421' title='bbox 2315 1379 2477 1427; x_wconf 79' lang='lat' dir='ltr'><strong>statim</strong></span> <span class='ocrx_word' id='word_1_422' title='bbox 2501 1379 2563 1426; x_wconf 88' lang='lat' dir='ltr'><strong>ab</strong></span> <span class='ocrx_word' id='word_1_423' title='bbox 2581 1378 2719 1427; x_wconf 88' lang='lat' dir='ltr'><strong>initio</strong></span> <span class='ocrx_word' id='word_1_424' title='bbox 2742 1380 2867 1426; x_wconf 82' lang='lat' dir='ltr'><strong>male</strong></span> <span class='ocrx_word' id='word_1_425' title='bbox 2889 1393 2940 1427; x_wconf 87' lang='lat' dir='ltr'><strong>se</strong></span> <span class='ocrx_word' id='word_1_426' title='bbox 2968 1379 3183 1427; x_wconf 84' lang='lat' dir='ltr'><strong>haberet.</strong></span> 
     </span>
     <span class='ocr_line' id='line_1_67' title="bbox 2133 1465 3231 1528; baseline 0.002 -16"><span class='ocrx_word' id='word_1_427' title='bbox 2133 1467 2317 1513; x_wconf 84' lang='lat' dir='ltr'><strong>Verum</strong></span> <span class='ocrx_word' id='word_1_428' title='bbox 2341 1465 2584 1527; x_wconf 85' lang='lat' dir='ltr'><strong>proboscis</strong></span> <span class='ocrx_word' id='word_1_429' title='bbox 2605 1467 2690 1528; x_wconf 88' lang='lat' dir='ltr'><strong>ipsi</strong></span> <span class='ocrx_word' id='word_1_430' title='bbox 2711 1480 2799 1528; x_wconf 88' lang='lat' dir='ltr'><strong>pro</strong></span> <span class='ocrx_word' id='word_1_431' title='bbox 2821 1479 2966 1514; x_wconf 85' lang='lat' dir='ltr'><strong>manu</strong></span> <span class='ocrx_word' id='word_1_432' title='bbox 2987 1466 3104 1514; x_wconf 79' lang='lat' dir='ltr'><strong>data</strong></span> <span class='ocrx_word' id='word_1_433' title='bbox 3121 1469 3196 1514; x_wconf 87' lang='lat' dir='ltr'><strong>est</strong></span> <span class='ocrx_word' id='word_1_434' title='bbox 3219 1485 3231 1513; x_wconf 87' lang='lat'>:</span> 
     </span>
     <span class='ocr_line' id='line_1_68' title="bbox 2130 1552 3690 1614; baseline 0.001 -14"><span class='ocrx_word' id='word_1_435' title='bbox 2130 1555 2264 1614; x_wconf 85' lang='lat' dir='ltr'><strong>atqui</strong></span> <span class='ocrx_word' id='word_1_436' title='bbox 2283 1553 2516 1602; x_wconf 82' lang='lat' dir='ltr'><strong>infantum</strong></span> <span class='ocrx_word' id='word_1_437' title='bbox 2533 1568 2704 1603; x_wconf 81' lang='lat' dir='ltr'><strong>manus</strong></span> <span class='ocrx_word' id='word_1_438' title='bbox 2719 1569 2814 1602; x_wconf 91' lang='lat' dir='ltr'><strong>non</strong></span> <span class='ocrx_word' id='word_1_439' title='bbox 2829 1555 2993 1604; x_wconf 81' lang='lat' dir='ltr'><strong>statim</strong></span> <span class='ocrx_word' id='word_1_440' title='bbox 3010 1553 3234 1602; x_wconf 75' lang='lat' dir='ltr'><strong>movendi</strong></span> <span class='ocrx_word' id='word_1_441' title='bbox 3250 1567 3302 1602; x_wconf 80' lang='lat' dir='ltr'><strong>se</strong></span> <span class='ocrx_word' id='word_1_442' title='bbox 3319 1553 3606 1604; x_wconf 73' lang='lat' dir='ltr'><strong>facultatem</strong></span> <span class='ocrx_word' id='word_1_443' title='bbox 3618 1552 3690 1602; x_wconf 71' lang='lat' dir='ltr'><strong>lu-</strong></span> 
     </span>
     <span class='ocr_line' id='line_1_69' title="bbox 2131 1637 3692 1704; baseline 0.002 -17"><span class='ocrx_word' id='word_1_444' title='bbox 2131 1640 2193 1688; x_wconf 91' lang='lat' dir='ltr'><strong>ad</strong></span> <span class='ocrx_word' id='word_1_445' title='bbox 2213 1641 2550 1690; x_wconf 79' lang='lat' dir='ltr'><strong>alimentorum</strong></span> <span class='ocrx_word' id='word_1_446' title='bbox 2571 1637 2829 1691; x_wconf 74' lang='lat' dir='ltr'><strong>redeuntes</strong></span> <span class='ocrx_word' id='word_1_447' title='bbox 2848 1641 3329 1691; x_wconf 79' lang='lat' dir='ltr'><strong>subministrationes.</strong></span> <span class='ocrx_word' id='word_1_448' title='bbox 3603 1639 3692 1704; x_wconf 66' lang='lat' dir='ltr'><strong>[u</strong></span> 
     </span>
     <span class='ocr_line' id='line_1_70' title="bbox 2196 1728 3098 1793; baseline 0 -16"><span class='ocrx_word' id='word_1_449' title='bbox 2196 1728 2350 1790; x_wconf 77' lang='lat' dir='ltr'><strong>liujus</strong></span> <span class='ocrx_word' id='word_1_450' title='bbox 2367 1730 2544 1779; x_wconf 77' lang='lat' dir='ltr'><strong>belluae</strong></span> <span class='ocrx_word' id='word_1_451' title='bbox 2563 1733 2708 1793; x_wconf 81' lang='lat' dir='ltr'><strong>caput</strong></span> <span class='ocrx_word' id='word_1_452' title='bbox 2728 1733 2776 1779; x_wconf 83' lang='lat' dir='ltr'><strong>et</strong></span> <span class='ocrx_word' id='word_1_453' title='bbox 2801 1731 2932 1779; x_wconf 80' lang='lat' dir='ltr'><strong>frons</strong></span> <span class='ocrx_word' id='word_1_454' title='bbox 2949 1735 2996 1778; x_wconf 81' lang='lat' dir='ltr'><strong>et</strong></span> <span class='ocrx_word' id='word_1_455' title='bbox 3017 1731 3098 1792; x_wconf 84' lang='lat' dir='ltr'><strong>pili</strong></span> 
     </span>
     <span class='ocr_line' id='line_1_71' title="bbox 2133 1818 3154 1882; baseline 0.001 -17"><span class='ocrx_word' id='word_1_456' title='bbox 2133 1819 2180 1866; x_wconf 91' lang='lat' dir='ltr'><strong>et</strong></span> <span class='ocrx_word' id='word_1_457' title='bbox 2197 1819 2322 1866; x_wconf 90' lang='lat' dir='ltr'><strong>oculi</strong></span> <span class='ocrx_word' id='word_1_458' title='bbox 2341 1821 2391 1867; x_wconf 87' lang='lat' dir='ltr'><strong>et</strong></span> <span class='ocrx_word' id='word_1_459' title='bbox 2407 1831 2552 1868; x_wconf 86' lang='lat' dir='ltr'><strong>nasus</strong></span> <span class='ocrx_word' id='word_1_460' title='bbox 2565 1857 2576 1878; x_wconf 87' lang='lat'>‚</span> <span class='ocrx_word' id='word_1_461' title='bbox 2599 1821 2774 1882; x_wconf 80' lang='lat' dir='ltr'><strong>praeter</strong></span> <span class='ocrx_word' id='word_1_462' title='bbox 2794 1818 3121 1880; x_wconf 82' lang='lat' dir='ltr'><strong>proboscidem</strong></span> <span class='ocrx_word' id='word_1_463' title='bbox 3140 1853 3154 1875; x_wconf 86' lang='lat'><strong>,</strong></span> 
     </span>
     <span class='ocr_line' id='line_1_72' title="bbox 2132 1907 2925 1970; baseline 0.004 -17"><span class='ocrx_word' id='word_1_464' title='bbox 2132 1909 2179 1953; x_wconf 87' lang='lat' dir='ltr'><strong>et</strong></span> <span class='ocrx_word' id='word_1_465' title='bbox 2201 1907 2323 1954; x_wconf 76' lang='lat' dir='ltr'><strong>cutis</strong></span> <span class='ocrx_word' id='word_1_466' title='bbox 2341 1909 2390 1954; x_wconf 89' lang='lat' dir='ltr'><strong>et</strong></span> <span class='ocrx_word' id='word_1_467' title='bbox 2409 1907 2586 1956; x_wconf 88' lang='lat' dir='ltr'><strong>collum</strong></span> <span class='ocrx_word' id='word_1_468' title='bbox 2602 1945 2616 1965; x_wconf 85' lang='lat'>‚</span> <span class='ocrx_word' id='word_1_469' title='bbox 2643 1907 2758 1970; x_wconf 86' lang='lat' dir='ltr'><strong>quin</strong></span> <span class='ocrx_word' id='word_1_470' title='bbox 2777 1910 2826 1956; x_wconf 92' lang='lat' dir='ltr'><strong>et</strong></span> <span class='ocrx_word' id='word_1_471' title='bbox 2843 1921 2925 1966; x_wconf 74' lang='grc' dir='ltr'><strong>οε,</strong></span> 
     </span>
     <span class='ocr_line' id='line_1_73' title="bbox 2133 1992 3464 2056; baseline 0.003 -16"><span class='ocrx_word' id='word_1_472' title='bbox 2133 2007 2159 2040; x_wconf 88' lang='lat' dir='ltr'><strong>e</strong></span> <span class='ocrx_word' id='word_1_473' title='bbox 2180 1992 2440 2054; x_wconf 82' lang='lat' dir='ltr'><strong>longinquo</strong></span> <span class='ocrx_word' id='word_1_474' title='bbox 2459 1995 2666 2043; x_wconf 84' lang='lat' dir='ltr'><strong>intuenti</strong></span> <span class='ocrx_word' id='word_1_475' title='bbox 2689 2009 2886 2056; x_wconf 88' lang='lat' dir='ltr'><strong>prorsus</strong></span> <span class='ocrx_word' id='word_1_476' title='bbox 2904 1995 3004 2056; x_wconf 81' lang='lat' dir='ltr'><strong>apri</strong></span> <span class='ocrx_word' id='word_1_477' title='bbox 3027 1995 3280 2056; x_wconf 77' lang='lat' dir='ltr'><strong>imaginem</strong></span> <span class='ocrx_word' id='word_1_478' title='bbox 3299 1993 3430 2044; x_wconf 67' lang='lat' dir='ltr'><strong>sistit</strong></span> <span class='ocrx_word' id='word_1_479' title='bbox 3445 2033 3464 2051; x_wconf 87' lang='lat'><strong>.</strong></span> 
     </span>
     <span class='ocr_line' id='line_1_74' title="bbox 2133 2081 3266 2144; baseline 0.003 -16"><span class='ocrx_word' id='word_1_480' title='bbox 2133 2081 2327 2142; x_wconf 88' lang='lat' dir='ltr'><strong>quando</strong></span> <span class='ocrx_word' id='word_1_481' title='bbox 2345 2083 2383 2131; x_wconf 87' lang='lat' dir='ltr'><strong>is</strong></span> <span class='ocrx_word' id='word_1_482' title='bbox 2400 2118 2413 2141; x_wconf 89' lang='lat'>‚</span> <span class='ocrx_word' id='word_1_483' title='bbox 2433 2083 2766 2131; x_wconf 79' lang='lat' dir='ltr'><strong>excidentibus</strong></span> <span class='ocrx_word' id='word_1_484' title='bbox 2785 2089 2840 2132; x_wconf 89' lang='lat' dir='ltr'><strong>ut</strong></span> <span class='ocrx_word' id='word_1_485' title='bbox 2863 2084 2924 2130; x_wconf 84' lang='lat' dir='ltr'><strong>de</strong></span> <span class='ocrx_word' id='word_1_486' title='bbox 2943 2083 3114 2132; x_wconf 84' lang='lat' dir='ltr'><strong>morbo</strong></span> <span class='ocrx_word' id='word_1_487' title='bbox 3137 2083 3266 2144; x_wconf 84' lang='lat' dir='ltr'><strong>pilis,</strong></span> 
     </span>
     <span class='ocr_line' id='line_1_75' title="bbox 2133 2172 3313 2234; baseline 0.004 -18"><span class='ocrx_word' id='word_1_488' title='bbox 2133 2183 2245 2218; x_wconf 83' lang='lat' dir='ltr'><strong>eum</strong></span> <span class='ocrx_word' id='word_1_489' title='bbox 2265 2174 2376 2218; x_wconf 89' lang='lat' dir='ltr'><strong>cute</strong></span> <span class='ocrx_word' id='word_1_490' title='bbox 2397 2185 2567 2232; x_wconf 86' lang='lat' dir='ltr'><strong>rugosa</strong></span> <span class='ocrx_word' id='word_1_491' title='bbox 2592 2174 2818 2234; x_wconf 86' lang='lat' dir='ltr'><strong>appareat</strong></span> <span class='ocrx_word' id='word_1_492' title='bbox 2837 2175 3069 2234; x_wconf 81' lang='lat' dir='ltr'><strong>tanquam</strong></span> <span class='ocrx_word' id='word_1_493' title='bbox 3096 2172 3313 2230; x_wconf 77' lang='lat' dir='ltr'><strong>vetulus,</strong></span> 
     </span>
     <span class='ocr_line' id='line_1_76' title="bbox 2135 2259 2892 2321; baseline 0.004 -15"><span class='ocrx_word' id='word_1_494' title='bbox 2135 2259 2224 2306; x_wconf 88' lang='lat' dir='ltr'><strong>luti</strong></span> <span class='ocrx_word' id='word_1_495' title='bbox 2247 2261 2494 2321; x_wconf 79' lang='lat' dir='ltr'><strong>aspergine</strong></span> <span class='ocrx_word' id='word_1_496' title='bbox 2517 2261 2674 2309; x_wconf 81' lang='lat' dir='ltr'><strong>tenaci</strong></span> <span class='ocrx_word' id='word_1_497' title='bbox 2694 2261 2892 2310; x_wconf 83' lang='lat' dir='ltr'><strong>tinctus.</strong></span> 
     </span>
     <span class='ocr_line' id='line_1_77' title="bbox 2135 2346 3632 2414; baseline 0.003 -18"><span class='ocrx_word' id='word_1_498' title='bbox 2135 2348 2352 2408; x_wconf 77' lang='lat' dir='ltr'><strong>Siuciput</strong></span> <span class='ocrx_word' id='word_1_499' title='bbox 2370 2346 2565 2408; x_wconf 88' lang='lat' dir='ltr'><strong>quidem</strong></span> <span class='ocrx_word' id='word_1_500' title='bbox 2591 2350 2665 2397; x_wconf 89' lang='lat' dir='ltr'><strong>est</strong></span> <span class='ocrx_word' id='word_1_501' title='bbox 2683 2352 2896 2399; x_wconf 84' lang='lat' dir='ltr'><strong>setarum</strong></span> <span class='ocrx_word' id='word_1_502' title='bbox 2917 2351 2966 2398; x_wconf 88' lang='lat' dir='ltr'><strong>et</strong></span> <span class='ocrx_word' id='word_1_503' title='bbox 2985 2351 3191 2410; x_wconf 84' lang='lat' dir='ltr'><strong>pilorum</strong></span> <span class='ocrx_word' id='word_1_504' title='bbox 3211 2362 3408 2414; x_wconf 79' lang='lat' dir='ltr'><strong>prorsus</strong></span> <span class='ocrx_word' id='word_1_505' title='bbox 3427 2361 3632 2412; x_wconf 62' lang='lat' dir='ltr'><strong>enm,</strong></span> 
     </span>
     <span class='ocr_line' id='line_1_78' title="bbox 2137 2436 2928 2499; baseline 0.004 -16"><span class='ocrx_word' id='word_1_506' title='bbox 2137 2437 2204 2484; x_wconf 90' lang='lat' dir='ltr'><strong>uti</strong></span> <span class='ocrx_word' id='word_1_507' title='bbox 2225 2441 2272 2484; x_wconf 82' lang='lat' dir='ltr'><strong>et</strong></span> <span class='ocrx_word' id='word_1_508' title='bbox 2291 2436 2488 2484; x_wconf 89' lang='lat' dir='ltr'><strong>dorsum</strong></span> <span class='ocrx_word' id='word_1_509' title='bbox 2511 2450 2664 2499; x_wconf 88' lang='lat' dir='ltr'><strong>usque</strong></span> <span class='ocrx_word' id='word_1_510' title='bbox 2683 2436 2746 2485; x_wconf 90' lang='lat' dir='ltr'><strong>ad</strong></span> <span class='ocrx_word' id='word_1_511' title='bbox 2763 2439 2902 2486; x_wconf 74' lang='lat' dir='ltr'><strong>natea</strong></span> <span class='ocrx_word' id='word_1_512' title='bbox 2915 2473 2928 2498; x_wconf 86' lang='lat'><strong>,</strong></span> 
     </span>
     <span class='ocr_line' id='line_1_79' title="bbox 2197 2520 3205 2588; baseline 0.003 -16"><span class='ocrx_word' id='word_1_513' title='bbox 2197 2520 2224 2546; x_wconf 88' lang='lat'><strong>&#39;·</strong></span> <span class='ocrx_word' id='word_1_514' title='bbox 2245 2537 2326 2572; x_wconf 63' lang='lat' dir='ltr'><strong>“vn</strong></span> <span class='ocrx_word' id='word_1_515' title='bbox 2349 2526 2484 2586; x_wconf 80' lang='lat' dir='ltr'><strong>quasi</strong></span> <span class='ocrx_word' id='word_1_516' title='bbox 2510 2526 2690 2588; x_wconf 78' lang='lat' dir='ltr'><strong>forcipe</strong></span> <span class='ocrx_word' id='word_1_517' title='bbox 2709 2527 2812 2575; x_wconf 87' lang='lat' dir='ltr'><strong>sine</strong></span> <span class='ocrx_word' id='word_1_518' title='bbox 2832 2524 2962 2588; x_wconf 82' lang='lat' dir='ltr'><strong>ligno</strong></span> <span class='ocrx_word' id='word_1_519' title='bbox 2981 2527 3176 2576; x_wconf 82' lang='lat' dir='ltr'><strong>vulsum</strong></span> <span class='ocrx_word' id='word_1_520' title='bbox 3190 2564 3205 2588; x_wconf 86' lang='lat'>,</span> 
     </span>
     <span class='ocr_line' id='line_1_80' title="bbox 2299 2615 3238 2675; baseline 0.003 -15"><span class='ocrx_word' id='word_1_521' title='bbox 2299 2623 2450 2662; x_wconf 70' lang='lat' dir='ltr'><strong>uotam</strong></span> <span class='ocrx_word' id='word_1_522' title='bbox 2476 2627 2644 2662; x_wconf 69' lang='lat' dir='ltr'><strong>cernas</strong></span> <span class='ocrx_word' id='word_1_523' title='bbox 2661 2615 2890 2675; x_wconf 75' lang='lat' dir='ltr'><strong>figuram,</strong></span> <span class='ocrx_word' id='word_1_524' title='bbox 2911 2615 3210 2664; x_wconf 72' lang='lat' dir='ltr'><strong>turbinatam</strong></span> <span class='ocrx_word' id='word_1_525' title='bbox 3223 2650 3238 2674; x_wconf 85' lang='lat'>,</span> 
     </span>
     <span class='ocr_line' id='line_1_81' title="bbox 2137 2701 3298 2764; baseline 0.003 -16"><span class='ocrx_word' id='word_1_526' title='bbox 2137 2713 2194 2748; x_wconf 85' lang='lat' dir='ltr'><strong>ac</strong></span> <span class='ocrx_word' id='word_1_527' title='bbox 2209 2701 2501 2750; x_wconf 85' lang='lat' dir='ltr'><strong>emaciatum</strong></span> <span class='ocrx_word' id='word_1_528' title='bbox 2523 2702 2588 2750; x_wconf 86' lang='lat' dir='ltr'><strong>ita</strong></span> <span class='ocrx_word' id='word_1_529' title='bbox 2608 2706 2663 2751; x_wconf 88' lang='lat' dir='ltr'><strong>ut</strong></span> <span class='ocrx_word' id='word_1_530' title='bbox 2681 2702 2869 2750; x_wconf 85' lang='lat' dir='ltr'><strong>ossibus</strong></span> <span class='ocrx_word' id='word_1_531' title='bbox 2887 2703 3024 2764; x_wconf 85' lang='lat' dir='ltr'><strong>pellis</strong></span> <span class='ocrx_word' id='word_1_532' title='bbox 3041 2703 3298 2752; x_wconf 77' lang='lat' dir='ltr'><strong>adliaereat.</strong></span> 
     </span>
     <span class='ocr_line' id='line_1_82' title="bbox 2137 2792 3086 2852; baseline 0.002 -16"><span class='ocrx_word' id='word_1_533' title='bbox 2137 2792 2286 2836; x_wconf 71' lang='lat' dir='ltr'><strong>Aures</strong></span> <span class='ocrx_word' id='word_1_534' title='bbox 2306 2802 2422 2838; x_wconf 77' lang='lat' dir='ltr'><strong>vero</strong></span> <span class='ocrx_word' id='word_1_535' title='bbox 2440 2792 2556 2838; x_wconf 89' lang='lat' dir='ltr'><strong>sunt</strong></span> <span class='ocrx_word' id='word_1_536' title='bbox 2572 2793 2744 2838; x_wconf 84' lang='lat' dir='ltr'><strong>tenues</strong></span> <span class='ocrx_word' id='word_1_537' title='bbox 2764 2793 2812 2838; x_wconf 91' lang='lat' dir='ltr'><strong>et</strong></span> <span class='ocrx_word' id='word_1_538' title='bbox 2833 2803 3086 2852; x_wconf 75' lang='lat' dir='ltr'><strong>expansae‚</strong></span> 
     </span>
     <span class='ocr_line' id='line_1_83' title="bbox 2137 2877 3508 2940; baseline 0.002 -15"><span class='ocrx_word' id='word_1_539' title='bbox 2137 2878 2185 2926; x_wconf 88' lang='lat' dir='ltr'><strong>et</strong></span> <span class='ocrx_word' id='word_1_540' title='bbox 2207 2877 2366 2925; x_wconf 66' lang='lat' dir='ltr'><strong>loricae</strong></span> <span class='ocrx_word' id='word_1_541' title='bbox 2387 2879 2590 2939; x_wconf 83' lang='lat' dir='ltr'><strong>speciem</strong></span> <span class='ocrx_word' id='word_1_542' title='bbox 2611 2877 2904 2940; x_wconf 64' lang='lat' dir='ltr'><strong>impeffecte</strong></span> <span class='ocrx_word' id='word_1_543' title='bbox 2929 2878 3186 2928; x_wconf 81' lang='lat' dir='ltr'><strong>rotundam</strong></span> <span class='ocrx_word' id='word_1_544' title='bbox 3211 2879 3478 2929; x_wconf 68' lang='lat' dir='ltr'><strong>refoeentes</strong></span> <span class='ocrx_word' id='word_1_545' title='bbox 3493 2917 3508 2937; x_wconf 83' lang='lat'><strong>‚</strong></span> 
     </span>
     <span class='ocr_line' id='line_1_84' title="bbox 2138 2966 3534 3029; baseline 0.003 -16"><span class='ocrx_word' id='word_1_546' title='bbox 2138 2978 2362 3027; x_wconf 71' lang='lat' dir='ltr'><strong>expansae</strong></span> <span class='ocrx_word' id='word_1_547' title='bbox 2395 2968 2443 3015; x_wconf 86' lang='lat' dir='ltr'><strong>et</strong></span> <span class='ocrx_word' id='word_1_548' title='bbox 2477 2966 2656 3027; x_wconf 66' lang='lat' dir='ltr'><strong>patulae</strong></span> <span class='ocrx_word' id='word_1_549' title='bbox 2688 2967 2914 3015; x_wconf 84' lang='lat' dir='ltr'><strong>omnibus</strong></span> <span class='ocrx_word' id='word_1_550' title='bbox 2943 2968 3026 3029; x_wconf 87' lang='lat' dir='ltr'><strong>qui</strong></span> <span class='ocrx_word' id='word_1_551' title='bbox 3057 2967 3284 3029; x_wconf 79' lang='lat' dir='ltr'><strong>inspicere</strong></span> <span class='ocrx_word' id='word_1_552' title='bbox 3323 2968 3534 3027; x_wconf 65' lang='lat' dir='ltr'><strong>volunt;</strong></span> 
     </span>
     <span class='ocr_line' id='line_1_85' title="bbox 2140 3053 3016 3115; baseline 0.002 -15"><span class='ocrx_word' id='word_1_553' title='bbox 2140 3053 2410 3114; x_wconf 75' lang='lat' dir='ltr'><strong>habentque</strong></span> <span class='ocrx_word' id='word_1_554' title='bbox 2433 3053 2786 3115; x_wconf 76' lang='lat' dir='ltr'><strong>cartilaginosas</strong></span> <span class='ocrx_word' id='word_1_555' title='bbox 2805 3054 2988 3103; x_wconf 76' lang='lat' dir='ltr'><strong>radices</strong></span> <span class='ocrx_word' id='word_1_556' title='bbox 3001 3093 3016 3111; x_wconf 82' lang='grc'>,</span> 
     </span>
     <span class='ocr_line' id='line_1_86' title="bbox 2139 3142 3170 3203; baseline 0 -14"><span class='ocrx_word' id='word_1_557' title='bbox 2139 3144 2188 3189; x_wconf 89' lang='lat' dir='ltr'><strong>et</strong></span> <span class='ocrx_word' id='word_1_558' title='bbox 2207 3144 2401 3203; x_wconf 77' lang='lat' dir='ltr'><strong>possunt</strong></span> <span class='ocrx_word' id='word_1_559' title='bbox 2419 3142 2635 3190; x_wconf 81' lang='lat' dir='ltr'><strong>contrahi</strong></span> <span class='ocrx_word' id='word_1_560' title='bbox 2661 3146 2709 3191; x_wconf 82' lang='lat' dir='ltr'><strong>et</strong></span> <span class='ocrx_word' id='word_1_561' title='bbox 2729 3144 2894 3190; x_wconf 86' lang='lat' dir='ltr'><strong>contra</strong></span> <span class='ocrx_word' id='word_1_562' title='bbox 2915 3143 3141 3191; x_wconf 74' lang='lat' dir='ltr'><strong>dilatari·</strong></span> <span class='ocrx_word' id='word_1_563' title='bbox 3153 3175 3170 3198; x_wconf 89' lang='lat'><em>‚</em></span> 
     </span>
     <span class='ocr_line' id='line_1_87' title="bbox 2139 3230 3226 3293; baseline 0.004 -18"><span class='ocrx_word' id='word_1_564' title='bbox 2139 3230 2286 3291; x_wconf 88' lang='lat' dir='ltr'><strong>atque</strong></span> <span class='ocrx_word' id='word_1_565' title='bbox 2302 3230 2362 3277; x_wconf 85' lang='lat' dir='ltr'><strong>ad</strong></span> <span class='ocrx_word' id='word_1_566' title='bbox 2387 3242 2596 3291; x_wconf 77' lang='lat' dir='ltr'><strong>pugnam</strong></span> <span class='ocrx_word' id='word_1_567' title='bbox 2621 3230 2856 3291; x_wconf 80' lang='lat' dir='ltr'><strong>spectanti</strong></span> <span class='ocrx_word' id='word_1_568' title='bbox 2875 3232 3049 3279; x_wconf 86' lang='lat' dir='ltr'><strong>acriter</strong></span> <span class='ocrx_word' id='word_1_569' title='bbox 3068 3230 3226 3293; x_wconf 81' lang='lat' dir='ltr'><strong>arrigi.</strong></span> 
     </span>
     <span class='ocr_line' id='line_1_88' title="bbox 2203 3316 3594 3378; baseline 0.001 -13"><span class='ocrx_word' id='word_1_570' title='bbox 2203 3318 2327 3365; x_wconf 84' lang='lat' dir='ltr'><strong>Num</strong></span> <span class='ocrx_word' id='word_1_571' title='bbox 2351 3331 2464 3365; x_wconf 83' lang='lat' dir='ltr'><strong>vero</strong></span> <span class='ocrx_word' id='word_1_572' title='bbox 2485 3318 2554 3365; x_wconf 81' lang='lat' dir='ltr'><strong>fas</strong></span> <span class='ocrx_word' id='word_1_573' title='bbox 2573 3319 2762 3377; x_wconf 83' lang='lat' dir='ltr'><strong>suisset,</strong></span> <span class='ocrx_word' id='word_1_574' title='bbox 2784 3319 3023 3378; x_wconf 84' lang='lat' dir='ltr'><strong>Auguste,</strong></span> <span class='ocrx_word' id='word_1_575' title='bbox 3048 3317 3200 3366; x_wconf 85' lang='lat' dir='ltr'><strong>solam</strong></span> <span class='ocrx_word' id='word_1_576' title='bbox 3223 3316 3348 3365; x_wconf 77' lang='lat' dir='ltr'><strong>lianc</strong></span> <span class='ocrx_word' id='word_1_577' title='bbox 3363 3319 3594 3367; x_wconf 87' lang='lat' dir='ltr'><strong>omnium</strong></span> 
     </span>
     <span class='ocr_line' id='line_1_89' title="bbox 2141 3404 3430 3466; baseline 0.001 -15"><span class='ocrx_word' id='word_1_578' title='bbox 2141 3404 2290 3452; x_wconf 77' lang='lat' dir='ltr'><strong>seram</strong></span> <span class='ocrx_word' id='word_1_579' title='bbox 2311 3404 2371 3451; x_wconf 87' lang='lat' dir='ltr'><strong>ad</strong></span> <span class='ocrx_word' id='word_1_580' title='bbox 2396 3404 2628 3465; x_wconf 87' lang='lat' dir='ltr'><strong>impetum</strong></span> <span class='ocrx_word' id='word_1_581' title='bbox 2651 3405 2924 3453; x_wconf 77' lang='lat' dir='ltr'><strong>faciendum</strong></span> <span class='ocrx_word' id='word_1_582' title='bbox 2943 3418 3138 3453; x_wconf 86' lang='lat' dir='ltr'><strong>manere</strong></span> <span class='ocrx_word' id='word_1_583' title='bbox 3161 3404 3394 3453; x_wconf 82' lang='lat' dir='ltr'><strong>inermem</strong></span> <span class='ocrx_word' id='word_1_584' title='bbox 3413 3439 3430 3466; x_wconf 86' lang='lat'>‚</span> 
     </span>
     <span class='ocr_line' id='line_1_90' title="bbox 2141 3491 3304 3554; baseline 0 -15"><span class='ocrx_word' id='word_1_585' title='bbox 2141 3491 2336 3552; x_wconf 84' lang='lat' dir='ltr'><strong>quando</strong></span> <span class='ocrx_word' id='word_1_586' title='bbox 2361 3495 2552 3553; x_wconf 81' lang='lat' dir='ltr'><strong>tempus</strong></span> <span class='ocrx_word' id='word_1_587' title='bbox 2579 3492 2628 3540; x_wconf 87' lang='lat' dir='ltr'><strong>in</strong></span> <span class='ocrx_word' id='word_1_588' title='bbox 2655 3492 2806 3540; x_wconf 81' lang='lat' dir='ltr'><strong>aciem</strong></span> <span class='ocrx_word' id='word_1_589' title='bbox 2837 3492 3056 3554; x_wconf 78' lang='lat' dir='ltr'><strong>progredi</strong></span> <span class='ocrx_word' id='word_1_590' title='bbox 3081 3495 3304 3553; x_wconf 82' lang='lat' dir='ltr'><strong>cogeret?</strong></span> 
     </span>
    </p>
   </div>
   <div class='ocr_carea' id='block_1_5' title="bbox 2142 3580 3739 5226">
    <p class='ocr_par' dir='ltr' id='par_1_24' title="bbox 2142 3580 3432 3642">
     <span class='ocr_line' id='line_1_91' title="bbox 2142 3580 3432 3642; baseline 0.002 -14"><span class='ocrx_word' id='word_1_591' title='bbox 2142 3583 2247 3628; x_wconf 81' lang='lat' dir='ltr'><strong>Non</strong></span> <span class='ocrx_word' id='word_1_592' title='bbox 2276 3583 2431 3641; x_wconf 83' lang='lat' dir='ltr'><strong>potest</strong></span> <span class='ocrx_word' id='word_1_593' title='bbox 2457 3580 2570 3628; x_wconf 88' lang='lat' dir='ltr'><strong>dici.</strong></span> <span class='ocrx_word' id='word_1_594' title='bbox 2599 3584 2818 3642; x_wconf 83' lang='lat' dir='ltr'><strong>Namque</strong></span> <span class='ocrx_word' id='word_1_595' title='bbox 2845 3584 3018 3629; x_wconf 85' lang='lat' dir='ltr'><strong>natura</strong></span> <span class='ocrx_word' id='word_1_596' title='bbox 3045 3580 3218 3629; x_wconf 76' lang='lat' dir='ltr'><strong>artifex</strong></span> <span class='ocrx_word' id='word_1_597' title='bbox 3245 3580 3432 3642; x_wconf 78' lang='lat' dir='ltr'><strong>oplima</strong></span> 
     </span>
    </p>

    <p class='ocr_par' dir='ltr' id='par_1_25' title="bbox 2143 3667 3108 3730">
     <span class='ocr_line' id='line_1_92' title="bbox 2143 3667 3108 3730; baseline -0.001 -14"><span class='ocrx_word' id='word_1_598' title='bbox 2143 3668 2267 3716; x_wconf 89' lang='lat' dir='ltr'><strong>leoni</strong></span> <span class='ocrx_word' id='word_1_599' title='bbox 2288 3668 2480 3730; x_wconf 89' lang='lat' dir='ltr'><strong>quidem</strong></span> <span class='ocrx_word' id='word_1_600' title='bbox 2500 3667 2658 3725; x_wconf 90' lang='lat' dir='ltr'><strong>dedit,</strong></span> <span class='ocrx_word' id='word_1_601' title='bbox 2681 3672 2735 3715; x_wconf 85' lang='lat' dir='ltr'><strong>nt</strong></span> <span class='ocrx_word' id='word_1_602' title='bbox 2757 3672 2804 3715; x_wconf 90' lang='lat' dir='ltr'><strong>et</strong></span> <span class='ocrx_word' id='word_1_603' title='bbox 2829 3669 3074 3729; x_wconf 71' lang='lat' dir='ltr'><strong>pantherae</strong></span> <span class='ocrx_word' id='word_1_604' title='bbox 3091 3702 3108 3727; x_wconf 82' lang='lat'><strong>,</strong></span> 
     </span>
    </p>

    <p class='ocr_par' dir='ltr' id='par_1_26' title="bbox 2146 3754 3241 3817">
     <span class='ocr_line' id='line_1_93' title="bbox 2146 3754 3241 3817; baseline 0.003 -16"><span class='ocrx_word' id='word_1_605' title='bbox 2146 3756 2377 3816; x_wconf 83' lang='lat' dir='ltr'><strong>unguium</strong></span> <span class='ocrx_word' id='word_1_606' title='bbox 2395 3754 2521 3803; x_wconf 81' lang='lat' dir='ltr'><strong>vires</strong></span> <span class='ocrx_word' id='word_1_607' title='bbox 2536 3754 2594 3802; x_wconf 86' lang='lat' dir='ltr'><strong>ad</strong></span> <span class='ocrx_word' id='word_1_608' title='bbox 2615 3754 2980 3817; x_wconf 85' lang='lat' dir='ltr'><strong>discerpendum</strong></span> <span class='ocrx_word' id='word_1_609' title='bbox 2997 3754 3241 3816; x_wconf 78' lang='lat' dir='ltr'><strong>efficaces3</strong></span> 
     </span>
    </p>

    <p class='ocr_par' dir='ltr' id='par_1_27' title="bbox 2143 3842 3400 3904">
     <span class='ocr_line' id='line_1_94' title="bbox 2143 3842 3400 3904; baseline 0.002 -15"><span class='ocrx_word' id='word_1_610' title='bbox 2143 3843 2257 3889; x_wconf 83' lang='lat' dir='ltr'><strong>huic</strong></span> <span class='ocrx_word' id='word_1_611' title='bbox 2277 3856 2392 3891; x_wconf 77' lang='lat' dir='ltr'><strong>vero</strong></span> <span class='ocrx_word' id='word_1_612' title='bbox 2411 3842 2638 3891; x_wconf 82' lang='lat' dir='ltr'><strong>maximae</strong></span> <span class='ocrx_word' id='word_1_613' title='bbox 2659 3842 2772 3891; x_wconf 80' lang='lat' dir='ltr'><strong>l&#39;erae</strong></span> <span class='ocrx_word' id='word_1_614' title='bbox 2792 3842 3026 3891; x_wconf 83' lang='lat' dir='ltr'><strong>mirabilia</strong></span> <span class='ocrx_word' id='word_1_615' title='bbox 3046 3843 3216 3892; x_wconf 86' lang='lat' dir='ltr'><strong>tribuit</strong></span> <span class='ocrx_word' id='word_1_616' title='bbox 3233 3856 3370 3893; x_wconf 87' lang='lat' dir='ltr'><strong>arma</strong></span> <span class='ocrx_word' id='word_1_617' title='bbox 3383 3881 3400 3904; x_wconf 83' lang='lat'><strong>‚</strong></span> 
     </span>
    </p>

    <p class='ocr_par' dir='ltr' id='par_1_28' title="bbox 2143 3930 3164 3993">
     <span class='ocr_line' id='line_1_95' title="bbox 2143 3930 3164 3993; baseline 0.002 -16"><span class='ocrx_word' id='word_1_618' title='bbox 2143 3932 2384 3992; x_wconf 83' lang='lat' dir='ltr'><strong>geminum</strong></span> <span class='ocrx_word' id='word_1_619' title='bbox 2405 3944 2557 3979; x_wconf 85' lang='lat' dir='ltr'><strong>cornu</strong></span> <span class='ocrx_word' id='word_1_620' title='bbox 2572 3966 2586 3990; x_wconf 90' lang='lat'><strong><em>‚</em></strong></span> <span class='ocrx_word' id='word_1_621' title='bbox 2606 3930 2742 3993; x_wconf 81' lang='lat' dir='ltr'><strong>quasi</strong></span> <span class='ocrx_word' id='word_1_622' title='bbox 2760 3930 2857 3979; x_wconf 90' lang='lat' dir='ltr'><strong>duo</strong></span> <span class='ocrx_word' id='word_1_623' title='bbox 2878 3934 3022 3979; x_wconf 91' lang='lat' dir='ltr'><strong>acuta</strong></span> <span class='ocrx_word' id='word_1_624' title='bbox 3041 3930 3164 3991; x_wconf 87' lang='lat' dir='ltr'><strong>tela,</strong></span> 
     </span>
    </p>

    <p class='ocr_par' dir='ltr' id='par_1_29' title="bbox 2144 4018 3324 4081">
     <span class='ocr_line' id='line_1_96' title="bbox 2144 4018 3324 4081; baseline 0.003 -15"><span class='ocrx_word' id='word_1_625' title='bbox 2144 4018 2227 4079; x_wconf 88' lang='lat' dir='ltr'><strong>qui</strong></span> <span class='ocrx_word' id='word_1_626' title='bbox 2247 4018 2420 4067; x_wconf 81' lang='lat' dir='ltr'><strong>dentes</strong></span> <span class='ocrx_word' id='word_1_627' title='bbox 2441 4018 2687 4081; x_wconf 86' lang='lat' dir='ltr'><strong>utrimque</strong></span> <span class='ocrx_word' id='word_1_628' title='bbox 2707 4021 2931 4068; x_wconf 75' lang='lat' dir='ltr'><strong>coercent</strong></span> <span class='ocrx_word' id='word_1_629' title='bbox 2953 4019 3289 4081; x_wconf 81' lang='lat' dir='ltr'><strong>proboscidem</strong></span> <span class='ocrx_word' id='word_1_630' title='bbox 3311 4059 3324 4081; x_wconf 86' lang='lat'>,</span> 
     </span>
    </p>

    <p class='ocr_par' dir='ltr' id='par_1_30' title="bbox 2143 4105 3207 4169">
     <span class='ocr_line' id='line_1_97' title="bbox 2143 4105 3207 4169; baseline 0.004 -15"><span class='ocrx_word' id='word_1_631' title='bbox 2143 4105 2267 4154; x_wconf 88' lang='lat' dir='ltr'><strong>inter</strong></span> <span class='ocrx_word' id='word_1_632' title='bbox 2287 4120 2344 4155; x_wconf 86' lang='lat' dir='ltr'><strong>ea</strong></span> <span class='ocrx_word' id='word_1_633' title='bbox 2365 4107 2570 4155; x_wconf 85' lang='lat' dir='ltr'><strong>mediam</strong></span> <span class='ocrx_word' id='word_1_634' title='bbox 2589 4106 2878 4157; x_wconf 87' lang='lat' dir='ltr'><strong>decussatim</strong></span> <span class='ocrx_word' id='word_1_635' title='bbox 2899 4110 3173 4169; x_wconf 85' lang='lat' dir='ltr'><strong>protentam</strong></span> <span class='ocrx_word' id='word_1_636' title='bbox 3194 4128 3207 4158; x_wconf 76' lang='lat' dir='ltr'><strong><em>z</em></strong></span> 
     </span>
    </p>

    <p class='ocr_par' dir='ltr' id='par_1_31' title="bbox 2146 4195 3374 4257">
     <span class='ocr_line' id='line_1_98' title="bbox 2146 4195 3374 4257; baseline 0.003 -16"><span class='ocrx_word' id='word_1_637' title='bbox 2146 4195 2316 4243; x_wconf 81' lang='lat' dir='ltr'><strong>horum</strong></span> <span class='ocrx_word' id='word_1_638' title='bbox 2339 4195 2543 4243; x_wconf 84' lang='lat' dir='ltr'><strong>alterum</strong></span> <span class='ocrx_word' id='word_1_639' title='bbox 2558 4232 2573 4257; x_wconf 91' lang='lat'>,</span> <span class='ocrx_word' id='word_1_640' title='bbox 2593 4196 2741 4244; x_wconf 82' lang='lat' dir='ltr'><strong>veluti</strong></span> <span class='ocrx_word' id='word_1_641' title='bbox 2761 4198 2960 4244; x_wconf 87' lang='lat' dir='ltr'><strong>acutum</strong></span> <span class='ocrx_word' id='word_1_642' title='bbox 2979 4196 3190 4257; x_wconf 83' lang='lat' dir='ltr'><strong>gladium</strong></span> <span class='ocrx_word' id='word_1_643' title='bbox 3205 4234 3220 4254; x_wconf 87' lang='lat'><strong>,</strong></span> <span class='ocrx_word' id='word_1_644' title='bbox 3239 4196 3374 4245; x_wconf 88' lang='lat' dir='ltr'><strong>dedit</strong></span> 
     </span>
    </p>

    <p class='ocr_par' dir='ltr' id='par_1_32' title="bbox 2145 4282 3739 4353">
     <span class='ocr_line' id='line_1_99' title="bbox 2145 4282 3656 4345; baseline 0.004 -16"><span class='ocrx_word' id='word_1_645' title='bbox 2145 4282 2253 4329; x_wconf 73' lang='lat' dir='ltr'><strong>forti</strong></span> <span class='ocrx_word' id='word_1_646' title='bbox 2279 4283 2449 4331; x_wconf 75' lang='lat' dir='ltr'><strong>belluae</strong></span> <span class='ocrx_word' id='word_1_647' title='bbox 2473 4283 2520 4332; x_wconf 90' lang='lat' dir='ltr'><strong>in</strong></span> <span class='ocrx_word' id='word_1_648' title='bbox 2545 4282 2705 4332; x_wconf 82' lang='lat' dir='ltr'><strong>hostes</strong></span> <span class='ocrx_word' id='word_1_649' title='bbox 2725 4284 2880 4332; x_wconf 83' lang='lat' dir='ltr'><strong>valide</strong></span> <span class='ocrx_word' id='word_1_650' title='bbox 2901 4283 3276 4345; x_wconf 82' lang='lat' dir='ltr'><strong>imprimendum</strong></span> <span class='ocrx_word' id='word_1_651' title='bbox 3297 4288 3434 4335; x_wconf 80' lang='lat' dir='ltr'><strong>Deus</strong></span> <span class='ocrx_word' id='word_1_652' title='bbox 3451 4288 3630 4335; x_wconf 75' lang='lat' dir='ltr'><strong>arbiter</strong></span> <span class='ocrx_word' id='word_1_653' title='bbox 3645 4322 3656 4343; x_wconf 87' lang='lat'>‚</span> 
     </span>
    </p>

    <p class='ocr_par' dir='ltr' id='par_1_33' title="bbox 2144 4371 3694 4433">
     <span class='ocr_line' id='line_1_100' title="bbox 2144 4371 3694 4433; baseline 0.005 -18"><span class='ocrx_word' id='word_1_654' title='bbox 2144 4371 2348 4419; x_wconf 85' lang='lat' dir='ltr'><strong>alterum</strong></span> <span class='ocrx_word' id='word_1_655' title='bbox 2369 4384 2532 4420; x_wconf 77' lang='lat' dir='ltr'><strong>cornu</strong></span> <span class='ocrx_word' id='word_1_656' title='bbox 2555 4375 2628 4421; x_wconf 86' lang='lat' dir='ltr'><strong>est</strong></span> <span class='ocrx_word' id='word_1_657' title='bbox 2639 4371 2776 4433; x_wconf 86' lang='lat' dir='ltr'><strong>quasi</strong></span> <span class='ocrx_word' id='word_1_658' title='bbox 2797 4371 3044 4420; x_wconf 84' lang='lat' dir='ltr'><strong>rastellum</strong></span> <span class='ocrx_word' id='word_1_659' title='bbox 3059 4371 3122 4420; x_wconf 82' lang='lat' dir='ltr'><strong>ad</strong></span> <span class='ocrx_word' id='word_1_660' title='bbox 3140 4371 3457 4422; x_wconf 86' lang='lat' dir='ltr'><strong>nutriendam</strong></span> <span class='ocrx_word' id='word_1_661' title='bbox 3475 4375 3694 4431; x_wconf 77' lang='lat' dir='ltr'><strong>bellnam.</strong></span> 
     </span>
    </p>

    <p class='ocr_par' dir='ltr' id='par_1_34' title="bbox 2145 4458 3321 4509">
     <span class='ocr_line' id='line_1_101' title="bbox 2145 4458 3321 4509; baseline 0 -2"><span class='ocrx_word' id='word_1_662' title='bbox 2145 4462 2194 4507; x_wconf 88' lang='lat' dir='ltr'><strong>et</strong></span> <span class='ocrx_word' id='word_1_663' title='bbox 2216 4460 2414 4507; x_wconf 75' lang='lat' dir='ltr'><strong>effossor</strong></span> <span class='ocrx_word' id='word_1_664' title='bbox 2437 4458 2655 4509; x_wconf 87' lang='lat' dir='ltr'><strong>radicum</strong></span> <span class='ocrx_word' id='word_1_665' title='bbox 2680 4462 2730 4508; x_wconf 88' lang='lat' dir='ltr'><strong>et</strong></span> <span class='ocrx_word' id='word_1_666' title='bbox 2756 4473 3002 4508; x_wconf 88' lang='lat' dir='ltr'><strong>ramorum</strong></span> <span class='ocrx_word' id='word_1_667' title='bbox 3029 4459 3321 4509; x_wconf 60' lang='lat' dir='ltr'><strong>detructor.</strong></span> 
     </span>
    </p>

    <p class='ocr_par' dir='ltr' id='par_1_35' title="bbox 2145 4547 3310 4611">
     <span class='ocr_line' id='line_1_102' title="bbox 2145 4547 3310 4611; baseline 0.002 -16"><span class='ocrx_word' id='word_1_668' title='bbox 2145 4547 2326 4605; x_wconf 83' lang='lat' dir='ltr'><strong>Quodsi</strong></span> <span class='ocrx_word' id='word_1_669' title='bbox 2345 4548 2511 4609; x_wconf 87' lang='lat' dir='ltr'><strong>procul</strong></span> <span class='ocrx_word' id='word_1_670' title='bbox 2537 4548 2648 4611; x_wconf 84' lang='lat' dir='ltr'><strong>quis</strong></span> <span class='ocrx_word' id='word_1_671' title='bbox 2668 4551 2850 4610; x_wconf 86' lang='lat' dir='ltr'><strong>spectet</strong></span> <span class='ocrx_word' id='word_1_672' title='bbox 2873 4562 2930 4597; x_wconf 84' lang='lat' dir='ltr'><strong>ea</strong></span> <span class='ocrx_word' id='word_1_673' title='bbox 2952 4562 3158 4609; x_wconf 84' lang='lat' dir='ltr'><strong>cornua,</strong></span> <span class='ocrx_word' id='word_1_674' title='bbox 3179 4547 3310 4597; x_wconf 84' lang='lat' dir='ltr'><strong>dicat</strong></span> 
     </span>
    </p>

    <p class='ocr_par' dir='ltr' id='par_1_36' title="bbox 2149 4635 3195 4698">
     <span class='ocr_line' id='line_1_103' title="bbox 2149 4635 3195 4698; baseline 0.003 -15"><span class='ocrx_word' id='word_1_675' title='bbox 2149 4637 2297 4684; x_wconf 81' lang='lat' dir='ltr'><strong>seram</strong></span> <span class='ocrx_word' id='word_1_676' title='bbox 2323 4635 2479 4684; x_wconf 84' lang='lat' dir='ltr'><strong>acutis</strong></span> <span class='ocrx_word' id='word_1_677' title='bbox 2497 4636 2722 4685; x_wconf 87' lang='lat' dir='ltr'><strong>dentibus</strong></span> <span class='ocrx_word' id='word_1_678' title='bbox 2745 4637 3036 4685; x_wconf 81' lang='lat' dir='ltr'><strong>instructam</strong></span> <span class='ocrx_word' id='word_1_679' title='bbox 3060 4650 3164 4686; x_wconf 78' lang='lat' dir='ltr'><strong>esse</strong></span> <span class='ocrx_word' id='word_1_680' title='bbox 3181 4674 3195 4698; x_wconf 91' lang='lat'><em>,</em></span> 
     </span>
    </p>

    <p class='ocr_par' dir='ltr' id='par_1_37' title="bbox 2147 4724 3054 4774">
     <span class='ocr_line' id='line_1_104' title="bbox 2147 4724 3054 4774; baseline 0.002 -2"><span class='ocrx_word' id='word_1_681' title='bbox 2147 4725 2379 4773; x_wconf 85' lang='lat' dir='ltr'><strong>reduncas</strong></span> <span class='ocrx_word' id='word_1_682' title='bbox 2401 4724 2682 4773; x_wconf 86' lang='lat' dir='ltr'><strong>eminentias</strong></span> <span class='ocrx_word' id='word_1_683' title='bbox 2706 4730 3054 4774; x_wconf 80' lang='lat' dir='ltr'><strong>recurvantem.</strong></span> 
     </span>
    </p>

    <p class='ocr_par' dir='ltr' id='par_1_38' title="bbox 2147 4814 3389 4878">
     <span class='ocr_line' id='line_1_105' title="bbox 2147 4814 3389 4878; baseline 0.001 -16"><span class='ocrx_word' id='word_1_684' title='bbox 2147 4816 2364 4874; x_wconf 79' lang='lat' dir='ltr'><strong>Namque</strong></span> <span class='ocrx_word' id='word_1_685' title='bbox 2386 4826 2478 4861; x_wconf 91' lang='lat' dir='ltr'><strong>non</strong></span> <span class='ocrx_word' id='word_1_686' title='bbox 2507 4814 2554 4861; x_wconf 89' lang='lat' dir='ltr'><strong>in</strong></span> <span class='ocrx_word' id='word_1_687' title='bbox 2580 4814 2764 4869; x_wconf 81' lang='lat' dir='ltr'><strong>fronte,</strong></span> <span class='ocrx_word' id='word_1_688' title='bbox 2789 4814 2871 4861; x_wconf 76' lang='lat' dir='ltr'><strong>sed</strong></span> <span class='ocrx_word' id='word_1_689' title='bbox 2901 4828 2959 4862; x_wconf 74' lang='lat' dir='ltr'><strong>ex</strong></span> <span class='ocrx_word' id='word_1_690' title='bbox 2985 4828 3068 4862; x_wconf 88' lang='lat' dir='ltr'><strong>ore</strong></span> <span class='ocrx_word' id='word_1_691' title='bbox 3093 4818 3389 4878; x_wconf 77' lang='lat' dir='ltr'><strong>nascuntur3</strong></span> 
     </span>
    </p>

    <p class='ocr_par' dir='ltr' id='par_1_39' title="bbox 2149 4901 3739 4963">
     <span class='ocr_line' id='line_1_106' title="bbox 2149 4901 3739 4963; baseline 0.005 -16"><span class='ocrx_word' id='word_1_692' title='bbox 2149 4901 2295 4961; x_wconf 87' lang='lat' dir='ltr'><strong>idque</strong></span> <span class='ocrx_word' id='word_1_693' title='bbox 2311 4914 2494 4949; x_wconf 83' lang='lat' dir='ltr'><strong>novum</strong></span> <span class='ocrx_word' id='word_1_694' title='bbox 2512 4901 2800 4949; x_wconf 72' lang='lat' dir='ltr'><strong>miraculum</strong></span> <span class='ocrx_word' id='word_1_695' title='bbox 2816 4904 2913 4961; x_wconf 86' lang='lat' dir='ltr'><strong>est,</strong></span> <span class='ocrx_word' id='word_1_696' title='bbox 2934 4903 3176 4963; x_wconf 88' lang='lat' dir='ltr'><strong>quomodo</strong></span> <span class='ocrx_word' id='word_1_697' title='bbox 3191 4902 3310 4952; x_wconf 82' lang='lat' dir='ltr'><strong>dens</strong></span> <span class='ocrx_word' id='word_1_698' title='bbox 3329 4910 3532 4953; x_wconf 80' lang='lat' dir='ltr'><strong>maneat</strong></span> <span class='ocrx_word' id='word_1_699' title='bbox 3551 4912 3698 4957; x_wconf 67' lang='lat' dir='ltr'><strong>cornu.</strong></span> <span class='ocrx_word' id='word_1_700' title='bbox 3738 4944 3739 4963; x_wconf 32' lang='grc' dir='ltr'>γ</span> 
     </span>
    </p>

    <p class='ocr_par' dir='ltr' id='par_1_40' title="bbox 2146 4981 3160 5140">
     <span class='ocr_line' id='line_1_107' title="bbox 2146 4981 3160 5051; baseline 0.005 -17"><span class='ocrx_word' id='word_1_701' title='bbox 2146 5001 2298 5050; x_wconf 87' lang='lat' dir='ltr'><strong>quum</strong></span> <span class='ocrx_word' id='word_1_702' title='bbox 2317 4981 2500 5049; x_wconf 78' lang='lat' dir='ltr'><strong>gladius</strong></span> <span class='ocrx_word' id='word_1_703' title='bbox 2519 4988 2600 5037; x_wconf 90' lang='lat' dir='ltr'><strong>ille</strong></span> <span class='ocrx_word' id='word_1_704' title='bbox 2623 4990 2685 5037; x_wconf 90' lang='lat' dir='ltr'><strong>sit</strong></span> <span class='ocrx_word' id='word_1_705' title='bbox 2707 5004 2856 5038; x_wconf 87' lang='lat' dir='ltr'><strong>cornu</strong></span> <span class='ocrx_word' id='word_1_706' title='bbox 2875 5026 2888 5051; x_wconf 86' lang='lat'>,</span> <span class='ocrx_word' id='word_1_707' title='bbox 2911 5004 3006 5038; x_wconf 84' lang='lat' dir='ltr'><strong>nou</strong></span> <span class='ocrx_word' id='word_1_708' title='bbox 3027 4992 3160 5039; x_wconf 80' lang='lat' dir='ltr'><strong>dens,</strong></span> 
     </span>
     <span class='ocr_line' id='line_1_108' title="bbox 2211 5079 3112 5140; baseline 0.003 -15"><span class='ocrx_word' id='word_1_709' title='bbox 2211 5079 2356 5125; x_wconf 86' lang='lat' dir='ltr'><strong>Porro</strong></span> <span class='ocrx_word' id='word_1_710' title='bbox 2379 5080 2540 5138; x_wconf 83' lang='lat' dir='ltr'><strong>specta</strong></span> <span class='ocrx_word' id='word_1_711' title='bbox 2565 5079 2766 5127; x_wconf 81' lang='lat' dir='ltr'><strong>sormam</strong></span> <span class='ocrx_word' id='word_1_712' title='bbox 2787 5079 3112 5140; x_wconf 81' lang='lat' dir='ltr'><strong>proboscidis:</strong></span> 
     </span>
    </p>

    <p class='ocr_par' dir='ltr' id='par_1_41' title="bbox 2147 5163 2902 5226">
     <span class='ocr_line' id='line_1_109' title="bbox 2147 5163 2902 5226; baseline 0.003 -13"><span class='ocrx_word' id='word_1_713' title='bbox 2147 5168 2220 5214; x_wconf 84' lang='lat' dir='ltr'><strong>est</strong></span> <span class='ocrx_word' id='word_1_714' title='bbox 2237 5176 2293 5213; x_wconf 88' lang='lat' dir='ltr'><strong>ea</strong></span> <span class='ocrx_word' id='word_1_715' title='bbox 2309 5163 2455 5212; x_wconf 90' lang='lat' dir='ltr'><strong>tubus</strong></span> <span class='ocrx_word' id='word_1_716' title='bbox 2474 5178 2532 5213; x_wconf 78' lang='lat' dir='ltr'><strong>ex</strong></span> <span class='ocrx_word' id='word_1_717' title='bbox 2555 5166 2670 5226; x_wconf 76' lang='lat' dir='ltr'><strong>pelle</strong></span> <span class='ocrx_word' id='word_1_718' title='bbox 2691 5168 2740 5215; x_wconf 88' lang='lat' dir='ltr'><strong>et</strong></span> <span class='ocrx_word' id='word_1_719' title='bbox 2759 5180 2902 5216; x_wconf 86' lang='lat' dir='ltr'><strong>carne</strong></span> 
     </span>
    </p>
   </div>
   <div class='ocr_carea' id='block_1_6' title="bbox 3735 19 3742 524">
    <p class='ocr_par' dir='ltr' id='par_1_42' title="bbox 3735 19 3742 524">
     <span class='ocr_line' id='line_1_110' title="bbox 3735 19 3742 524; baseline 0 0"><span class='ocrx_word' id='word_1_720' title='bbox 3735 19 3742 524; x_wconf 95' lang='lat' dir='ltr'><strong> </strong></span> 
     </span>
    </p>
   </div>
   <div class='ocr_carea' id='block_1_7' title="bbox 3723 1169 3755 3853">
    <p class='ocr_par' dir='ltr' id='par_1_43' title="bbox 3723 1169 3755 3853">
     <span class='ocr_line' id='line_1_111' title="bbox 3723 1169 3755 3853; baseline 0 0"><span class='ocrx_word' id='word_1_721' title='bbox 3723 1169 3755 3853; x_wconf 95' lang='lat' dir='ltr'><strong> </strong></span> 
     </span>
    </p>
   </div>
   <div class='ocr_carea' id='block_1_8' title="bbox 3729 4048 3748 5794">
    <p class='ocr_par' dir='ltr' id='par_1_44' title="bbox 3729 4048 3748 5794">
     <span class='ocr_line' id='line_1_112' title="bbox 3729 4048 3748 5794; baseline 0 0"><span class='ocrx_word' id='word_1_722' title='bbox 3729 4048 3748 5794; x_wconf 95' lang='lat' dir='ltr'><strong> </strong></span> 
     </span>
    </p>
   </div>
  </div>
 </body>
</html>
