3767 5825
386 396 501 439 Lxx

382 511 528 569 toris
549 511 872 590 suspicioni
894 510 1128 570 obviam
1149 513 1290 585 iret,
1317 512 1572 591 primum
1595 526 1853 571 extremo
1873 514 1939 571 li-

380 604 490 667 bro
507 614 695 683 primo
709 627 763 684 p.
794 616 860 676 14
879 628 970 685 sq.
991 607 1423 667 ardentissimas
1440 608 1632 667 fundit
1651 609 1720 667 ad
1743 628 1943 667 omnes

381 702 533 761 Deos
557 702 822 761 Planetas
851 723 1054 781 preces
1077 704 1163 761 sic
1199 716 1509 763 exeuntes:
1557 728 1582 755 α
1615 703 1940 763 Constanti·

1748 382 2229 443 EPIMETRUM.

1984 564 1990 633 Ι
2033 513 2229 572 nullus
2246 514 2432 593 possit
2444 515 2517 575 de
2535 518 2659 576 vita
2670 518 3047 597 Imperatoris
3066 524 3293 600 aliquid
3306 525 3571 597 invenire,

2030 620 2096 666 ut
2117 610 2596 686 persuasionibus
2623 615 2739 673 tuis
2763 617 3021 674 monitus
3042 619 3217 676 istum
3240 619 3487 677 fumrem
3510 636 3579 679 te·

2031 704 2313 763 meritatis
2332 747 2348 775 ,
2376 720 2637 765 correcto
2676 711 2885 767 mentis
2918 730 3145 785 errore,
3173 713 3445 791 deponat.
3484 716 3577 775 Sed

381 817 518 857 num
534 843 551 871 ,
575 800 888 856 maximum
917 800 1242 876 principem
1259 844 1274 870 ,
1294 811 1352 857 et
1373 798 1501 877 ejus
1524 799 1943 859 invictissimos
1984 835 1989 897 l
2036 817 2144 856 nec
2169 797 2399 857 deferre
2422 813 2477 858 te
2508 802 2647 860 volo
2669 846 2686 873 ,
2713 806 2763 861 si
2793 806 2929 882 quis
2958 807 3183 885 aliquid
3210 809 3363 867 male
3388 813 3577 887 quasi·

379 894 628 967 liberos,
670 895 939 953 dominos
967 907 1024 953 et
1061 894 1318 955 Caesares
1354 908 1583 955 nostros
1603 938 1623 972 ,
1659 915 1941 955 consensu
1984 904 1989 918 '
2030 892 2216 969 verit,
2255 913 2357 965 ne,
2408 915 2589 972 quum
2626 897 2729 955 ille
2764 897 2842 957 ob
2884 900 3119 960 illicitas
3166 903 3352 961 animi
3380 906 3579 983 cupidi-

379 1003 585 1048 vestrae
631 990 1050 1049 moderationis
1091 1004 1149 1049 et
1189 990 1298 1049 Dei
1336 991 1550 1049 summi
1591 988 1944 1069 obsequente

371 1084 600 1161 judicio
627 1098 1022 1164 perpetuaque
1047 1086 1133 1145 eis
1166 1086 1416 1164 imperia
1447 1086 1830 1159 decernente,
1869 1087 1947 1144 fa-

378 1179 489 1238 cite
515 1181 689 1239 etiam
719 1181 937 1239 nostris
961 1180 1210 1258 posteris
1237 1193 1294 1239 et
1321 1193 1688 1259 posterorum
1712 1194 1941 1240 nostro·

375 1294 504 1333 rum
518 1277 789 1354 posteris,
803 1276 1049 1334 infinitis
1063 1276 1388 1335 seculorum
1405 1275 1942 1335 continuationibus

375 1373 696 1451 imperare;
740 1386 806 1432 ut
843 1375 1003 1432 omni
1033 1374 1318 1431 malorum
1348 1373 1660 1432 acerbitate
1701 1374 1943 1453 depulsa

372 1466 690 1527 humanum
712 1488 896 1545 genus
925 1470 1137 1546 quietae
1166 1469 1456 1527 felicitatis
1485 1487 1726 1527 munera
1745 1488 1939 1527 conse-

372 1578 606 1642 quatur.
637 1591 662 1617 »
698 1565 874 1624 Putes
902 1566 1090 1623 nostri
1113 1565 1394 1643 temporis
1421 1564 1714 1623 hominem
1742 1565 1814 1622 de
1839 1584 1941 1643 pe-

373 1663 531 1721 culio
555 1683 661 1721 suo
685 1663 1005 1725 sollicitum
1025 1662 1242 1721 nostris
1263 1661 1498 1739 regibus
1540 1675 1738 1741 utpote
1761 1662 1936 1721 lucri-

371 1758 498 1817 ficae
515 1758 728 1836 quictis
757 1756 1050 1823 tutoribus
1071 1758 1310 1816 salutem
1350 1758 1606 1835 precari!
1639 1758 1752 1815 Sed
1780 1758 1932 1817 idem

371 1852 532 1926 lI,c.
567 1853 664 1926 33,
696 1873 758 1941 p.
796 1860 868 1923 44
889 1896 906 1924 ,
936 1852 1042 1911 ubi
1072 1853 1143 1910 de
1184 1854 1566 1909 mathematici
1606 1852 1940 1911 conditione

372 1949 517 2026 agit,
534 1950 797 2008 Lolliano
812 1969 918 2008 suo
935 1950 1056 2007 haec
1070 1950 1341 2033 praecipit
1360 1971 1374 2007 ε
1395 1976 1420 2001 1·
1444 1949 1599 2008 Cave
1618 1969 1690 2008 ne
1705 1952 1937 2027 quando

2031 1001 2175 1046 tates
2218 990 2453 1068 capitali
2502 992 2678 1051 fuerit
2708 996 2995 1053 sententia
3022 995 3400 1075 subjugatus,
3430 1006 3580 1061 morti

1984 1100 1989 1120 ⁴
2030 1083 2159 1160 ejus
2182 1102 2355 1142 causa
2378 1087 2671 1147 exstitisse
2697 1088 2977 1163 videaris,
3003 1092 3162 1169 quod
3181 1092 3436 1153 alienum
3460 1110 3537 1155 est
3554 1119 3581 1157 a

2031 1180 2340 1256 proposito
2374 1181 2709 1242 sacerdotis.
2754 1212 2776 1233 ··
2806 1182 2980 1245 Vides
3007 1186 3291 1266 abjectam
3318 1193 3465 1267 regii
3490 1214 3581 1252 no·

2030 1276 2209 1338 minis
2248 1281 2673 1353 adulationem,
2708 1300 2780 1339 eo
2810 1283 3169 1361 turpiorem,
3212 1290 3487 1365 quoniam
3522 1292 3579 1349 ad

2030 1374 2437 1435 scelestissima
2477 1394 2583 1435 sua
2625 1377 2925 1436 mendacia
2968 1380 3256 1457 religione
3298 1396 3469 1462 atque
3492 1387 3577 1445 Dei

2034 1468 2331 1547 majestate
2360 1470 2643 1544 abutitur,
2666 1471 2789 1549 jam
2817 1473 2937 1533 illis
2962 1476 3326 1555 temporibus
3354 1482 3579 1541 familia-

2030 1583 2151 1622 rem
2184 1566 2381 1625 fuisse.
2407 1564 2553 1625 Tam
2572 1584 2779 1625 verum
2802 1581 2922 1640 est,
2964 1570 3136 1644 nihil,
3162 1575 3323 1650 quod
3362 1597 3579 1655 prorsus

2034 1677 2247 1717 novum
2279 1661 2356 1719 sit
2372 1673 2430 1719 et
2444 1660 2797 1738 inauditum,
2817 1664 3003 1723 radiis
3016 1665 3351 1729 collustrari
3373 1670 3577 1743 Ἠελίου,

2033 1751 2086 1821 ὃς
2101 1754 2252 1813 πάντ’
2274 1756 2437 1837 ἐφορᾷ
2464 1756 2555 1815 καὶ
2582 1757 2736 1815 πάντ’
2764 1760 3035 1821 ἐπακούει.

2108 1852 2409 1909 Corollarie‘
2436 1852 2568 1911 loco
2596 1862 2909 1929 nonaginta
2927 1870 3051 1915 octo
3073 1858 3411 1936 astrologici
3436 1881 3577 1938 argu-

2029 1949 2207 2006 menti
2234 1970 2427 2007 versus
2458 1950 2608 2009 addo
2626 1994 2644 2025 ,
2677 1972 2823 2029 quos
2852 1952 3060 2013 Iriarte
3098 1960 3240 2033 Reg.
3271 1962 3427 2016 Bibl.
3466 1963 3577 2016 Ma-

371 2046 445 2104 de
457 2044 1059 2125 statureipublicaevel
1078 2045 1150 2104 de
1165 2046 1286 2103 vita
1302 2045 1547 2103 Romani
1569 2046 1937 2123 imperatoris
1979 2105 1985 2153 Ι
2027 2050 2135 2099 trit.
2166 2050 2328 2106 codd.
2356 2050 2452 2105 Gr.
2482 2067 2544 2126 p.
2575 2051 2800 2116 aaa-46
2824 2069 2899 2107 ex
2916 2048 3075 2110 binis
3108 2052 3271 2111 foliis
3292 2055 3579 2114 chartaceis

370 2141 595 2219 aliquid
621 2142 1002 2216 interroganti
1025 2140 1375 2219 respondeas
1400 2162 1413 2198 :
1440 2161 1558 2199 non
1576 2141 1734 2199 enim
1756 2162 1931 2221 opor·

2026 2158 2201 2199 manu
2228 2142 2550 2200 recentiore
2580 2144 2862 2216 exaratis,
2891 2165 3021 2222 quae
3040 2147 3231 2207 codici
3252 2148 3485 2209 valu
3509 2166 3577 2228 ty-

372 2250 472 2311 tet,
494 2258 602 2296 nec
629 2237 785 2311 licet,
815 2248 882 2295 ut
907 2236 979 2295 de
999 2249 1152 2323 statu
1166 2235 1504 2314 reipublicae
1532 2236 1757 2315 aliquid
1780 2238 1935 2295 nesa—
1978 2202 1984 2346 ἶ
2027 2235 2123 2312 pis
2141 2254 2357 2295 excuso
2377 2237 2598 2295 inserta
2618 2250 2813 2311 erant,
2835 2239 3161 2318 descriptos
3179 2243 3363 2303 dedit.
3387 2245 3575 2303 Eorum

371 2334 461 2392 ria
487 2334 822 2393 curiositate
844 2331 1127 2391 dicamus.
1175 2331 1288 2389 Sed
1326 2344 1385 2389 et
1411 2332 1724 2391 sceleratus
1764 2345 1937 2411 atque
2026 2331 2269 2407 triginta
2284 2344 2401 2391 tres
2408 2332 2533 2411 jam
2554 2333 2871 2393 Salmasius
2890 2340 3213 2415 protulerat
3238 2362 3251 2397 z
3280 2362 3304 2397 ι
3334 2361 3423 2419 sq.
3438 2342 3581 2401 Exer-

369 2430 530 2488 omni
553 2430 1063 2488 animadversione
1089 2426 1302 2503 dignus
1329 2440 1444 2499 est,
1469 2427 1521 2485 si
1536 2428 1669 2505 quis
1687 2429 1935 2487 interro-

369 2538 536 2601 gatus
548 2525 620 2583 de
647 2526 763 2585 fato
790 2526 1010 2585 dixerit
1026 2525 1435 2604 Imperatoris;
1452 2526 1591 2603 quia
1619 2544 1724 2583 nec
1743 2525 1937 2584 dicere

367 2622 588 2700 poteris
614 2623 687 2680 de
713 2641 783 2680 eo
801 2622 1025 2700 aliquid
1047 2641 1152 2680 nec
1185 2622 1470 2679 invenire.
1494 2620 1659 2680 Scire
1677 2622 1838 2679 enim
1870 2635 1925 2679 te

369 2718 664 2787 convenit,
686 2717 842 2795 quod
861 2730 918 2775 et
937 2718 1234 2795 aruspices
1247 2761 1264 2793 ,
1291 2718 1748 2793 quotiescunque
1769 2736 1802 2774 a
1819 2718 1935 2795 pri-

365 2816 520 2873 vatis
542 2815 883 2891 interrogati
906 2814 980 2875 de
1008 2827 1160 2873 statu
1192 2812 1564 2892 Imperatoris
1598 2814 1844 2887 fuerint,
1876 2829 1932 2871 et

367 2911 650 2990 quaerenti
674 2911 1026 2991 respondere
1046 2910 1364 2982 voluerint,
1383 2922 1514 2968 exta
1533 2929 1785 2988 semper,
1805 2931 1933 2988 qua.-

365 3009 440 3066 ad
468 3007 579 3066 hoc
601 3009 818 3067 fuerint
839 3007 1155 3080 destinata,
1183 3026 1251 3065 ac
1277 3025 1560 3064 venarum
1584 3006 1820 3064 ordines
1842 3007 1930 3064 in-

365 3104 566 3163 voluta
581 3104 922 3162 confusione
939 3100 1307 3161 conturbent.
1331 3101 1444 3159 Sed
1465 3121 1570 3159 nec
1585 3101 1799 3178 aliquis
1815 3121 1931 3159 ma·

366 3197 705 3258 thematicus
726 3219 927 3282 verum
957 3196 1182 3276 aliquid
1201 3197 1274 3255 de
1295 3197 1407 3254 fato
1430 3195 1807 3274 Imperatoris
1834 3197 1934 3254 de-

367 3294 541 3353 finire
588 3295 781 3374 potuit
818 3316 831 3352 :
865 3294 1024 3353 solus
1069 3294 1227 3352 enim
1270 3290 1594 3371 Imperator
1637 3292 1930 3351 stellarum

365 3412 484 3451 non
507 3391 770 3470 subjacet
795 3391 1066 3450 cursibus
1089 3412 1106 3463 ;
1137 3402 1194 3448 et
1212 3390 1370 3449 solus
1395 3403 1512 3464 est,
1533 3390 1598 3448 in
1621 3389 1788 3467 cujus
1817 3391 1932 3448 fato

364 3488 544 3546 stellae
572 3487 922 3546 decernendi
961 3507 1080 3544 non
1100 3485 1347 3543 habeant
1364 3497 1718 3563 potestatem.
1738 3486 1929 3554 Quum

363 3588 522 3643 enim
552 3585 630 3645 sit
665 3586 844 3643 totius
888 3582 1052 3642 orbis
1093 3583 1364 3640 dominus
1380 3625 1397 3654 ,
1447 3583 1619 3640 fatum
1661 3585 1786 3656 ejus
1801 3567 1931 3641 ‘Dei

364 3682 575 3740 summi
611 3679 842 3758 judicio
875 3678 1262 3756 gubernatur-3
1295 3690 1351 3734 et
1381 3678 1522 3753 quia
1562 3677 1738 3736 totius
1765 3678 1931 3736 orbis

263 3791 268 3797 ·
365 3791 654 3836 terrenum
682 3776 930 3854 spatium
957 3773 1330 3852 Imperatoris
1355 3768 1616 3848 subjacet
1635 3776 1930 3850 potestati-

361 3871 494 3946 bus,
517 3875 690 3931 etiam
716 3873 927 3950 ipsein
950 3891 1151 3929 eorum
1179 3869 1418 3927 deorum
1440 3870 1927 3927 numero'consti-

363 3983 520 4030 tutus
543 3982 659 4043 est,
683 3989 854 4048 quem
871 3968 945 4026 ad
965 3967 1226 4026 facienda
1244 3980 1301 4025 et
1323 3967 1716 4025 conservanda
1735 3968 1931 4026 omnia

363 4065 642 4124 divinitas
657 4064 854 4123 statuit
867 4063 1227 4142 principalis.
1241 4062 1373 4120 Haec
1392 4063 1540 4120 ratio
1555 4075 1613 4120 et
1634 4065 1929 4142 aruspices

347 4145 560 4219 ’turbat
585 4181 600 4218 ε
625 4158 1012 4238 quodcunque
1030 4159 1186 4216 enim
1203 4156 1276 4215 ab
1300 4158 1374 4216 iis
1399 4158 1729 4216 invocatum
1757 4159 1930 4222 fuerit

363 4257 702 4329 numinum,
747 4255 887 4332 quia
915 4253 1160 4311 minoris
1205 4266 1292 4310 est
1327 4255 1655 4330 potestatis,
1689 4253 1929 4331 majoris

361 4352 662 4430 potestatis
677 4395 693 4422 ,
734 4369 865 4429 quae
901 4363 988 4408 est
1026 4352 1090 4407 in
1134 4348 1514 4426 Imperatore,
1555 4369 1670 4406 non
1715 4351 1929 4427 poterit

361 4448 653 4526 explicare
680 4445 1080 4505 substantiam.
1107 4444 1218 4502 Cui
1243 4445 1396 4502 enim
1434 4445 1630 4501 omnia
1658 4445 1923 4520 ingenia,

361 4563 562 4603 omnes
608 4541 844 4600 ordines
859 4584 875 4612 ,
921 4558 1121 4598 omnes
1161 4539 1403 4609 diviteS,
1434 4559 1634 4596 omnes
1667 4539 1923 4611 nobiles,

361 4660 562 4699 omnes
585 4640 861 4711 bonores,
884 4656 1084 4696 omnes
1103 4638 1366 4696 serviunt
1386 4648 1714 4714 potestates,
1733 4637 1925 4695 divini

362 4736 622 4795 numinis
632 4749 688 4792 et
701 4734 1047 4793 immortalis
1057 4731 1294 4790 sortitus
1305 4728 1554 4790 licentiae
1568 4744 1925 4810 potestatem,

361 4834 424 4892 in
467 4831 896 4910 principalibus
937 4831 1194 4887 Deorum
1237 4826 1545 4885 ordinibus
1588 4826 1922 4885 collocatur.

361 4927 554 4998 Quare
579 4927 915 5004 quicunque
943 4924 1167 5003 aliquid
1184 4926 1257 4983 de
1275 4923 1631 5002 Imperatore
1655 4925 1927 5000 quaesive-

363 5025 442 5083 rit
461 5067 478 5099 ,
503 5023 644 5080 nolo
666 5033 730 5078 ut
752 5039 884 5079 eum
911 5021 1059 5079 truci
1075 5040 1140 5078 ac
1159 5041 1362 5079 severa
1385 5023 1764 5099 responsione
1788 5040 1927 5078 con-

2026 2426 2147 2483 citt.
2173 2427 2370 2485 Plinn.
2396 2425 2484 2504 11,
2515 2448 2577 2506 p.
2618 2449 2786 2501 1²27·
2808 2464 2885 2475 --
2908 2432 2942 2487 8
2964 2433 3128 2510 praef.
3157 2433 3231 2491 ad
3260 2436 3502 2495 Diatrib.
3524 2438 3579 2494 de

2024 2542 2159 2581 ann.
2198 2525 2511 2583 climacter.
2567 2528 2749 2584 22-25
2800 2526 2859 2587 Ε.
2905 2528 2995 2588 ΡΙ.
3044 2528 3104 2601 1,
3150 2532 3265 2589 652
3307 2546 3371 2591 et
3392 2536 3460 2591 A.
3504 2535 3577 2592 cl.

2023 2638 2085 2695 p.
2129 2620 2264 2695 289.
2298 2655 2367 2665 -
2411 2622 2477 2677 31
2530 2622 2756 2698 sq.-34.
2798 2622 2865 2682 E.
2918 2622 3010 2685 ΡΙ.
3052 2623 3142 2698 11,
3195 2647 3257 2706 p.
3304 2631 3475 2688 1235.
3516 2664 3579 2674 —

2026 2716 2207 2791 59-62
2238 2715 2395 2779 Ibid.
2420 2752 2495 2761 —
2526 2720 2613 2775 63·
2628 2739 2714 2797 sq.
2744 2721 2819 2776 66
2840 2738 2927 2797 sq.
2948 2722 3127 2799 69-71
3153 2726 3221 2781 A.
3254 2724 3347 2782 cl.
3375 2747 3433 2805 p.
3464 2748 3577 2803 ²9¹·

2023 2844 2100 2858 —
2144 2813 2215 2884 73
2254 2832 2340 2890 sq.
2370 2810 2523 2871 Ibid.
2558 2835 2616 2893 p.
2648 2833 2784 2890 292.
2824 2848 2903 2859 -
2940 2817 3016 2873 80
3044 2816 3113 2876 E.
3144 2818 3234 2879 Pl.
3276 2819 3339 2893 1,
3370 2842 3433 2901 p.
3462 2824 3575 2888 654.

2021 2942 2102 2953 —
2126 2910 2308 2986 87·94
2342 2909 2494 2969 Ibid.
2526 2931 2586 2990 p.
2622 2911 2763 2970 655.

2106 3009 2249 3078 Quae
2278 3029 2385 3084 ego
2430 3009 2495 3068 in
2529 3010 2623 3069 his
2652 3023 2866 3089 praeter
2896 3025 3163 3072 accentus
3194 3027 3253 3072 et
3291 3015 3577 3094 interpun-

2024 3103 2271 3161 ctionem
2285 3104 2621 3183 similesque
2631 3107 2909 3165 minutias
2927 3109 3260 3182 emendavi,
3276 3109 3405 3168 haec
3422 3125 3543 3169 sunt
3562 3133 3574 3168 :

2023 3204 2085 3259 2.
2116 3196 2348 3280 ἄῤῥαὸΐη
2380 3222 2411 3260 c
2440 3201 2521 3280 (i.
2548 3221 2600 3259 e.
2631 3203 2873 3280 codex).
2901 3237 2982 3248 —
3012 3208 3049 3264 6
3074 3205 3366 3283 παιρεὸίων
3396 3229 3444 3266 c.
3478 3210 3577 3267 lh-

2024 3299 2248 3376 ραοῧψαι
2275 3298 2400 3356 sive
2420 3296 2722 3378 Παραύαιοι
2738 3343 2755 3372 ,
2790 3327 2814 3352 «ι
2840 3299 2913 3358 de
2936 3299 3152 3378 quibus
3170 3300 3515 3360 Plutarchus
3532 3317 3579 3360 et

2024 3393 2350 3472 Stephanus
2374 3395 2615 3472 Byzant.
2647 3421 2672 3448 a
2701 3409 3049 3455 succurrunt
3070 3397 3284 3456 Iriarti.
3312 3433 3397 3442 —
3420 3403 3457 3458 7
3474 3403 3577 3477 θρῃ-

2020 3493 2125 3548 κῶν
2152 3511 2203 3550 ο.
2238 3527 2315 3536 -
2341 3495 2415 3551 10
2440 3514 2491 3550 κ.
2519 3490 2665 3572 δρύες
2687 3492 2908 3571 ὠγύγιαι
2928 3495 3051 3573 α’ρκ.
3087 3493 3137 3551 ἅ.
3167 3493 3382 3554 ἕδεα-κον
3408 3519 3461 3568 c,
3484 3496 3577 3553 ini-

2021 3585 2104 3644 tio
2126 3587 2261 3645 addi
2288 3587 2524 3647 volebat
2554 3589 2670 3669 τῇδ’
2706 3589 2807 3648 ὑπὸ
2842 3589 2919 3648 Ir.
2948 3590 3068 3649 Cur
3088 3590 3317 3669 ὧγυγίης
3340 3593 3574 3672 epitheto

2019 3681 2354 3741 distinxerit
2366 3703 2668 3761 quercum,
2691 3684 2849 3743 disce
2872 3705 2944 3742 ex
2962 3685 3115 3744 Max.
3140 3696 3276 3762 49⁰·
3298 3722 3385 3734 --—
3408 3693 3469 3749 ¹1
3496 3692 3576 3766 ,32-

2019 3775 2222 3847 Θυδινής
2238 3801 2295 3836 τε
2311 3799 2359 3836 c.
2378 3778 2641 3838 Imitatus
2657 3793 2742 3838 est
2756 3780 2825 3840 Il.
2843 3781 2924 3854 Φ,
2946 3781 3054 3856 195
3082 3781 3435 3860 βαθυρρείταο
3454 3783 3573 3861 μέγιι

2020 3874 2193 3941 σθένος
2214 3874 2502 3936 Ὠκεανοῖο.
2529 3910 2606 3920 -
2634 3881 2706 3936 19.
2730 3875 2977 3956 Ἀχαϊκὸν
3008 3899 3057 3936 c.
3088 3876 3213 3958 ἔσχε
3238 3901 3293 3939 c.
3317 3881 3473 3940 Olim
3496 3903 3575 3938 eo·

2019 3969 2270 4046 gitabam
2294 3971 2366 4029 de
2390 3970 2537 4050 ἄχρι.
2568 4005 2648 4015 -
2672 3978 2744 4032 15
2770 3971 2923 4030 αὐτὸν
2950 3993 3003 4032 c.
3031 4001 3093 4012 -
3122 3978 3197 4033 16
3222 3976 3517 4056 Καλχηδὼν
3534 3997 3573 4039 c.

2017 4087 2125 4126 em.
2166 4067 2286 4141 Ir.;
2322 4068 2488 4134 διδοῦς
2516 4067 2650 4145 δόμη
2685 4075 2797 4127 θεῖα
2828 4091 2893 4146 c,
2941 4071 3059 4130 Διδ.
3092 4071 3184 4129 καὶ
3212 4071 3441 4149 δώματα
3480 4077 3573 4130 Θεῑα

2018 4163 2165 4222 male
2210 4163 2364 4241 conj.
2396 4163 2474 4222 lr.
2506 4197 2585 4207 -
2616 4167 2691 4222 17
2734 4162 2891 4234 λυὸίη
2937 4169 2985 4222 τ’
3019 4167 3111 4222 ὑπ’
3156 4165 3369 4244 ὄμμασι
3411 4190 3463 4229 c.
3492 4167 3571 4225 ln·

2018 4258 2227 4334 telligit
2270 4277 2425 4316 mare
2478 4257 2961 4317 Mediterraneum
3004 4281 3018 4317 :
3049 4261 3157 4322 cfr.
3205 4263 3240 4319 8
3283 4276 3347 4321 et
3397 4286 3422 4321 1
3438 4285 3483 4324 1.
3512 4297 3573 4308 -

2020 4359 2095 4414 18
2125 4352 2480 4433 βαθύπλουτον
2504 4375 2559 4413 c.
2578 4388 2655 4396 —
2680 4357 2752 4413 19
2776 4351 3010 4434 κρονίδου
3039 4355 3143 4421 διὸς
3164 4379 3270 4436 tp„
3294 4357 3393 4428 ἠδέ
3410 4382 3465 4416 τε
3487 4357 3571 4434 μύ-

2016 4473 2110 4532 σης
2130 4471 2182 4521 c,
2204 4462 2334 4508 ante
2353 4472 2432 4528 τρ.
2451 4449 2529 4508 Ir.
2554 4451 2733 4508 inseri
2754 4448 2986 4508 volebat
3004 4453 3053 4520 ἦ.
3076 4451 3267 4510 Scribi
3292 4455 3469 4512 etiam
3490 4475 3573 4532 po·

2016 4537 2159 4604 terat
2174 4537 2267 4624 ᾖχί
2290 4568 2346 4604 τε
2362 4545 2587 4626 νύμφης.
2610 4579 2683 4589 ——
2701 4549 2772 4605 21
2797 4544 3045 4604 τέτακται
3068 4568 3117 4607 c.
3140 4582 3215 4592 —-
3230 4553 3309 4609 22
3328 4551 3505 4630 ἔτῦχεν
3522 4571 3565 4616 c,

2019 4639 2197 4718 ἐπέχει
2211 4641 2545 4699 Salmasius
2562 4643 2728 4701 —24
2743 4641 2987 4721 τριτάτας
3000 4663 3054 4714 c,
3068 4641 3307 4721 τρίτατος
3317 4643 3491 4703 Salm.
3507 4679 3570 4690 -

2014 4740 2091 4795 25
2120 4763 2143 4786 «ε
2179 4735 2251 4792 ad
2269 4755 2428 4793 oram
2452 4735 2671 4794 codicis
2698 4737 2883 4794 nostri
2910 4739 3255 4796 exteriorem
3286 4759 3362 4797 ex
3386 4741 3566 4798 adver·

2016 4851 2079 4889 so
2104 4850 2307 4888 versus
2331 4830 2624 4909 adscripta
2644 4844 2778 4888 sunt
2804 4851 3000 4903 manu,
3022 4852 3139 4909 qua
3158 4848 3393 4907 caetera,
3414 4836 3569 4892 variae

2014 4926 2323 5010 lectionesb,
2350 4944 2556 5000 nempe
2586 4923 2700 4990 ἴσας
2724 4946 2833 5003 pro
2857 4925 3067 5004 ἔλαχεν,
3092 4940 3149 4984 et
3170 4929 3303 5007 λάχε
3332 4951 3446 5008 pro
3472 4929 3565 4999 ἶσα,

2015 5021 2095 5078 ita
2120 5033 2183 5078 ut
2205 5022 2254 5078 is
2274 5021 2333 5078 in
2358 5020 2510 5076 hunc
2534 5021 2766 5078 modum
2786 5021 2863 5078 sit
2890 5021 3167 5096 legendus
3196 5043 3210 5083 z
3242 5023 3335 5090 τὰς
3360 5025 3405 5082 δ’
3428 5027 3561 5082 {uada

367 5122 597 5196 turbes3
641 5122 740 5182 sed
785 5135 842 5179 et
884 5119 1061 5177 docili
1093 5137 1360 5177 sermone
1404 5119 1685 5194 persuade
1705 5162 1721 5193 ,
1770 5119 1924 5194 quod
2016 5117 2133 5182 ἴσας
2150 5117 2345 5196 φαίνων
2370 5118 2502 5194 λάχε
2519 5117 2703 5196 θούρῳ.
2730 5143 2754 5168 α
2776 5117 2875 5175 ut.
2895 5117 3019 5176 Non
3038 5122 3471 5197 praetuli—26
3490 5120 3567 5180 τὰς
