3767 5825
1048 347 1380 410 ,ΟΡΡΙΑΝΙ
1420 347 1523 408 DE
1561 347 2016 410 PlscATloNE
2055 352 2198 413 LIB.
2245 355 2292 412 1.
3193 373 3266 423 55

190 482 386 564 Ἰχθύσι
414 484 461 542 δ’
490 472 560 540 αὖ
587 479 758 562 δελφὶς
786 478 881 556 μὲν
908 477 1163 558 ἀριστεύει
1192 478 1428 562 φιλότητι
1716 488 2024 551 Inter-pisces
2041 503 2157 540 vero
2179 489 2374 556 delphin
2395 492 2592 556 quidem
2612 497 2803 548 excellit
2829 510 2993 550 amore

190 571 413 646 παίδων,
440 567 512 636 ὣς
540 567 597 628 δὲ
621 568 713 627 καὶ
738 566 888 626 ἄλλοι
916 567 998 626 ἑὸν
1025 565 1168 648 γένος
1196 566 1533 649 ἀμφιέπουσι.
1713 576 1998 637 liberorum,
2021 578 2091 628 sic
2116 591 2228 628 vero
2251 579 2394 630 etiam
2418 581 2499 631 alii
2519 595 2655 632 suam
2680 583 2893 634 sobolem
2915 589 3124 636 tuentur.

194 661 394 736 Θαῧμα
414 660 459 716 δ’
486 654 863 735 ἆλιπλάγκτοιο
883 653 1034 724 κυνὸς
1053 654 1186 713 τόδε·
1206 660 1273 735 τῇ
1296 652 1397 735 γὰρ
1418 652 1627 712 ἕπονται
1712 664 1996 714 miraculum
2019 669 2180 716 autem
2199 667 2452 731 marivagae
2468 669 2599 719 canis
2621 673 2696 720 est
2718 669 2844 720 istud
2870 686 2882 720 :
2906 685 3012 721 eam
3034 672 3162 722 enim
3197 687 3272 726 sc-

108 769 175 808 ·ns
194 745 349 805 τέκνα
376 744 701 816 νεοὸλαστ-ῆ,
728 740 821 802 καί
846 767 968 824 σφιν
995 741 1151 810 σάκος
1179 745 1364 802 ἔπλετο
1391 741 1585 822 μήτηρ·
1717 752 1923 816 etantur]
1941 753 2086 803 catuli
2104 755 2421 818 reeens-nati,
2445 759 2496 806 et
2523 757 2640 820 ipsis
2666 761 2860 809 scutum
2881 760 2956 808 est
2981 765 3158 821 mater3

194 833 305 892 ἀλλ’
334 832 425 892 ὅτε
454 829 766 914 ταρὸήσωσι
791 829 860 889 τά
886 831 933 890 τ’
957 829 1160 890 ἄσπετα
1188 830 1389 908 δείματ’
1419 829 1564 888 ἔασιν
1720 839 1805 890 sed
1820 839 2014 903 quando
2033 838 2291 888 formidant
2308 851 2418 900 quoe
2439 838 2652 886 maxima
2675 843 2890 889 monstra
2905 845 3026 890 sunt

197 925 247 982 ἐν
268 921 472 1002 πόντῳ,
497 919 617 980 τότε
646 920 839 988 παῖδας
868 917 975 978 ἔσω
998 916 1306 996 λαγόνεσσιν
1336 918 1513 977 ἔδεκτο
1720 926 1773 978 in
1787 927 1912 977 mari
1926 964 1944 991 ‚
1961 931 2080 977 tunc
2100 927 2276 976 liberos
2288 926 2414 975 intra
2429 925 2622 976 lumbos
2639 927 2808 991 recipit

196 1009 354 1082 αὐτὴν
380 1009 640 1088 εἰσίθμην,
668 1006 832 1080 αὐτὴν
856 1006 992 1080 ὁδὸν,
1024 1004 1163 1064 ἔνθεν
1187 1005 1391 1064 ὄλισθον
1720 1012 2028 1076 per-eundem
2047 1018 2282 1074 meatum,
2306 1012 2508 1063 eandem
2530 1015 2683 1076 viam,
2703 1015 2833 1064 unde
2855 1016 3129 1066 ceciderunt

196 1097 493 1176 γεινόμενοι·
520 1099 658 1156 τοῖον
684 1094 741 1155 δὲ
763 1094 919 1155 πόνον
951 1092 1213 1172 μογέουσά
1240 1117 1339 1174 περ
1369 1092 1541 1170 ἔμπης
1720 1107 1993 1162 nascentes3
2017 1102 2162 1150 talem
2180 1106 2341 1151 autem
2362 1101 2574 1151 laborem
2587 1138 2601 1164 ,
2623 1102 2846 1165 quamvis
2867 1103 3065 1164 amicta,
3084 1107 3244 1154 tamea

108 1207 177 1246 ‘140
202 1183 479 1252 ἀσπασίως
504 1183 753 1256 τέτληκε,
786 1181 947 1240 πάλιν
976 1181 1020 1239 δ’
1049 1179 1341 1260 θπεχεύατο
1364 1181 1553 1246 παῖδας
1720 1189 1920 1238 libenter
1939 1189 2170 1250 sustinet,
2197 1203 2487 1252 rursumque
2507 1189 2711 1239 infundit
2728 1190 2904 1240 liberos

200 1273 546 1353 σπλάγχνοις,
566 1271 643 1352 ἂψ
657 1272 703 1330 δ’
727 1268 963 1344 ἀνέηκεν,
981 1268 1056 1328 ὅτ’
1078 1265 1417 1346 ἅμπνεύσωσι
1434 1266 1631 1350 φόὸοιο·
1718 1277 2006 1338 visceribus,
2029 1278 2191 1327 statim
2219 1282 2379 1328 autem
2402 1278 2601 1327 remittit
2617 1291 2726 1327 cum
2750 1278 2984 1342 respirant
3003 1274 3235 1328 a-'timore.

268 1359 435 1432 Τοίην
464 1357 557 1418 καὶ
586 1359 700 1440 ῥίνη
726 1357 917 1418 τεκέων
934 1355 1248 1439 πορσύνεται
1266 1354 1452 1430 ἀλκὴν,
1782 1364 1946 1416 Talem
1967 1364 2112 1415 etiam
2134 1364 2354 1429 squatina
2375 1364 2632 1416 liberorum
2650 1370 2848 1430 praestat
2865 1364 3187 1416 defensionem
3202 1399 3219 1425 ,

196 1449 309 1508 ἀλλ’
338 1450 435 1507 οὐκ
462 1451 536 1516 εἰς
560 1445 715 1520 νηδὺν
740 1443 885 1525 κείνῃ
910 1444 1082 1522 δύσις,
1107 1435 1190 1504 οἶα
1217 1443 1475 1518 κύνεσσιν,
1720 1457 1771 1502 at
1792 1465 1890 1502 non
1912 1452 1962 1503 in
1984 1456 2200 1503 ventrem
2219 1453 2288 1502 illi
2311 1456 2388 1503 est
2403 1453 2696 1514 submersio,
2714 1455 2771 1502 ut
2787 1452 3010 1516 canibus,

196 1536 329 1594 ἀλλά
349 1537 401 1595 οἱ
434 1536 489 1594 ἐν
515 1535 773 1615 πλευρῇσι
799 1532 1081 1616 διασφάγες
1107 1532 1465 1615 ἀμφοτέρωθεν
1722 1554 1892 1591 verum
1915 1540 2006 1605 ipsi
2027 1541 2079 1590 in
2100 1541 2329 1591 lateribus
2349 1541 2578 1592 cavitates
2605 1540 2831 1604 utrinque

118 1643 187 1684 κε
211 1623 337 1682 εἰσὶν
370 1621 473 1682 ὑπὸ
499 1621 789 1704 πτερύγων,
814 1617 898 1694 οἵη
924 1620 1073 1700 γένυς
1104 1621 1304 1701 ἰχθύσιν
1335 1619 1535 1694 ἄλλοις,
1722 1635 1834 1680 sunt
1850 1630 1947 1680 sub
1974 1629 2136 1693 pinnis
2153 1667 2168 1692 ,
2187 1630 2345 1694 qualis
2367 1629 2560 1680 maxilla
2576 1633 2654 1680 est
2669 1629 2885 1693 piscibus
2905 1629 3044 1680 aliis:

198 1707 339 1784 ῒῇῦῑν
370 1700 697 1780 ἆτυζῦμὲνων
724 1699 917 1759 τέκνων
955 1700 1113 1782 φόὸθν
1143 1698 1551 1782 ἆμφῑκαλῦπτεῑ·
1723 1720 1900 1782 quibus
1920 1720 2208 1769 afflictorum
2230 1719 2488 1769 liberorum
2511 1721 2695 1768 metum
2713 1719 2935 1782 protegit.

264 1797 442 1859 Ἄλλοι
466 1799 513 1858 δ’
543 1791 657 1858 αὖθ’
684 1797 746 1858 ἑὰ
772 1797 930 1860 τέκνα
958 1797 1046 1858 διὰ
1073 1795 1243 1875 στόμα
1273 1794 1610 1878 ταρὸήσαντα
1786 1807 1878 1858 Alii
1897 1821 2011 1858 vero
2031 1820 2226 1856 rursum
2249 1819 2364 1857 suos
2379 1806 2556 1856 liberos
2581 1818 2668 1869 per
2689 1819 2746 1856 os
2765 1805 3057 1870 trepidantes

204 1884 467 1964 δεξάμενοι
493 1884 703 1968 ῥύονται
731 1884 819 1946 ἅτ’
841 1889 893 1954 ἐς
920 1884 1078 1964 δόμον
1102 1884 1165 1956 ἠὲ
1186 1884 1393 1956 καλιήν·
1724 1899 1941 1958 receptos
1963 1897 2176 1956 servant,
2201 1898 2426 1958 tauquam
2447 1893 2499 1943 in
2520 1892 2720 1943 domum
2739 1899 2823 1943 aut
2843 1893 3039 1956 nidum;

202 1963 303 2031 οἷον
328 1972 394 2046 δὴ
421 1971 517 2032 καὶ
547 1974 801 2052 γλαῦκος,
827 1972 883 2040 ὃς
910 1971 1067 2052 ἔξοχα
1094 1971 1231 2030 τέκν’
1262 1972 1523 2050 ἅγαπάζει
1725 1982 1968 2046 quomodo
1996 1995 2111 2033 sane
2127 1982 2272 2033 etiam
2289 1981 2515 2046 glaucus,
2541 1980 2626 2044 qui
2644 1981 2815 2032 eximie
2833 1981 3007 2031 liberos
3025 1980 3178 2043 diligit

122 2077 193 2122 Ἰω
207 2060 431 2136 πάντων,
460 2059 609 2121 ὅσσοι
640 2057 787 2120 ἔασιν
815 2063 869 2120 ἐν
898 2060 1103 2140 ἰχθύσιν
1127 2059 1398 2132 ὧοτοκῆες·
1727 2070 2054 2133 eii-omuibus,
2073 2074 2312 2134 quotquot
2333 2069 2513 2120 suntin
2535 2069 2749 2134 piscibus
2765 2069 2972 2132 ovipari;

206 2157 365 2218 κεῖνος
390 2147 498 2231 γὰρ
522 2147 702 2228 μίμνει
732 2172 791 2207 τε
817 2147 1143 2231 παρήμενος,
1172 2146 1306 2231 ὄφρα
1334 2146 1586 2228 γένωνται
1728 2158 1808 2208 ille
1825 2157 1956 2208 enim
1973 2161 2231 2222 manetque
2251 2157 2500 2221 assidens,
2523 2157 2678 2208 donec
2701 2161 2959 2207 nascantur

202 2239 377 2305 παῖδες
404 2237 689 2310 ὗπωάδιοι,
705 2235 797 2296 καί
816 2259 935 2318 σφιν
955 2235 1315 2318 παρανήχεται
1343 2237 1463 2296 αἰεί·
1728 2245 1865 2296 liberi
1882 2245 2130 2308 sub-ovis,
2150 2251 2201 2296 et
2217 2245 2334 2310 ipsis
2351 2245 2547 2296 adnatat
2564 2258 2778 2309 semperg
2967 2230 2973 2240 “

203 2323 313 2392 τοὺς
332 2325 379 2383 δ’
400 2323 491 2384 ὅτε
506 2347 597 2383 κεν
620 2323 933 2404 τρομέοντας
953 2324 1041 2405 ἴδῃ
1068 2325 1449 2406 κρατερώτερον
1472 2323 1642 2406 ἰχθὺν,
1731 2334 1820 2384 hos
1842 2335 2003 2386 autem
2017 2370 2034 2396 ,
2051 2333 2245 2398 quando
2261 2334 2526 2384 trementes
2547 2333 2681 2384 videt
2702 2331 2979 2382 validiorem
3001 2331 3177 2395 piscem
3190 2365 3206 2394 ,

208 2410 519 2494 ἀμφιχανὼν
544 2411 827 2471 κατέδεκτο
852 2409 940 2470 διὰ
966 2409 1136 2490 στόμα
1150 2456 1167 2484 ,
1197 2411 1371 2493 μέσφα
1397 2436 1459 2472 κε
1482 2415 1634 2492 δεῖμα
1731 2422 2125 2486 rictu-amplexus
2141 2421 2312 2486 recipit
2327 2422 2377 2472 in
2397 2435 2480 2484 os,
2503 2421 2656 2472 donec
2672 2424 2826 2470 terror

126 2519 195 2560 ⁷55
210 2501 503 2580 χάσσηται,
532 2497 653 2558 τότε
680 2499 725 2558 δ’
751 2489 896 2567 αῧτις
922 2496 1177 2558 ἄνέπτυσε
1206 2499 1555 2572 λευκανίηθεν.
1732 2509 2044 2573 abscesserit,
2065 2516 2182 2561 timo
2197 2524 2314 2561 vero
2331 2523 2500 2562 rursus
2520 2509 2700 2574 respuit
2719 2522 2800 2558 eos
2821 2509 3024 2570 eit-gula.

279 2587 487 2660 Θύννης
500 2585 547 2646 δ’
557 2585 719 2646 ὀὔτιν’
738 2586 891 2666 ἔγωγ’
906 2585 1241 2668 ἀθεμίστερον
1257 2585 1483 2665 ἔλπομαι
1498 2586 1643 2668 ἰχθὺν
1792 2598 2000 2649 Thuuno
2012 2603 2176 2649 autem
2192 2598 2380 2649 nullum
2395 2597 2620 2662 equidem
2639 2592 2935 2660 injustiorem
2951 2602 3066 2660 puto
3083 2595 3266 2658 piscem
3276 2629 3292 2658 ,

208 2673 316 2734 οὐδὲ
340 2673 709 2788 κακοᾌφροσύνῃ
735 2673 1103 2756 προόεὸηκότα
1130 2673 1343 2754 ναιέμεν
1370 2674 1564 2754 ἅλμην·
1734 2699 1888 2750 neque
1905 2684 2236 2736 malevolentia
2253 2685 2546 2750 superiorem
2569 2685 2785 2735 babitare
2807 2697 2968 2745 mare;

206 2761 280 2820 tut
300 2761 402 2844 γὰρ
432 2785 551 2822 ευτε
578 2761 789 2843 τέκῃσι,
817 2761 957 2845 φύγῃ
986 2763 1031 2822 δ’
1050 2763 1210 2822 ὧδῒνα
1242 2764 1476 2846 βαρεῖαν,
1734 2786 1827 2824 ova
1841 2771 1972 2824 enim
1991 2777 2245 2837 postquam
2267 2773 2452 2838 peperit
2472 2773 2690 2837 fugitque
2711 2771 2924 2822 dolorem
2945 2784 3166 2834 gravem,

208 2847 332 2923 αὒτὴ
354 2847 643 2932 γειναμένη
668 2850 1044 2910 καταδαίνυται
1070 2849 1203 2910 ὅσσα
1237 2849 1419 2931 κίχησι
1431 2895 1449 2927 ,
1733 2859 1837 2925 ipsa
1856 2859 2194 2923 qum-peperit,
2217 2857 2438 2922 devorat,
2457 2863 2692 2923 quotquot
2709 2859 3040 2923 nacta-fuerit,

128 2958 195 2997 m
209 2938 388 3014 νηλὴς,
413 2938 501 3012 ἥθ’
528 2938 595 2999 ἑὰ
617 2938 776 2999 τέκνα
804 2943 971 3023 φυγῆς
996 2938 1074 2998 ἔτι
1099 2934 1231 3013 νηΐδ’
1257 2939 1411 3001 ἐόντα
1734 2948 1982 3008 immanis,
2000 2961 2112 3011 qum
2133 2961 2247 2997 suos
2266 2947 2393 2997 fetus
2414 2947 2542 3011 fugae
2565 2947 2725 2998 adbuc
2744 2948 2936 3009 ignaros

209 3027 389 3101 ἐσθίει,
417 3025 541 3087 οὐδέ
569 3050 659 3106 μιν
687 3017 855 3095 οἶκτος
883 3026 1153 3109 ἐσέρχεται
1188 3019 1267 3088 οἷο
1296 3026 1487 3090 τόκοιο.
1735 3035 1969 3097 comedit,
1989 3048 2146 3099 neque
2162 3034 2295 3084 illam
2313 3034 2556 3085 miseratio
2578 3034 2710 3086 subit
2731 3036 2910 3099 proprii
2931 3040 3114 3099 partus.

280 3113 443 3177 Ἔστι
466 3115 513 3174 δ’
531 3113 611 3174 ὅσ’
632 3113 750 3175 οὔτε
768 3114 987 3195 γάμοισι
1005 3113 1280 3199 φυτεύεται
1308 3114 1427 3175 οὔτε
1443 3120 1627 3197 γονῇσι
1798 3125 1922 3173 sunt
1934 3126 2094 3172 autem
2107 3159 2122 3184 ,
2137 3135 2246 3185 quae
2265 3135 2422 3185 neque
2439 3122 2621 3186 nuptiis
2638 3128 2950 3187 procreantur
2972 3137 3060 3174 uec
3078 3124 3298 3173 esemlne

216 3202 467 3278 τίκτεται,
494 3202 843 3263 αὗτοτέλεστα
872 3203 964 3263 καὶ
993 3202 1309 3287 αὐτόῤῥεκτα
1338 3202 1584 3285 γένεθλα,
1736 3216 2013 3272 nascuntur,
2031 3208 2454 3274 sponte-producta
2471 3212 2522 3260 et
2543 3214 2850 3273 sponte-nata
2866 3206 3066 3274 genera,
3113 3272 3124 3285 ι

206 3288 388 3373 ὄστρεα
408 3290 475 3363 δὴ
494 3288 807 3369 σύμπαντα,
824 3290 946 3370 τοίγ’
966 3292 1073 3351 ἰλύι·
1097 3292 1329 3352 τίκτεται
1353 3294 1505 3368 αὐτῇ·
1736 3304 1894 3349 ostrea
1914 3298 2136 3349 videlicet
2150 3298 2311 3348 omnia
2327 3333 2343 3359 ,
2367 3312 2479 3362 quae
2496 3298 2614 3348 limo
2630 3303 2937 3362 procreantur
2952 3299 3085 3363 ipso;

128 3394 196 3437 7⁶5
214 3376 389 3437 κείνων
410 3378 459 3437 δ’
478 3374 597 3437 οὔτε
612 3400 663 3437 τι
686 3379 815 3450 θῆλυ
838 3376 987 3439 πέλει
1000 3378 1167 3459 γένος,
1189 3378 1297 3439 οὔτ’
1326 3378 1410 3438 ἐπ’
1426 3378 1651 3457 ἀμοιὸἥς
1736 3386 1908 3436 horum
1923 3391 2084 3437 autem
2102 3400 2258 3451 neque
2277 3386 2405 3436 ullus
2423 3386 2658 3436 femineus
2676 3388 2750 3435 est
2767 3399 2914 3437 sexus
2926 3422 2943 3447 ‚
2959 3399 3116 3449 neque
3133 3386 3296 3436 contra

210 3465 443 3547 ἄρσενες,
467 3466 587 3526 ἀλλ’
612 3464 855 3548 ὁμόφυλα
876 3466 969 3526 καὶ
986 3466 1162 3527 εἴκελα
1182 3466 1355 3526 πάντα
1372 3465 1641 3529 τέτυκται.
1738 3486 1894 3523 mares
1907 3510 1922 3535 ,
1943 3473 2029 3526 sed
2051 3472 2328 3524 uniusmodi
2350 3474 2401 3523 et
2421 3473 2594 3523 similia
2616 3474 2777 3522 omnia
2799 3478 2928 3523 sunt.

274 3546 385 3621 οΩς
411 3553 469 3614 δὲ
497 3553 593 3615 καὶ
619 3555 883 3628 ἠπεδανῆς
908 3555 1073 3639 ἀφύης
1104 3554 1411 3635 ὄλιγηπελὲς
1439 3554 1579 3623 ἔθνος
1799 3562 1877 3612 Sic
1899 3576 2014 3612 vero
2037 3562 2181 3612 etiam
2207 3562 2410 3612 inflrmae
2431 3575 2570 3625 apuoe
2591 3562 2830 3625 impotens
2849 3575 2962 3625 gens

207 3640 398 3711 οὗτινος
426 3640 745 3722 ἐκγεγάασιν
772 3646 865 3725 ἀφ’
894 3642 1113 3720 αἵματος
1138 3642 1254 3701 οὐδὲ
1282 3641 1503 3715 τοκήων·
1738 3650 1868 3700 nullo
1887 3652 2265 3713 prognatum-est
2283 3664 2344 3699 ex
2369 3650 2598 3712 sanguine
2620 3663 2774 3712 neque
2795 3649 3120 3712 a-parentibus
3134 3663 3150 3711 ;

210 3720 323 3790 εἶτε
346 3728 455 3813 γὰρ
481 3733 543 3789 ἐκ
567 3728 762 3812 νεφέων
788 3730 957 3803 Ζηνὸς
982 3730 1098 3798 νόος
1122 3729 1321 3813 ὄμὸρον
1352 3730 1519 3812 ἀφύξῃ
1739 3750 1848 3787 cum
1871 3737 2001 3788 enim
2019 3752 2080 3788 ex
2103 3738 2314 3787 nubibus
2334 3738 2470 3788 Jovis
2489 3751 2625 3787 meus
2645 3736 2847 3786 imbrem
2867 3736 3111 3799 profundit

126 3834 195 3876 'm
212 3815 407 3899 λάὸρον
436 3814 569 3898 ὑπὲρ
595 3814 808 3877 πόντοιο
834 3815 926 3877 καὶ
955 3816 1197 3897 ἄσχετον,
1228 3816 1419 3877 αὐτίκα
1440 3827 1588 3877 πᾶσα
1740 3826 2072 3876 vehementem
2097 3838 2242 3887 supra
2265 3838 2393 3874 mare
2413 3827 2463 3875 et
2480 3824 2793 3885 indomitum,
2822 3823 2985 3887 statim
3009 3828 3167 3872 totum

207 3902 501 3983 μισγομὲνη
529 3903 705 3985 δίνῃσι
730 3904 1117 3986 παλιμπνοίῃσι
1144 3907 1387 3965 θάλασσα
1736 3913 1940 3964 mixtum
1963 3911 2226 3962 vorticibus
2245 3912 2502 3974 reciprocis
2523 3924 2656 3960 mare

211 3990 335 4061 σίζει
360 3992 411 4051 τ’
448 3992 651 4073 ἆφριάα
677 4016 737 4051 τε
753 3992 845 4053 καὶ
865 3990 1077 4053 ἵσταται
1105 3992 1427 4067 οἰδαίνουσα,
1735 4002 2000 4065 stridetque
2021 4005 2311 4066 spumatque
2329 4004 2378 4052 et
2399 4004 2494 4052 stat
2513 4002 2779 4066 tumidum,

207 4081 259 4137 αἱ
290 4082 339 4139 δ’
367 4082 425 4139 ἐν
452 4078 829 4161 ἀτεκμάρτοισι
855 4080 947 4139 καὶ
971 4079 1274 4140 ἀσκέπτοισι
1300 4080 1545 4161 γάμοισιν
1736 4090 1830 4139 illm
1854 4094 2014 4140 autem
2039 4089 2363 4152 inconspicuis
2385 4094 2434 4139 et
2456 4090 2676 4140 obscuris
2700 4089 2877 4155 nuptiis

206 4164 389 4247 ἀθρόαι
420 4164 479 4227 ἔκ
501 4168 550 4225 τ’
564 4167 813 4245 ,ἐγένοντο
839 4167 931 4227 καὶ
958 4166 1175 4249 ἔτραφον
1204 4167 1264 4227 ἔκ
1292 4168 1337 4227 τ’
1371 4168 1637 4250 ἐφάνησαν
1733 4177 2007 4241 frequentes
2023 4178 2313 4228 enascuntur
2334 4181 2384 4228 et
2405 4176 2668 4228 educantur
2689 4180 2738 4229 et
2755 4182 2987 4241 appareat

124 4268 191 4313 '17⁶
210 4255 420 4335 μυρίαι,
448 4253 745 4335 σἰὅληχραὶ,
770 4256 954 4316 πολιὸν
977 4254 1133 4334 γένος·
1162 4258 1223 4315 ἐκ
1250 4254 1305 4315 δὲ
1331 4256 1573 4336 γενέθλης
1734 4263 1961 4325 infinitae,
1981 4264 2270 4327 imbecilleS,
2295 4278 2468 4315 canum
2489 4256 2664 4327 gedum
2689 4271 2835 4329 atque
2857 4266 2918 4315 ab
2940 4268 3050 4316 ortu

205 4340 381 4421 οὔνομ’
407 4342 699 4417 ἐπικλήδην
732 4342 992 4426 ἀφρίτιδες
1026 4344 1347 4403 αὗδώωνται.
1671 4342 1677 4351 ’
1734 4352 2050 4415 appellatione
2071 4354 2339 4415 cognomini
2360 4354 2616 4416 apliritides
2635 4359 2884 4404 vorantur.

206 4424 393 4488 Ἀλλαι
420 4430 467 4489 δ’
486 4428 742 4499 ἰλυόεντος
766 4430 901 4491 ὑπὲκ
922 4429 1191 4512 φλοίσὸοιο
1216 4430 1449 4512 φύονται·
1741 4440 1858 4491 Aliae
1877 4453 1992 4491 vero
2012 4442 2182 4491 limosa
2199 4454 2260 4491 ex
2277 4441 2454 4491 alluvie
2471 4446 2762 4505 nascuntur;

206 4506 319 4577 εύτε
347 4516 451 4597 γὰρ
483 4518 537 4577 ἐν
566 4517 739 4598 δίνῃσι
764 4518 1102 4601 παλιῤῥοίῃσι
1133 4517 1400 4591 θαλάσσης
1734 4541 1845 4577 cum
1866 4528 1997 4578 enim
2019 4528 2070 4578 in
2089 4528 2351 4579 vorticibus
2371 4530 2626 4593 reciprocis
2645 4530 2790 4579 maris

210 4604 511 4683 βράσσηται
530 4604 844 4689 πάμφυρτος
871 4605 1156 4691 ἅφυσγετὸς
1184 4605 1237 4675 ἐξ
1265 4606 1477 4685 ἀνέμοιο
1736 4616 2062 4678 prosubigitur
2084 4616 2385 4680 promiscuus
2403 4616 2548 4667 limus
2574 4631 2634 4667 ex
2660 4620 2806 4667 vento

126 4704 194 4749 700
212 4692 602 4774 σπερχομὲνω,
629 4692 748 4753 τότε
774 4703 925 4754 πᾶσα
951 4692 1255 4753 συνίσταται
1284 4697 1356 4763 εἷς
1383 4694 1437 4755 ἓν
1467 4698 1616 4755 ἰοῦσα
1737 4703 1931 4766 rapido,
1949 4707 2067 4754 tunc
2089 4704 2246 4754 omnis
2269 4704 2592 4754 consolidatur
2615 4706 2666 4754 in
2688 4718 2840 4754 uuum
2859 4704 3020 4755 coiens

206 4778 315 4847 ἰλὺς
342 4778 612 4864 εὖρώεσσα
628 4825 647 4855 ,
674 4780 964 4861 γαληναίης
990 4780 1047 4841 δὲ
1072 4781 1314 4855 ταθείσης
1735 4791 1879 4841 limus
1903 4790 2125 4841 mucidus
2142 4828 2156 4853 ,
2180 4792 2520 4855 tranquillitate
2541 4796 2700 4841 autem
2724 4793 2984 4841 constituta

213 4866 444 4944 ἐξαῦτις,
470 4870 714 4951 ψάμαθός
737 4894 797 4929 τε
825 4870 916 4930 καὶ
946 4870 1152 4931 ἄσπετα
1178 4870 1427 4952 φύρματα
1454 4870 1645 4930 πόντου
1736 4892 1933 4941 rursus,
1955 4892 2191 4941 arenaque
2213 4883 2263 4929 et
2279 4878 2476 4929 infinitae
2496 4879 2906 4930 sordes-miscellan
2926 4880 3069 4929 maris

209 4954 457 5030 πύθεται,
481 4960 541 5017 ἐκ
569 4956 625 5017 δὲ
652 4956 871 5041 φύονται
898 4956 1205 5040 ἀθέσφατοι,
1229 4957 1417 5017 εἴκελοι
1442 4959 1634 5026 εὗλαῒς.
1736 4966 2023 5030 putrefiunt,
2048 4970 2098 5016 et
2113 4966 2223 5015 inde
2245 4970 2534 5016 enascuntur
2563 4967 2937 5017 innumerabiles
2958 4980 3138 5031 opum,
3161 4966 3284 5015 sinui·

213 5044 291 5103 Οὗ
320 5041 421 5121 μέν
448 5042 549 5103 πού
574 5068 627 5104 τι
655 5043 901 5105 τέτυκται
932 5044 1257 5127 ἀκιδνότερον
1286 5045 1431 5125 γένος
1461 5045 1590 5105 ἄλλο
1736 5054 1805 5103 les
1830 5052 2110 5117 vermibus]
2130 5056 2236 5103 Non
2259 5066 2372 5102 sane
2395 5054 2547 5103 ullum
2565 5060 2641 5103 est
2668 5052 2950 5104 imbecillius
2971 5066 3120 5115 genus
3137 5051 3264 5103 aliud

124 5148 195 5193 ⁷8⁸
214 5131 443 5206 δειλαίης
469 5130 654 5216 ἀφύης·
682 5133 956 5194 νεπόδεσσι
982 5132 1039 5193 δὲ
1063 5143 1223 5194 πᾶσιν
1253 5133 1369 5193 ἔασι
1736 5139 1912 5191 misera
1931 5153 2085 5203 apua;
2107 5141 2318 5204 piscibus
2335 5146 2496 5192 autem
2519 5141 2742 5192 omnibus
2765 5144 2882 5191 sunt
