3767 5825
1253 406 1509 467 PHILAE
1549 405 1651 464 DF:
1694 403 1976 463 PLANTI
1989 400 2049 462 S.

200 536 521 654 ἀναιρετικὸν
544 537 822 644 συμφορῶν
853 534 875 589 ἐ
880 555 1044 644 (καρο
1024 532 1156 591 ἳίων,

199 630 294 696 Ἰίς
320 619 407 686 ουν
429 647 672 685 τοσουτον
697 623 757 682 ὄλ
762 623 899 680 ὅονῖ
878 619 1124 700 εγνώρισέ
1148 643 1228 678 σοι

200 720 307 782 πῶς
339 713 525 795 βότρυν
548 710 671 771 ἰδὼν
694 733 784 767 και
810 708 987 766 λοιὲὼν
1018 731 1107 764 και
1136 705 1407 780 Θαυμάσας

198 811 389 884 τρυγᾶς
417 801 633 877 ἀμαθῶς
656 797 745 854 καὶ
770 797 950 863 πατεῖς
976 819 1066 852 και
1095 793 1306 851 συνῡὶῖἴ
1254 817 1405 864 irc-:143

108 911 181 954 21⁰
195 889 355 956 ποιιῖς
377 887 434 947 δὲ
457 884 630 966 πηγὰς
652 882 925 963 ἔκρεούσας
954 883 1045 948 τὰς
1074 881 1258 962 ροὶγας,

202 977 291 1040 καὶ
318 977 649 1054 δημιουργεῖς
670 972 729 1030 τὸ
753 971 1050 1040 ξενόὸλυτον
1082 969 1261 1044 πόμα;

198 1065 351 1126 πόθεν
374 1059 600 1135 κινηθεὶς
620 1063 855 1142 ὀργανοῖς
882 1083 971 1122 τας
1003 1057 1265 1130 ἀμπέλους

201 1158 419 1231 τομαῖς,
443 1152 654 1232 ὀρυγαῒς
670 1194 687 1225 ,
710 1149 953 1222 ἐκτομαῑς
980 1149 1121 1208 αὖθις
1146 1165 1209 1198 κν
1216 1143 1271 1199 ά
1255 1145 1383 1208 3,ων

200 1241 291 1302 καὶ
311 1247 475 1299 πᾶσιν
504 1237 686 1302 ἅπλῶς
708 1239 814 1302 τοῖς
842 1255 1164 1314 προσηκουσι
1194 1230 1396 1308 τρόποις
1376 1248 1431 1302 3

108 1350 181 1390 au
196 1329 277 1390 ’Ὦ
298 1352 413 1396 πως
435 1324 628 1405 ἀγαθὸν
652 1328 687 1396 ἡ
714 1321 969 1381 Stantem)
972 1343 1023 1386 ος
1038 1319 1186 1401 φύσις

204 1416 329 1496 πρὸς
356 1414 451 1482 τὰς
481 1410 675 1492 μεταξυ
706 1407 1046 1473 συντελούσας
1074 1404 1192 1486 εὗρέ
1168 1429 1328 1476 εσεις;

200 1497 311 1614 ᾎβ
334 1495 423 1562 οὖν
447 1499 694 1581 ὑποσχὼν
718 1501 789 1565 εἰς
810 1497 870 1555 τὸ
893 1501 1056 1576 ῥευμα
1081 1518 1138 1552 το
1165 1493 1334 1552 στόαα

204 1593 262 1652 τὸ
282 1594 503 1672 γλευκος
524 1589 683 1654 αἰτεῖς
704 1585 794 1645 καὶ
816 1585 903 1643 τὸν
931 1585 1152 1662 ἄκρατον
1180 1579 1341 1646 πίνεις

208 1680 331 1761 πρὸς
358 1679 457 1750 τὴν
486 1673 855 1758 ἀναψύχουσαν
881 1673 1114 1750 ὀργῶντα
1138 1668 1309 1744 ζέσινε,

120 1770 245 1840 8οῆ
272 1777 381 1826 πᾶν
409 1766 469 1825 τὸ
502 1763 620 1846 ῥυὲν
648 1757 915 1840 ἐγκάθειρξ
919 1783 978 1825 ας
1002 1759 1109 1824 τοῖς
1135 1757 1327 1828 πίθοις,

209 1858 301 1924 ἕως
325 1851 607 1919 πεπανθεὶς
630 1854 659 1909 6
680 1847 871 1930 θρασυς
901 1845 1161 1926 ἀφυὸρίσῃ
1176 1890 1192 1918 ,

207 1936 315 2003 εἶτα
338 1942 503 2008 πίνεις
524 1940 610 1999 τὸν
638 1930 799 1997 οἶνον·
786 1982 802 2009 ,
831 1935 923 2012 ἄγε
949 1935 1011 2006 δὴ
1034 1933 1253 2012 φράσον.

209 2061 231 2082 ι
254 2030 397 2103 Ναὶ,
428 2051 617 2109 φησιν,
644 2024 767 2084 ἰδὼν
797 2023 1139 2102 ἀγνοούμενον
1163 2019 1311 2087 ξύλον

206 2115 477 2183 ἑλικοειδὲς
499 2118 550 2174 ἐν
575 2119 679 2194 φυῇ
706 2111 1037 2191 διαστρόφῳ,

120 2228 191 2268 2²⁸
208 2206 522 2266 διδάσκαλον
548 2203 641 2273 τὴν
672 2209 858 2281 πεῖραν
889 2203 1051 2278 εὑρεῖν
1079 2195 1274 2268 ἠξίουν·

204 2297 269 2361 ὥς
292 2291 456 2373 μητρὶ
476 2315 600 2370 γουν
621 2287 811 2366 δίδωμι
835 2291 902 2368 τῇ
930 2289 998 2363 γῇ
1021 2284 1133 2344 τὸ
1110 2283 1275 2352 ξύλον.

209 2381 277 2442 Ἡ
301 2383 347 2440 δ’
374 2384 445 2446 ὡς
472 2378 653 2458 ἀγαθῷ
675 2376 1077 2455 προσπλακεῗσα
1104 2371 1289 2451 τεκνίῳ

210 2490 447 2549 παρηκεν
468 2467 611 2544 αὐτῷ
635 2461 751 2527 τους
773 2459 930 2527 ὀπους
953 2483 1044 2518 του
1068 2458 1239 2534 πυθμέ
1217 2482 1344 2523 νος.

215 2557 293 2618 Τὸ
319 2555 379 2615 δὲ
407 2552 581 2636 ψυχὴν
607 2554 837 2610 ἐντεῦθεν
864 2546 1225 2623 ἀναλαμὸάνει

127 2667 201 2707 azo
215 2644 305 2705 καὶ
332 2642 594 2702 δείκνυται
621 2642 723 2708 ζῶν
750 2637 809 2696 τὸ
833 2635 1018 2717 σχεδὸν
1048 2632 1393 2702 κεκαυμένον,

217 2729 474 2812 βλαστοὺς
497 2727 551 2787 δὲ
574 2730 743 2796 ποιεῖ,
767 2725 859 2783 καὶ
884 2725 1025 2782 δοκεῖ
1048 2721 1250 2802 φεύγειν
1281 2744 1346 2777 τα
1349 2743 1420 2796 χοι

211 2818 303 2886 τὰς
327 2814 586 2896 μητρυιὰς
614 2813 851 2890 ἀγκάλας
881 2813 940 2868 ἐκ
968 2807 1259 2888 παροινίας.

216 2905 361 2983 Ἐγὼ
388 2902 443 2963 δὲ
472 2905 599 2962 νικῶ
626 2901 719 2962 καὶ
746 2898 1039 2979 σπαράσσω
1061 2896 1155 2967 τὴν
1186 2897 1386 2973 κόμην,

213 3000 281 3063 ὡς
308 2995 375 3053 ἂν
401 2998 430 3053 6
457 2990 623 3074 φυγὰς
658 2988 977 3071 ἔντραπεὶς“
956 2987 1280 3066 υποστρέφῃ.

138 3098 210 3138 2⁴³5
224 3079 439 3163 Βραχυς
464 3084 493 3139 6
521 3102 703 3159 καιρος
727 3077 819 3137 καὶ
846 3083 1040 3157 σφριγᾷ
1068 3073 1194 3153 πρὸς
1224 3070 1484 3151 ἐκφύσεις·

222 3171 329 3237 ἃς’
301 3194 375 3237 ως
396 3191 642 3249 περιττας
667 3164 935 3272 ἐκτεμὼν
924 3160 1266 3242 καταφλέγω·

216 3282 305 3317 και
338 3258 540 3335 γινεται
570 3254 639 3313 τὰ
666 3254 840 3337 φύλλα
867 3256 935 3333 τῇ
968 3250 1176 3329 βλάστῃ
1207 3247 1407 3319 σκέπη,

216 3346 301 3403 καὶ
332 3344 514 3423 βότρυς
540 3340 683 3408 εὐθυς
706 3344 1013 3420 ὀργανοῧται
1037 3341 1111 3419 τῷ
1136 3337 1344 3417 κλάδῳ,

221 3429 409 3510 δριμὺς
434 3433 693 3509 ἀτεχνῶς,
718 3428 1055 3509 ὀμφακίζων,
1080 3424 1267 3496 ὀξίνης.

129 3542 203 3580 atu
226 3512 297 3580 12⁶³
277 3544 367 3579 ιτα
395 3518 602 3599 βλέπων
629 3516 874 3595 πέπειραν
906 3517 959 3572 ἐν
986 3516 1103 3594 χρῷ
1129 3512 1213 3569 τὸν
1240 3510 1389 3569 τόκον

220 3608 309 3666 καὶ
330 3606 429 3675 τὴν
454 3602 723 3685 σταφυλὴν
748 3606 973 3681 εὐτρεπῆ
1002 3600 1131 3679 πρὸς
1160 3598 1421 3679 ἔκρύσεις,

220 3698 393 3774 τρυγῶ
415 3693 474 3751 τὸ
495 3689 687 3773 πεφθὲν
712 3692 771 3749 ἐκ
793 3698 961 3768 πυρᾶς
984 3686 1285 3767 ἀποκρύφου
1301 3731 1316 3757 ,

222 3806 311 3840 και
340 3804 401 3840 το
425 3778 675 3860 τρυγηθὲν
703 3782 809 3843 τοῖς
837 3776 988 3835 ποσὶν
1020 3773 1316 3832 ἀποθλίὸω·

226 3892 315 3927 και
342 3866 633 3942 λαμὸάνων
659 3864 748 3923 τὸν
779 3855 911 3922 οἶνον
937 3864 1029 3920 οὔκ
1054 3859 1198 3926 εὐθυς
1222 3859 1384 3917 πίνω·

135 3978 207 4015 ‘us
228 3956 353 4035 πρὸς
382 3954 485 4033 γὰρ
509 3956 568 4011 τὸ
593 3952 741 4031 παχὺ
766 3955 857 4023 τῆς
884 3955 1002 4032 ῥοῆς
1024 3951 1116 4007 οὐκ
1145 3946 1373 4026 ἀντέχω,

224 4044 320 4102 κᾶν
351 4048 381 4102 6
405 4040 710 4119 γλυκασμὸς
738 4039 1059 4121 προσὸαλεῖν
1087 4036 1384 4114 ἀναγκάσῃ.

228 4132 380 4201 Πλὴν
407 4130 525 4187 ἀλλ’
556 4131 661 4208 ὁρῶ
689 4125 913 4204 γίγαντα
938 4126 1125 4205 θερμὸν
1154 4122 1356 4193 ἐνθάδε,

228 4216 318 4276 καὶ
344 4214 420 4293 μὴ
446 4212 697 4294 προειδὼς
723 4210 1048 4288 εὖλαὸοῖὶμαι
1072 4210 1130 4268 τὸ
1152 4210 1359 4288 θράσος.

232 4302 407 4365 Ἔτι-ἂν
430 4300 485 4361 δὲ
510 4298 697 4378 καμὼν
720 4303 748 4359 6
772 4303 1005 4380 σφριγῶν
1030 4299 1359 4377 παρακμάσῃ
1382 4345 1397 4369 ,

134 4413 211 4451 230
232 4395 379 4472 ῥοφῶ
398 4388 491 4447 τὸν
512 4388 665 4447 ὁλκὸν
687 4390 936 4465 ἐγκοπαῖς
960 4383 1261 4463 ἀνατρέπων
1279 4407 1290 4419 ·

230 4480 319 4538 καὶ
342 4477 447 4557 γὰρ
469 4476 545 4535 ἔτι
567 4474 776 4535 δέδοικα
793 4473 885 4533 καὶ
905 4472 1254 4555 φυλάττομαι.

233 4564 444 4648 Βραχὶις
462 4564 517 4623 δὲ
534 4565 745 4646 ληφθεὶς
764 4564 1003 4643 εὐδρομεῖ
1021 4560 1145 4640 πρὸς
1167 4560 1259 4631 τὴν
1285 4560 1450 4639 φλέὸα

234 4658 261 4713 6
288 4654 502 4734 θερμὸς,
527 4657 554 4711 6
578 4653 853 4732 πρόχειρος
876 4654 947 4717 εἰς
975 4649 1230 4724 θυμηδίαν
1247 4673 1259 4686 ·

235 4744 403 4822 χεθεὶς
425 4740 479 4799 δὲ
500 4738 689 4819 σύχνος
705 4740 963 4820 πυρπολεῖ
980 4738 1266 4844 διαητρέχων
1280 4782 1295 4807 ,

144 4850 219 4891 ιω
235 4833 311 4911 τῷ
332 4831 387 4887 δὲ
410 4832 707 4905 πλατυσμῷ
726 4828 998 4909 προσρυεὶς
1017 4831 1107 4897 τ’ῆς
1131 4825 1345 4905 καρδίας

239 4917 594 5032 καλλιγραφεῗ
604 4914 697 4989 τὴν
722 4916 837 4998 ὄψιν
864 4914 1082 4997 ἐμπύρῳ
1105 4916 1261 4995 χρόα.

248 5008 309 5066 ’F
298 5007 391 5083 ,γὼ
416 5006 511 5083 μὲν
535 4997 620 5063 ουν
643 5004 861 5085 εἴρηκα,
889 5004 951 5063 συ
974 5005 1059 5062 δἐ
1037 5006 1191 5083 ἶγιςνι)
1212 5004 1319 5059 ἀ)
1326 5027 1401 5077 ιν

243 5095 345 5167 ἤδη
376 5094 432 5153 δὲ
460 5092 551 5153 καὶ
581 5094 704 5175 πρὸς
733 5092 892 5152 ὕπνον
920 5092 971 5161 ἐξ
996 5091 1130 5150 οἴνου
1162 5093 1409 5170 βλέπω.»

324 5183 459 5242 Ἀλλ’
478 5178 524 5240 ὣ
542 5182 793 5263 φυτουργὲ
818 5186 919 5241 τῶν
946 5184 1146 5253 καλῶν,
1172 5178 1543 5257 Αὐτοκράτωρ,

1707 527 2110 574 medicamentum
2133 519 2407 584 pectoribus
2429 517 2592 564 valens
2614 514 2781 575 ejicere
2800 524 3052 558 mrumuas.

1710 617 1829 674 Quis
1852 614 1996 675 igitur
2013 613 2202 660 tantum
2225 610 2404 657 boumn
2427 603 2748 654 manifestavit
2769 602 2885 648 libi?

1712 701 1957 764 quomodo
1975 703 2029 748 tu
2051 711 2194 746 uvam
2221 695 2365 744 simul
2391 693 2540 742 visam
2570 692 2620 740 et
2642 694 2888 751 acceptam
2909 689 2956 736 et
2981 686 3226 748 probatam

1709 791 1809 838 sine
1824 787 2073 850 disciplina
2093 784 2306 846 decerpis
2328 785 2377 831 et
2401 782 2555 830 calcas
2574 780 2622 828 et
2646 776 2922 838 comprimis
2939 811 2952 835 ,

1714 879 1938 938 cogisque
1962 877 2136 924 baccas
2158 887 2220 922 ex
2242 871 2390 920 acinis
2412 871 2510 918 suis
2533 867 2778 917 effundere
2803 865 2946 924 τίνος,

1714 969 1760 1014 et
1782 963 1978 1012 conficis
1995 962 2082 1012 tibi
2103 963 2269 1024 potum
2295 959 2496 1007 mirifice
2514 954 2784 1018 liquidum?

1716 1055 1853 1114 cujus
1880 1052 2087 1115 impulsu
2116 1045 2304 1097 vineam
2329 1047 2446 1094 colis

1716 1142 1968 1200 incisione,
1991 1139 2194 1187 fossione
2214 1143 2261 1186 et
2286 1149 2451 1184 rursus
2473 1133 2718 1196 putatione
2741 1130 2992 1192 palmitum
3014 1164 3026 1186 ‚

1716 1233 1762 1277 et
1787 1228 2012 1277 omnibus
2035 1227 2232 1275 omnino
2254 1223 2530 1273 necessariis
2553 1221 2765 1269 artibus?

1716 1321 1756 1366 0
1776 1331 1924 1379 quam
1943 1316 2228 1374 praeclarum
2249 1314 2429 1361 bonum
2451 1314 2526 1358 est
2545 1313 2714 1357 natura
2733 1307 2978 1366 magistra,

1717 1405 1777 1454 ad
1795 1406 1941 1454 utiles
1960 1401 2163 1451 subinde
2183 1400 2505 1449 inventiones!

1718 1497 1842 1542 Num
1865 1494 1916 1541 tu
1941 1491 2100 1552 igitur,
2123 1489 2368 1552 supposito
2390 1486 2696 1535 manantibus
2717 1482 2908 1532 fluentis
2926 1495 3026 1541 ore,

1720 1585 1935 1628 mustum
1958 1580 2141 1641 appetis
2164 1582 2210 1626 et
2231 1591 2418 1625 merum
2438 1575 2598 1623 statim
2621 1573 2742 1621 bibis

1718 1669 1779 1716 ad
1802 1667 2214 1718 fermentationem
2242 1665 2598 1724 refrigerantem
2619 1661 2849 1710 tendens?

1720 1771 1781 1804 an
1808 1757 1968 1819 potius
1987 1767 2130 1802 omne
2145 1789 2158 1812 ,
2179 1753 2310 1814 quod
2332 1751 2441 1800 inde
2463 1750 2657 1808 defluit,
2678 1749 2817 1796 doliis
2835 1747 3115 1809 condidisti,

1721 1845 1875 1892 donec
1893 1842 2240 1906 impetus‚meri
2262 1840 2540 1889 decoctione
2559 1837 2878 1899 deferbuerit,

1721 1945 1779 1980 ac
1796 1932 1920 1980 bibis
1941 1934 2102 1993 postea
2121 1930 2316 1978 demum
2337 1929 2502 1976 vinum
2519 1929 2540 1974 Ρ
2560 1925 2636 1974 dic
2655 1939 2758 1987 age.

1730 2039 1755 2063 «ι
1781 2021 1999 2069 Profecto
2017 2054 2031 2079 ,
2064 2018 2249 2079 inquit,
2271 2017 2556 2077 conspecto,
2578 2027 2721 2076 quern
2749 2013 2954 2062 haedum
2984 2011 3285 2076 ignorabam,

1730 2108 1959 2156 flexuosis
1978 2120 2035 2154 ac
2055 2106 2286 2154 contortis
2305 2104 2558 2152 sarmentis
2575 2103 2800 2164 generato
2815 2139 2830 2162 ,
3037 2100 3260 2165 [surculo
3275 2139 3290 2162 ‚

1728 2193 1892 2258 putavi
1917 2193 2274 2242 adsciscendam
2298 2206 2398 2241 esse
2426 2191 2699 2253 magistram
2723 2190 3084 2253 experientiam.

1728 2283 1875 2345 Igitur
1901 2281 2034 2331 velut
2056 2281 2197 2329 matri
2223 2280 2370 2329 reddo
2393 2283 2536 2328 terrae
2559 2280 2810 2328 surculum
2843 2296 2855 2325 ε

1727 2383 1839 2434 quae
1858 2369 2008 2419 veluti
2029 2369 2229 2418 filiolum
2253 2369 2390 2416 bonae
2416 2367 2559 2430 frugis
2578 2367 2830 2430 complexa

1728 2459 1934 2521 praebuit
1957 2457 2002 2507 ei
2023 2470 2194 2506 succos
2217 2471 2280 2506 ex
2302 2470 2389 2505 suo
2409 2456 2576 2506 fundo,

1732 2553 1833 2608 lpse
1852 2560 1966 2595 vero
1983 2544 2094 2594 inde
2118 2545 2276 2593 anima
2299 2545 2490 2606 recepta

1732 2635 1899 2683 vivens
1919 2647 2084 2682 rursus
2099 2634 2313 2692 exsistit,
2333 2632 2418 2694 qui
2438 2644 2588 2693 prope
2607 2633 2761 2681 fuerat
2781 2633 3066 2680 torrefactus
3080 2667 3092 2690 ,

1732 2724 1942 2784 facitque
1963 2723 2174 2783 germina
2191 2759 2204 2781 ,
2231 2721 2280 2768 et
2302 2719 2493 2767 videtur
2515 2718 2732 2766 celeriter
2759 2718 2921 2777 fugere

1733 2824 1793 2860 ex
1822 2813 2042 2859 materno
2064 2809 2244 2872 gremio
2270 2811 2324 2856 tn
2346 2819 2518 2856 aerem
2545 2819 2644 2875 prae
2667 2805 2961 2854 temulentia.

1736 2903 1833 2962 Ego
1854 2900 2016 2948 autem
2036 2898 2202 2959 subigo
2225 2899 2274 2945 et
2299 2895 2470 2945 vellico
2489 2907 2677 2943 comam
2691 2930 2706 2949 ‚

1736 2991 1790 3038 ut
1813 2988 2045 3050 fugitivus
2067 2986 2250 3049 pudore
2275 2986 2478 3033 affectus
2503 2987 2631 3032 retro
2653 2982 2938 3031 deducatur.

1737 3078 1875 3129 Brevi
1893 3080 2110 3138 tempore
2129 3077 2234 3137 post
2253 3075 2415 3133 turget
2438 3072 2583 3121 etiam
2605 3069 2971 3133 propaginibuS,

1688 3182 1694 3221 1
1737 3175 1875 3223 quasi,
1905 3167 1958 3211 ut
1988 3162 2284 3225 superfluae,
2315 3159 2544 3209 exscindo
2565 3162 2615 3209 et
2637 3158 2872 3208 comburo
2897 3174 2910 3207 ε

1688 3252 1695 3313 1
1737 3256 1834 3295 *uin
1867 3253 1990 3300 liunt
2008 3249 2220 3314 pampini
2241 3247 2421 3311 plantae
2439 3246 2679 3308 tegmina,

1738 3346 1781 3390 et
1812 3353 1907 3389 uva
1925 3340 2086 3388 statim
2107 3337 2156 3385 in
2179 3336 2377 3399 palmite
2397 3336 2655 3395 formatur,

1741 3441 1940 3491 prorsus
1959 3425 2132 3476 acerba
2154 3426 2348 3487 gustatu
2363 3461 2378 3486 ‚
2405 3437 2573 3485 aspera
2593 3424 2641 3472 et
2663 3423 2868 3470 acetosa.

1740 3516 1924 3569 Deinde
1939 3528 2088 3577 quum
2103 3513 2245 3563 video
2260 3512 2434 3562 foetum
2449 3525 2552 3561 esse
2567 3510 2831 3560 maturitati
2859 3509 3134 3572 proxiunun
3153 3548 3165 3569 ‚

1742 3616 1986 3667 uvamque
1999 3602 2100 3665 jam
2121 3602 2394 3665 promptam
2413 3599 2475 3649 ad
2493 3602 2660 3649 nectar
2679 3598 3022 3660 emittendum,

1740 3690 1944 3755 decerpo
1964 3690 2192 3754 quicquid
2213 3688 2416 3739 occultis
2432 3687 2654 3749 igniculis
2676 3688 2957 3749 percoctum
2981 3689 3071 3746 est,

1742 3784 1789 3830 et
1808 3782 2088 3842 decerptum
2107 3778 2308 3841 pedibus
2327 3777 2487 3837 calco,
2508 3779 2568 3825 uc
2586 3788 2768 3824 succus
2790 3775 3058 3832 dimone&

1743 3874 1890 3932 atque
1912 3871 2169 3929 acceptum
2191 3868 2361 3915 vinum
2379 3878 2479 3913 non
2497 3865 2663 3913 statim
2684 3863 2795 3911 bibo
2813 3880 2826 3921 ;

1744 3971 1837 4006 non
1858 3958 1985 4005 enim
2005 3954 2190 4004 sufficio
2208 3953 2438 4003 adversus
2457 3957 2559 4001 tam
2579 3965 2792 4001 crassum
2812 3951 3074 4013 liquorem,

1744 4044 1930 4095 etiamsi
1948 4042 2152 4092 dulcedo
2181 4055 2258 4091 me
2281 4040 2454 4090 invitet
2477 4041 2534 4088 ut.
2551 4039 2686 4089 labra
2704 4038 3006 4088 admoveam.

1746 4136 2074 4183 Veruntamen
2097 4130 2238 4179 video
2259 4129 2390 4179 intus
2411 4128 2626 4178 babitare
2647 4140 2806 4175 acrem
2826 4128 3091 4189 gigantem,

1746 4222 1883 4282 cuius
1904 4221 2110 4267 furorem
2129 4231 2315 4277 vereor,
2335 4217 2550 4267 nondum
2570 4218 2810 4278 expertus

1747 4314 1909 4368 Quum
1933 4321 2049 4356 vero
2069 4307 2270 4368 vegetus
2283 4306 2365 4355 ille
2383 4308 2504 4355 oestu
2526 4304 2750 4366 fatigatus
2769 4302 3102 4363 consenuerit,

1748 4398 1944 4456 sorbe0,
1965 4396 2034 4445 ita
2071 4398 2234 4444 tamen
2255 4396 2312 4443 ut
2331 4394 2548 4443 canalem
2567 4392 2756 4455 injectis
2775 4390 3036 4440 intervallis
3053 4393 3266 4439 avertam
3290 4410 3300 4437 :

1749 4498 1934 4547 semper
1959 4484 2084 4533 enim
2105 4484 2266 4531 adhuc
2287 4484 2454 4531 metuo
2475 4484 2524 4531 et
2547 4494 2715 4530 caveo.

1753 4578 1900 4623 Parce
1921 4573 2062 4632 igitur
2081 4573 2334 4634 sumptum
2351 4571 2520 4619 vinum
2548 4569 2787 4631 procurrit
2819 4569 2865 4616 in
2891 4580 3034 4616 venas

1751 4664 1959 4712 calidum
1975 4699 1988 4721 ‚
2008 4662 2279 4711 excitandae
2301 4660 2448 4709 animi
2467 4660 2647 4708 laetitiae
2667 4662 2942 4720 promptum
2964 4672 2976 4704 ε

1756 4752 1883 4813 large
1903 4742 2066 4799 autem
2088 4750 2300 4798 infusum
2320 4748 2492 4810 raptim
2515 4747 2750 4809 percurrit
2767 4748 2816 4794 ct
2837 4745 3127 4803 inflammat,

1754 4854 1810 4888 ac
1827 4854 1938 4888 cum
1964 4839 2108 4887 animi
2135 4837 2344 4899 quadarn
2365 4836 2644 4885 dilatatione
2672 4834 2868 4895 illapsus

1756 4928 1942 4976 vultum
1968 4927 2126 4975 colore
2151 4926 2296 4973 rutilo
2326 4924 2492 4986 pingit.

1757 5017 1865 5067 Dixi
1893 5016 2152 5073 liactenus;
2176 5017 2229 5062 tu
2261 5012 2490 5061 autemid
2520 5013 2643 5059 nosti
2675 5031 2682 5058 :

1753 5104 1849 5166 jam
1880 5119 1991 5152 vero
2019 5118 2045 5151 a
2073 5104 2185 5150 vino
2212 5106 2376 5164 specto
2398 5114 2637 5149 somnum.
2671 5120 2692 5141 υ

1822 5192 1942 5253 Sed,
1971 5195 2253 5253 imperator,
2281 5192 2518 5252 plantator
2545 5188 2806 5247 virtutum,
