3767 5825
956 382 1294 443 SERVILH
1336 382 1834 444 DAMOCRATIS
1875 384 2058 459 QUAE
2099 384 2568 448 SUPERSU'NT.

273 514 555 589 Ἐμέσαντι
580 514 786 579 πάντως
809 512 902 585 τήν
932 522 1367 594 προσενεχθεῖσαν
1389 515 1601 597 τροφήν.

198 625 241 659 ιο
274 606 379 662 Καὶ
410 603 481 669 δὶς
502 602 554 661 δὲ
586 602 779 661 διδόναι
809 602 897 659 καὶ
922 602 1033 682 τρὶς
1056 604 1215 669 αὐτὰς
1240 606 1509 683 ἐπίτρεπε,

266 690 441 749 ’Όταν
468 692 598 769 μένῃ
625 693 819 766 σημεῖα
842 690 1055 771 φαύλων
1086 691 1401 772 φαρμάκων.

270 779 463 845 Δώσεις
493 780 547 837 δὲ
570 780 660 837 καὶ
684 783 789 845 τοῖς
817 782 1115 859 ἐντυχοῦσιν
1142 784 1401 859 ἑρπετοῖς,

266 871 389 927 Τῶν
413 866 631 925 ἷοὸόλων
656 891 711 925 τε
742 867 931 946 θηρίων
956 878 1062 935 τοῖς
1083 869 1362 947 δήγμασιν,

263 953 494 1035 ι’Υδρωη
517 959 808 1038 κεραστῶν,
835 956 1093 1035 ἀσπίδων,
1112 957 1201 1015 καὶ
1225 959 1479 1038 διψάδων,

198 1066 240 1102 15
272 1043 379 1103 Καὶ
404 1047 508 1101 τῶν
532 1046 775 1123 ἐχιδνῶν,
802 1047 904 1102 τῶν
928 1068 985 1103 τε
1017 1044 1329 1104 λυσσώντων
1356 1048 1521 1105 κυνῶν
1544 1070 1558 1083 ·

272 1131 375 1189 Καὶ
401 1129 501 1209 γὰρ
528 1132 593 1187 τὰ
618 1131 813 1189 τούτων
842 1132 952 1189 ἐστὶ
981 1134 1155 1211 φαῦλα
1186 1132 1449 1211 δήγματα·

256 1222 379 1277 Τῶν
407 1220 455 1277 τ’
479 1220 537 1277 ἐκ
558 1218 818 1290 θαλάττης
842 1218 1065 1278 ἷοὸόλων
1088 1218 1295 1277 πάντων
1320 1221 1526 1294 ἁπλῶς,

268 1307 372 1367 Καὶ
396 1309 499 1364 τῶν
528 1330 583 1364 τε
608 1308 813 1365 λεπτῶν
836 1307 1128 1385 λεγομένων
1154 1309 1439 1389 θηραφίων,

262 1398 513 1473 Σφηκῶν,
541 1396 821 1471 μελιττῶν,
849 1394 1133 1474 σκορπίων,
1168 1396 1478 1472 ἄνθηδόνων,

186 1504 235 1540 20
265 1480 592 1559 Φαλαγγίων
622 1504 677 1539 τε
702 1482 1003 1559 θανασίμων
1024 1482 1115 1542 καὶ
1140 1487 1397 1563 μυγαλῆς,

259 1574 309 1630 Τ
310 1574 372 1639 ἧς
402 1569 669 1628 α’ντιδότου
700 1569 795 1643 μὲν
824 1571 1056 1642 πλεῖονῆ
1085 1574 1329 1651 δραχμὴν
1358 1572 1483 1649 μίαν

264 1654 687 1735 [Λεπτο]καρύου
712 1656 770 1714 τὸ
794 1656 1007 1735 μέγεθος
1030 1659 1119 1716 καὶ
1145 1664 1316 1740 μικρῷ
1343 1661 1519 1734 πλέον,

264 1745 616 1824 Κεκραμένων
645 1744 698 1802 δὲ
727 1745 1009 1825 ζωρότερον
1034 1747 1237 1805 κυάθων
1262 1750 1409 1807 δέκα.

257 1834 375 1891 Οὔκ
388 1833 599 1911 ἀρκέσει
620 1831 675 1891 δὲ
698 1835 807 1899 τοῖς
832 1838 1007 1901 κακῶς
1032 1835 1359 1913 δεδηγμένοις

184 1942 232 1977 25
258 1919 429 1988 Ἀπαξ
454 1922 835 1999 προσενεγκεῖν,
864 1922 1001 1980 ἀλλὰ
1025 1923 1217 1981 διδόναι
1248 1924 1501 1991 πολλάκις

256 2009 351 2067 Δεῖ
377 2012 493 2075 τοὺς
516 2008 757 2076 θέλοντας
788 2009 1057 2090 ἐξαλεῖψαι
1084 2009 1199 2079 τοὺς
1223 2012 1427 2093 φόὸους.

254 2096 413 2156 Δίδου
442 2096 497 2155 δὲ
523 2096 651 2177 πρὸς
678 2097 853 2177 πάντα
879 2097 946 2157 τὰ
968 2098 1108 2171 πάθη
1135 2100 1225 2158 καὶ
1249 2100 1339 2168 τὰς
1361 2100 1539 2168 νόσους

252 2184 425 2244 “Oc-ott
445 2182 659 2266 φέρουσι
681 2189 756 2265 τῷ
779 2185 953 2267 χρόνῳ
980 2187 1259 2267 καχεξίας,

252 2271 389 2338 Τοὺς
417 2272 741 2351 περιοδικοὺς
767 2274 1018 2354 πυρετούς
1040 2299 1097 2333 τε
1123 2275 1216 2335 καὶ
1242 2277 1355 2357 [τὰ]
1382 2277 1555 2358 ῥίγεα,

178 2379 229 2417 ao
256 2361 489 2419 Μάλισθ’
516 2361 615 2419 ὅσα
648 2360 791 2437 με’νει
817 2360 951 2437 μετὰ
976 2361 1134 2421 πόνου
1163 2362 1325 2424 πολὺν
1350 2365 1555 2444 χρόνον,

258 2445 589 2515 Ἀποστάσεις
618 2448 837 2531 φέροντα
860 2449 1053 2530 κυρίων
1079 2452 1273 2525 τόπων,

255 2540 392 2604 Ταῖς
413 2536 895 2615 πνευματουμέναις
920 2562 977 2597 τε
1002 2538 1207 2615 μήτραν
1235 2538 1271 2611 ἢ
1296 2540 1470 2618 κόλον,

246 2624 411 2684 Ὅσοι
433 2650 491 2685 τε
513 2627 692 2685 κύστιν
715 2626 749 2697 ἢ
780 2625 992 2706 νεφροὺς
1018 2628 1292 2705 ἀλγήμασι

250 2714 489 2791 Χρονίοις
510 2716 814 2793 ὀχλοῦνται,
838 2714 937 2773 κᾶν
964 2716 1078 2790 μεθ’
1106 2720 1268 2775 ἑλκῶν
1297 2717 1333 2789 ἢ
1358 2718 1533 2779 λίθων.

172 2820 221 2859 ³5
246 2801 445 2869 Δώσεις
468 2804 521 2861 δὲ
545 2802 635 2861 καὶ
661 2811 768 2870 τοῖς
794 2804 1065 2875 ἡπατικοῒς
1099 2805 1259 2873 αὐτὰς
1283 2809 1455 2874 καλῶς
1470 2854 1486 2882 ,

250 2890 523 2969 Ἀνάγουσί
544 2895 592 2950 τ’
618 2894 679 2950 ἐκ
706 2890 940 2972 θώρακος
970 2883 1103 2970 αἷμα
1134 2895 1416 2969 πολλάκις,

248 2980 353 3039 Καὶ
382 2984 487 3046 τοῖς
509 2983 766 3060 τρυγῶδες
797 2981 1113 3061 ἀναφέρουσι
1145 2982 1236 3041 καὶ
1260 2985 1431 3064 ὑγρὸν,

243 3065 412 3128 Ὅθεν
439 3067 503 3127 ἂν
531 3069 753 3151 φέρηται
780 3075 959 3145 τοῦτο,
993 3068 1087 3128 κᾶν
1116 3073 1175 3128 ἐκ
1198 3071 1508 3149 πνεύμονος·

244 3157 404 3215 Δίδου
434 3155 490 3216 δὲ
511 3158 603 3217 καὶ
626 3163 733 3225 τοῖς
759 3157 1013 3239 ῥήγματ’,
1037 3157 1073 3229 ἢ
1101 3159 1190 3217 καὶ
1218 3161 1509 3237 σπάσματα

168 3263 216 3300 ιο
240 3241 571 3323 Ἐσχηκέναι
594 3245 805 3324 λέγουσι
833 3250 937 3304 τῶν
967 3247 1109 3315 ἐντός
1136 3272 1299 3315 τινος·

240 3331 423 3411 Αἴρεις
441 3331 542 3412 γὰρ
567 3335 738 3392 αὐτῶν
761 3331 878 3401 τοὺς
897 3335 1081 3402 πόνους
1108 3335 1200 3395 καὶ
1226 3335 1343 3406 τοὺς
1371 3337 1575 3418 φόὸους.

242 3420 627 3498 Προσενεκτέον
656 3419 712 3480 δέ
735 3423 841 3489 τοῖς
862 3423 1058 3504 τροφὴν
1087 3423 1161 3499 μὴ
1188 3425 1376 3505 ῥαδίως

247 3508 512 3567 Πέττουσι
526 3556 543 3584 ,
566 3508 663 3568 κᾶν
686 3509 921 3592 λάὸωσιν
946 3510 1126 3588 ὀλίγην
1154 3515 1452 3586 παντελῶς,

242 3595 342 3654 Ἀεὶ
374 3597 420 3654 δ’
444 3595 756 3664 ἄποξύνουσι
782 3597 873 3655 καὶ
896 3599 1203 3678 παραυτίκα
1220 3624 1233 3638 ·

164 3703 215 3740 ⁴5
241 3683 427 3751 “Όσοις
449 3689 498 3741 τ’
528 3684 729 3762 ἀνάγκη
759 3686 824 3742 δι’
856 3687 1155 3762 ἀποδημίας
1186 3698 1390 3768 μακρᾶς

242 3773 292 3830 Χ
302 3775 492 3848 ρῆσθαι
520 3771 657 3832 πάνυ
684 3771 899 3854 φαύλοις
922 3773 1104 3846 ὕδασι,
1134 3775 1223 3834 καὶ
1248 3776 1444 3844 τούτοις
1468 3777 1605 3838 δίδου

238 3861 347 3928 Τῆς
374 3861 645 3919 ἅντιδότου
670 3859 764 3936 μὲν
789 3859 909 3919 ὅσον
940 3862 1081 3939 ἄγειν
1106 3863 1412 3944 τριώὸολον,

236 3943 473 4014 ῖΥδατος
496 3947 550 4005 δὲ
578 3952 767 4027 θερμοῦ
798 3949 936 4027 τρεῖς
964 3950 1187 4018 κυάθους
1215 3950 1247 4022 ἢ
1277 3951 1534 4034 τέσσαρας

241 4035 357 4114 Πρὸ
382 4039 478 4106 τ’ῆς
497 4039 687 4116 τροφῆς
712 4035 900 4115 ὥραισι
921 4036 1109 4116 τρισὶν,
1135 4037 1169 4108 ἢ
1196 4039 1444 4098 πλείοσιν·

162 4143 211 4178 50
238 4127 363 4188 Τοῖς
392 4122 446 4180 δὲ
476 4124 597 4202 περὶ
618 4123 799 4183 κύστιν
829 4128 887 4182 ἐκ
916 4125 1129 4200 γλυκέος
1151 4127 1504 4205 κεκραμένης,

240 4214 620 4286 Αἱμοπτυῑκοῖς
642 4236 695 4271 τε
719 4213 809 4271 καὶ
834 4213 1101 4292 στόμαχον
1124 4215 1463 4290 ἡλκωμένοις.

236 4299 361 4363 Τοῖς
390 4299 846 4378 ῥευματιζομένοις
871 4299 925 4357 δὲ
949 4299 1036 4357 τὸν
1059 4298 1254 4380 θώραχ’
1284 4301 1403 4361 ὅλον

241 4386 472 4458 Δώσεις,
499 4386 711 4467 ἀφέψων
742 4389 814 4453 εἷς
840 4385 979 4466 ὕδωρ
1007 4387 1269 4460 δεσμίδιον

243 4473 438 4532 ΙΙολίου
453 4518 470 4545 ,
491 4475 550 4532 τὸ
579 4474 673 4550 μὲν
707 4473 971 4554 βέλτιστον
994 4473 1029 4546 ἢ
1055 4475 1113 4532 τὸ
1136 4475 1420 4555 Κρητικὸν,

160 4580 206 4614 δ’»
234 4557 305 4620 ἸΙ
338 4565 597 4620 Σκυθικοῦ
624 4561 686 4620 τὸ
713 4563 952 4642 κρεῖσσον
976 4565 1011 4633 ἢ
1040 4569 1129 4621 τοῦ
1157 4567 1441 4623 Ποντικοῦ·

237 4656 448 4706 (θᾶττον
474 4650 669 4716 στελεῖς
690 4648 793 4729 γὰρ
822 4649 913 4716 τὰς
937 4648 1096 4729 φορὰς
1124 4655 1225 4708 τῶν
1255 4651 1541 4732 ῥευμάτιον·

242 4735 336 4794 Ἐν
363 4736 501 4815 τρισὶ
529 4736 583 4794 δὲ
611 4737 817 4804 κυάθοις
834 4783 851 4813 ,
878 4743 947 4804 ὣς
973 4740 1237 4817 προεῖπον,
1260 4741 1538 4821 πρόσφερε.

240 4827 289 4882 Τ
294 4824 395 4889 ινὲς
420 4823 474 4882 δὲ
497 4825 587 4882 καὶ
618 4831 724 4892 τοῖς
746 4827 943 4906 σφόδρα
972 4832 1215 4885 πονοῦσιν
1238 4827 1411 4900 ὠτίον,

246 4911 473 4978 Ἀνέντες
497 4911 658 4982 αὐτὴν
689 4914 739 4970 ἐν
767 4915 949 4989 γλυκεῖ
975 4917 1051 4994 τῷ
1080 4916 1329 4996 Κρητικῷ

168 5021 215 5056 ⁶0
246 5002 335 5064 Εἷς
364 4999 484 5065 τοὺς
505 4999 693 5080 πόρους
718 5000 953 5058 ἐνέθεσαν
979 4999 1113 5079 ἔριον
1143 4999 1439 5081 διάδροχον.

240 5087 451 5166 Ἐχέτω
478 5089 523 5146 δ’
552 5093 581 5145 ὁ
608 5097 773 5146 ποιεῖν
802 5087 1063 5148 ἀντίδοτον
1094 5088 1256 5148 θέλων
1282 5089 1450 5160 καλὴν

242 5175 430 5234 Πάντα
461 5174 556 5254 μὲν
581 5175 752 5256 ἄκρως
778 5176 845 5234 τὰ
870 5174 1111 5254 μίγματα
1139 5175 1538 5256 τᾶξηρασμένα,

1810 528 1935 574 Esca
1951 526 2130 588 ingesta
2153 526 2305 588 ejecta
2329 528 2462 589 prius
2482 527 2694 577 vomitus
2710 541 2818 588 ope.

1812 613 1892 662 Bis
1909 612 2040 663 iliam
2059 616 2226 676 terque
2244 616 2450 677 proecipe
2465 618 2661 678 aegrotis
2681 616 2786 665 dari
2802 654 2818 679 ,

1812 702 1981 749 Donec
1998 701 2168 749 veneni
2188 701 2319 763 signa
2337 704 2620 763 permanent
2641 702 2772 751 mali.

1813 788 1936 837 Item
1961 788 2086 837 vaiet
2107 788 2376 838 antidotum
2397 790 2644 851 reptilibus
2661 790 2799 839 maiis

1810 878 1873 925 Et
1889 875 2150 925 bestiarum
2179 876 2430 927 virulentis
2449 878 2686 927 morsibus
2698 915 2713 940 ,

1809 960 1990 1022 Hydri,
2009 964 2230 1023 cerastae,
2254 962 2485 1024 dipsadis,
2505 964 2672 1015 itidem
2694 966 2870 1029 aspidis

1809 1050 1871 1098 Et
1897 1051 2074 1111 viperee
2095 1052 2144 1099 et
2160 1050 2292 1099 canis
2307 1065 2452 1113 quem
2476 1052 2631 1103 rabies
2645 1057 2852 1117 occupat
2863 1072 2879 1117 ;

1810 1138 1935 1187 Sunt
1954 1150 2164 1200 namque
2181 1151 2370 1188 morsus
2390 1140 2565 1189 horum
2585 1141 2726 1191 vaide
2742 1143 2901 1203 noxii3

1810 1226 1981 1275 Obstat
2001 1226 2196 1275 marinis
2217 1227 2442 1277 omnibus
2457 1227 2613 1277 beluis
2628 1242 2824 1292 quoque
2835 1265 2851 1290 ,

1808 1316 1870 1363 Et
1887 1327 2008 1376 quas
2023 1314 2236 1364 minutas
2253 1315 2430 1366 bestias
2452 1319 2648 1378 vocant,
2670 1330 2802 1380 apes,

1811 1402 2081 1451 crabrones
2092 1438 2108 1463 ,
2127 1414 2300 1464 vespas
2312 1439 2328 1463 ,
2347 1404 2586 1465 scorpios,
2603 1417 2807 1455 araneos

1809 1493 1994 1549 Mures,
2020 1491 2071 1539 et
2084 1490 2344 1552 perniciem
2363 1505 2476 1554 quae
2495 1492 2616 1542 dant
2631 1493 2898 1557 phalangia.

1809 1574 2026 1625 Antidoti
2044 1579 2207 1626 antem
2228 1578 2337 1641 pins
2350 1590 2496 1641 quam
2515 1578 2764 1629 denarium
2782 1581 2918 1631 dabis
2929 1618 2944 1643 ,

1808 1664 1919 1711 Nux
1939 1666 2173 1723 quantum
2197 1664 2452 1730 [avellana]
2475 1670 2562 1716 aut
2585 1681 2841 1731 parumper
2861 1670 3098 1733 amplius,

1808 1750 1970 1799 Mixtis
1986 1752 2332 1803 meracioribus
2351 1754 2538 1816 cyathis
2555 1754 2737 1805 decem.
2845 1766 2852 1773 ·

1737 1885 1745 1894 ,
1809 1839 1873 1887 At
1899 1838 2140 1889 morsibus
2162 1840 2384 1903 malignis
2402 1854 2501 1890 non
2523 1842 2638 1891 eatis
2660 1842 2806 1892 semel

1806 1926 1992 1977 Offerre
2006 1926 2296 1990 antidotum,
2320 1928 2404 1978 sed
2425 1928 2564 1979 dabis
2587 1930 2912 1993 frequentius,

1806 2014 1931 2063 Situ
1951 2016 2109 2065 metus
2129 2030 2192 2065 ex
2219 2018 2322 2066 toto
2339 2030 2479 2067 cures
2493 2017 2681 2067 tollere.

1806 2101 1944 2151 Idem
1964 2104 2164 2167 propina
2187 2104 2306 2155 vitia
2327 2105 2560 2155 adversus
2576 2107 2741 2157 omnia
2757 2108 2809 2158 et

1806 2190 2001 2240 Morbos
2017 2190 2100 2253 qui
2119 2194 2276 2255 spatio
2300 2207 2502 2256 pravum
2527 2194 2745 2257 praebent
2765 2196 2958 2259 corpori

1808 2279 2049 2329 Habitum
2066 2315 2081 2339 ,
2105 2280 2168 2329 ad
2191 2282 2346 2331 febres
2364 2281 2646 2346 redeuntes,
2665 2284 2842 2346 rigores
2859 2283 2945 2333 diu

1806 2369 2079 2417 Pet-stantes
2099 2382 2210 2417 cum
2229 2369 2500 2432 doloribus,
2521 2370 2820 2421 abscessibus

1804 2454 2046 2517 originem
2069 2457 2152 2519 qni
2172 2457 2292 2506 dant
2317 2458 2535 2508 locorum
2559 2460 2862 2524 principumg

1804 2543 2146 2608 inclusumque
2163 2548 2301 2595 utero
2320 2546 2488 2596 ilatum
2505 2548 2585 2597 ve!
2603 2546 2774 2598 flatum
2801 2549 2929 2611 coli,

1804 2633 1863 2681 Et
1879 2643 2004 2692 quos
2024 2633 2182 2682 vesica
2200 2633 2342 2683 torsit
2360 2635 2436 2683 vel
2461 2647 2598 2685 renes
2613 2635 2718 2698 diu,

1801 2717 1914 2768 Sive
1932 2719 2055 2769 adsit
2073 2720 2232 2781 uleus,
2247 2720 2350 2770 sive
2365 2724 2591 2785 torqueat
2605 2724 2743 2787 lapis,

1802 2806 1866 2855 Et
1884 2805 1924 2855 si
1939 2806 2076 2867 jecur
2093 2808 2338 2869 negotium
2357 2810 2568 2871 praeben
2592 2810 2730 2861 dabis

1803 2892 1912 2944 Rite
1930 2895 2204 2957 frequenter
2219 2897 2500 2960 sanguinem
2525 2898 2854 2962 educmtibm,

1801 2985 1865 3031 Et
1888 2987 2082 3046 pectore
2098 2985 2408 3034 fiecuientum
2427 2999 2518 3049 pus
2539 2987 2876 3050 reddentibus,

1801 3073 2003 3122 Fet-atur
2019 3073 2338 3137 undecunque
2350 3109 2366 3135 ‚
2382 3073 2445 3124 ait
2461 3075 2631 3138 pulmo
2649 3077 2788 3138 licet;

1800 3160 2044 3210 Praebebis
2065 3161 2210 3210 etiam
2232 3162 2388 3224 >ruptis
2405 3166 2492 3213 aut
2512 3163 2664 3214 vulsis
2681 3164 2858 3226 quibus

1802 3250 1941 3298 Intus
1969 3249 2162 3298 vulsum
2186 3252 2271 3299 aut
2289 3253 2487 3314 ruptum
2505 3252 2771 3315 quidquam
2790 3265 2894 3304 ease
2919 3254 3125 3319 diuitum

1800 3335 1876 3385 sic
1893 3349 2011 3386 cura
2027 3337 2178 3386 tristis
2195 3339 2361 3401 sicque
2383 3339 2589 3402 pelletur
2610 3341 2765 3393 dolor.

1800 3425 2083 3487 Propinabis
2103 3439 2244 3488 porro
2273 3428 2466 3489 aegrotis
2485 3429 2570 3490 qui
2593 3441 2690 3478 non
2718 3432 2940 3492 coquunt

1798 3512 1976 3563 cibum
1988 3549 2004 3574 ,
2025 3514 2136 3564 ticet
2157 3513 2478 3577 pauxillulum
2497 3518 2802 3588 comesa-int,

1800 3602 2038 3652 Acescunt
2057 3615 2230 3653 verum
2257 3603 2392 3666 queis
2409 3616 2716 3667 quincunque
2733 3606 3043 3669 ingesserant.

1798 3693 1901 3740 Nec
1917 3703 2016 3740 non
2035 3692 2232 3754 propina
2250 3704 2372 3754 qnos
2390 3692 2517 3756 cogit
2547 3693 2783 3755 profectio

1800 3777 2083 3840 Longinqua
2101 3779 2240 3841 aquis
2261 3779 2334 3828 uti
2359 3781 2498 3842 longe
2518 3780 2816 3844 deterrimis3

1798 3867 1886 3916 His
1905 3866 2106 3916 antidoti
2130 3869 2367 3928 quantum
2384 3867 2561 3930 pendet
2583 3868 2937 3920 semidrachma

1798 3960 1949 4016 Aquae
1969 3955 2170 4004 calentis
2186 3955 2372 4017 cyanus
2393 3955 2551 4005 tribus
2573 3961 2660 4006 aut
2676 3960 2910 4020 quattuor

1799 4041 1940 4091 Horis
1957 4045 2071 4091 ante
2091 4043 2251 4092 cibum
2271 4043 2420 4092 ternis
2435 4043 2522 4094 des
2536 4045 2614 4093 vel
2637 4045 2882 4108 pluribus3

1796 4130 1968 4178 vesica
1985 4131 2148 4178 autem
2173 4129 2304 4191 laesa,
2324 4142 2353 4179 e
2369 4129 2484 4178 vino
2501 4131 2634 4180 dulci
2655 4130 2794 4182 dabis

1798 4215 2080 4267 Antidotum
2099 4219 2448 4280 temperatum
2467 4217 2585 4269 item
2599 4219 2740 4270 dabis
2757 4221 2936 4284 quibus

1796 4307 1920 4356 Sunt
1931 4305 2293 4367 sanguinolenta
2312 4309 2473 4370 sputa,
2493 4308 2729 4358 stomachi
2747 4312 2835 4360 aut
2852 4311 3041 4373 uicem

1798 4395 1860 4442 Et
1879 4393 2030 4442 totius
2048 4407 2172 4456 quoe
2193 4393 2430 4445 fluxiones
2453 4397 2660 4458 pectoris

1796 4483 2007 4542 vexant,
2025 4481 2311 4531 fasciculum
2335 4482 2450 4544 polii
2467 4482 2742 4546 decoquens
2757 4497 2914 4549 aqua,

1796 4569 2110 4630 (Praectiterit
2134 4573 2298 4620 autem
2319 4571 2498 4621 cretici
2521 4572 2600 4621 vei
2621 4573 2830 4634 Scythici

1794 4659 1892 4709 Aut
1911 4657 2094 4706 Pontici
2122 4658 2279 4720 potius
2292 4695 2309 4721 ,
2327 4671 2440 4708 nam
2461 4659 2600 4709 sistes
2618 4660 2908 4725 rheumata)

1794 4747 1986 4806 Ter-nia,
2006 4747 2062 4794 ut
2081 4748 2193 4795 ante
2212 4745 2311 4796 dixi
2323 4781 2340 4807 ,
2360 4747 2548 4809 cyathis
2565 4747 2755 4797 offeres.

1795 4834 2002 4890 Quidam
2025 4833 2270 4884 doloribus
2287 4836 2556 4898 permagnis
2571 4836 2764 4886 aurium
2776 4872 2792 4898 ,

1798 4921 1939 4970 Duici
1961 4921 2236 4984 subigentes
2258 4924 2450 4972 Cretico
2465 4959 2480 4984 ‚
2504 4923 2744 4974 meatibus

1796 5013 1974 5058 Lanam
1993 5010 2192 5060 antidoti
2222 5010 2409 5073 liquore
2435 5011 2662 5074 irriguam
2681 5013 2937 5066 collocant.

1796 5100 1948 5147 Porro
1965 5099 2236 5148 antidotum
2257 5100 2438 5150 bonum
2456 5101 2540 5164 qui
2565 5114 2832 5163 proeparare
2855 5105 2962 5154 vuit

1800 5190 1845 5235 Ιε
1861 5189 2038 5238 cuncta
2062 5187 2235 5236 habeat
2255 5187 2572 5238 medicamina
2596 5190 2728 5239 arida
2747 5191 2925 5254 probo,

3263 400 3375 450 119
