3767 5825
965 395 1281 457 orrum
1319 391 1423 457 nn
1461 396 1909 459 VRNATIONE
1947 399 2092 465 Lm.
2135 400 2215 460 11..
2759 353 2778 369 χ
3123 407 3193 460 21

48 561 111 600 sas
134 536 329 618 ρηῑδίως
356 536 589 618 ἔρδουσι·
614 503 789 596 ποδων
816 560 877 614 γε
905 535 999 615 μὲν
1026 539 1121 597 οὐκ
1144 537 1237 598 ἶσα
1269 538 1453 621 μέτρα·

121 627 254 707 ὑψόθι
270 624 375 707 γὰρ
404 629 451 686 οἱ
474 625 671 708 πρόσθε
696 625 829 686 πολὺ
858 624 1016 686 πλέον
1044 625 1322 704 ἀείρονται.

116 714 270 779 Ῥινὸς
294 714 339 772 δ’
370 705 436 772 αυ
461 737 523 773 το
550 711 711 791 δέμας
738 712 1101 780 δυσπαίπαλος
1130 715 1492 794 ἀμφιὸἐὸηκε,

1643 549 1781 600 facile
1807 549 2096 615 expediunt3
2119 551 2298 615 pedum
2324 550 2521 614 quidem
2548 563 2647 600 non
2675 553 2802 601 sunt
2835 549 3045 614 equales
3071 563 3200 604 men·

1640 652 1769 688 surae
1789 639 1823 703 ]
1842 640 1940 690 alte
1955 654 2160 704 namque
2182 640 2442 689 anteriores
2465 638 2620 688 multo
2643 639 2795 701 magis
2816 639 3117 691 attolluntur.

1643 729 1781 778 Cutis
1806 742 1946 791 porro
1967 743 2141 791 corpus
2165 728 2452 790 rigidissima
2473 727 2648 788 ambit,

122 825 351 880 ,qm-205
362 799 612 882 κρατερός
624 825 712 874 τε
726 801 815 859 τὸν
842 799 901 860 Οὔ
927 825 985 860 χε
1002 801 1127 878 μάλ’
1142 802 1259 860 οὐδὲ
1282 826 1553 883 κραταῑος
1634 799 1911 850 densissima
1925 800 2176 864 firmaque,
2197 801 2640 863 quamneutiquam
2655 815 2740 850 ne·
2743 783 2937 864 quidem
2957 805 3080 854 ιιιΙῐι.
3087 821 3142 852 ιι.
3139 823 3186 868 n,

120 889 287 960 θηκτὸς
310 888 675 1000 πανδαμάτωρ
694 912 754 947 τε
779 887 1079 966 διατμήξειε
1108 887 1225 960 σίδη
1233 913 1337 968 ρος.

48 998 109 1038 ιω
128 977 293 1053 Θυμος
322 975 612 1058 ἀπειρέσιος
631 975 849 1036 πέλεται
874 975 1010 1036 κατὰ
1034 975 1247 1037 δάσκιον
1269 976 1402 1050 ῧλην

120 1064 295 1142 ἄγριος·
323 1067 379 1122 ἐν
406 1061 461 1122 δὲ
491 1067 693 1144 βροτοῖς
718 1064 926 1132 τιθασὸς
957 1063 1271 1146 μερόπεσσιν
1298 1064 1469 1138 ἐνηής.

118 1153 199 1213 Ἐν
225 1151 316 1230 μὲν
347 1150 453 1231 ἄρα
477 1154 731 1233 χλοερῇσι
755 1151 1139 1230 πολυκνήμοισί
1163 1177 1222 1212 τε
1252 1152 1475 1234 βήσσαις

116 1239 195 1298 καὶ
217 1238 405 1321 φηγοὺς
429 1238 661 1309 κοτίνους
684 1264 743 1300 τε
774 1241 867 1300 καὶ
891 1241 1189 1322 ὑψικάρηνοι
1221 1239 1439 1320 γένεθλα

116 1329 341 1410 φοινίκων
362 1328 614 1412 πρόρριζα
648 1328 787 1388 κατὰ
815 1329 997 1410 χθονὸς
1024 1327 1379 1402 ἐξετάνυσσεν,

48 1436 104 1478 ⁵³5
124 1416 403 1498 ἐγχρίμψας
430 1421 741 1498 θηκτῇσιν’
712 1417 1031 1499 απειρεσίαις
1059 1416 1342 1495 γενύεσσιν·

114 1505 293 1564 ὁππότε
318 1505 365 1564 δ’
392 1507 449 1564 ἐν
478 1505 723 1587 μερόπων
756 1510 1003 1587 βριαρῇσι
1031 1506 1180 1564 πέλει
1208 1506 1525 1587 παλάμῃσι,

114 1593 279 1663 ληθετο
304 1591 401 1669 μὲν
428 1595 647 1670 θυμοῗο,
672 1593 823 1653 λίπεν
851 1592 910 1652 δέ
938 1618 1025 1670 μιν
1056 1593 1234 1676 ἄγριον
1270 1563 1421 1676 ἧτόρ·

117 1679 225 1753 ἔτλη
252 1704 341 1740 και
362 1677 611 1759 ζεύγλην,
638 1681 734 1741 καὶ
759 1681 963 1762 χείλεσι
992 1680 1141 1742 δέκτο
1166 1683 1391 1763 χαλινὰ,

116 1769 191 1827 καὶ
213 1770 401 1836 παῖδας
424 1767 635 1828 νώτοισι
658 1769 801 1852 φέρει
830 1768 1166 1850 σημάντορας
1192 1770 1376 1854 ἔργων.

48 1875 109 1916 eto
197 1856 361 1936 Φήμη
392 1857 465 1931 δ’,
493 1861 569 1925 ὣς
590 1857 864 1942 ἐλέφαντες
894 1857 979 1916 ἐπ’
1003 1858 1249 1929 ἀλληλοις
1275 1859 1545 1934 λαλέουσι,

120 1944 369 2026 φθογγὴν’
343 1969 404 2004 εκ
430 1945 731 2058 στομάτων
739 1941 1036 2026 μεροπηΐδα
1064 1945 1438 2029 τονθρύζοντες·

122 2035 219 2092 ἀλλ’
244 2037 299 2094 οὗ
324 2044 488 2094 πᾶσιν
518 2034 771 2102 &nouo-roc
796 2033 893 2117 ἔφυ
916 2033 1169 2116 θηρειος’
1141 2036 1294 2110 αὕτη·

120 2120 270 2193 κείνης
293 2122 341 2180 δ’
366 2116 627 2181 εἰσαιουσι
650 2120 805 2200 μόνον
833 2122 1196 2200 τιθασεύτορες
1225 2121 1420 2204 ἄνδρες.

120 2210 298 2288 Θαῦμα
313 2207 371 2269 δὲ
386 2209 653 2270 καὶτόδῌ
616 2233 837 2284 ακουσα,
852 2209 1262 2294 κραταιοτάτους
1276 2209 1557 2292 ἐλέφαντας

48 2315 109 2354 sis
130 2297 355 2374 μαντικὸν
382 2301 440 2358 ἓν
473 2297 805 2371 edometur*
775 2322 915 2380 εχειν
943 2298 1093 2380 κέαρ,
1119 2298 1256 2380 ἀμφὶ
1278 2299 1333 2358 δὲ
1355 2305 1503 2380 θυμῳ

122 2385 367 2462 γινώσκειν
394 2387 667 2470 σφετέροιο
694 2387 861 2468 μόρου
886 2393 1182 2468 παριοῦσαν
1215 2387 1468 2466 ἀνάγκην.

122 2477 221 2533 Οὐκ
246 2475 345 2558 ἄρα
364 2499 449 2537 τοι
476 2475 739 2555 μούνοισιν
769 2479 821 2536 ἓν
849 2475 1135 2558 ὀρνίθεσσιν
1163 2475 1281 2534 ἔασι

125 2561 274 2623 κύκνοι
298 2563 616 2645 μαντιπόλοι
640 2563 759 2643 γόον
790 2563 1013 2624 ὕστατον
1042 2563 1299 2633 ἀείδοντες
1314 2609 1329 2634 ,

126 2649 241 2709 ἀλλὰ
266 2651 357 2712 καὶ
374 2656 431 2713 b
460 2652 703 2734 θήρεσσιν
730 2651 821 2724 ἑὴν
849 2652 1089 2712 Θανάτοιο
1115 2651 1361 2723 τελευτὴν

52 2759 115 2798 ιω
134 2741 473 2820 φρασσάμενοι
505 2740 624 2800 τόδε
653 2743 812 2825 φῦλον
843 2741 1061 2820 ἰήλεμον
1090 2740 1371 2800 ἕντύνουσι.

190 2828 485 2912 Ῥινοκίρως
512 2829 559 2888 δ’
586 2829 771 2910 ὄρυγος
799 2829 952 2906 μὲν”
924 2853 1019 2912 εφυ
1047 2828 1211 2906 δέμας
1236 2832 1541 2910 αἶθυκτῆρος

125 2918 171 2973 εὖ
194 2919 365 3000 πολλῷ
390 2917 608 2996 μείζων,
633 2917 805 2997 ὀλίγον
834 2918 879 2976 δ’
905 2916 1040 2998 ὑπὲρ
1068 2916 1228 2998 ἄκρια
1264 2918 1400 2999 ῥινὸς

124 3002 332 3064 ἆνεέλλει
356 3004 518 3089 κέρας
543 3006 708 3078 αἶνον,
738 3004 1127 3086 ἀκαχμένον,”
1092 3028 1269 3085 αγριον
1300 2996 1433 3086 ἆορ(

128 3090 259 3173 κείνῳ
286 3090 381 3171 μὲν
404 3092 611 3173 χαλκόν
635 3116 694 3152 τε
716 3092 1041 3173 διατρήσειεν
1069 3090 1289 3177 ὀρούσας
1303 3142 1323 3175 ,

52 3196 111 3236 ιω
134 3179 331 3251 ωτήσας
361 3180 587 3263 βριαρήν
614 3204 673 3239 τε
698 3180 999 3258 διατμήξειε
1022 3182 1317 3264 χαράδρην.

128 3268 288 3333 Κεῖνος
312 3268 403 3327 καὶ
431 3273 667 3349 σθεναρῷ
694 3291 793 3348 περ
823 3269 1133 3351 ἐφορμηθεὶς
1160 3269 1397 3351 ἐλέφαντι

122 3356 354 3423 πολλάκις
376 3358 431 3415 ἐν
458 3355 665 3435 κονίῃσι
689 3355 841 3415 νέκυν
870 3364 1101 3417 τοιοῦτον
1129 3356 1327 3430 ἔθηκεν·

126 3440 279 3521 ἠρέμα
308 3443 363 3503 δὲ
390 3442 596 3513 ξανθοῖς
620 3445 706 3503 ἐπὶ
732 3444 1101 3523 καλλικόμοισι
1130 3446 1389 3524 μετώποις

124 3528 201 3585 καὶ
225 3528 369 3612 νώτῳ
400 3530 719 3612 ῥαθάμιγγες
746 3530 1013 3612 ἐπήτριμα
1038 3533 1374 3613 πορφύρουσι.

52 3634 113 3672 ιω
136 3616 321 3686 Πάντες
346 3620 392 3677 δ’
419 3618 629 3702 ἄῤῥενές
656 3624 784 3691 εἶσι,
812 3620 903 3679 καὶ
932 3620 1120 3680 οὔποτε
1146 3624 1302 3693 θηλυς
1325 3626 1533 3702 ὃραται·

124 3728 197 3762 και
220 3706 391 3780 πόθεν,
417 3710 516 3768 οὐκ
544 3706 719 3779 ἐδάην·
748 3707 929 3789 φράζω
954 3708 999 3767 δ’
1026 3712 1151 3789 οὐχ,
1181 3714 1254 3777 ὡς
1282 3710 1539 3782 δεδάηκα,

120 3791 197 3851 εἶτ’
220 3785 306 3853 ουν
332 3799 395 3855 ἐκ
420 3794 621 3878 πέτρης
641 3794 789 3855 ὀλοὸν
810 3794 929 3854 τόδε
957 3798 1116 3878 φῦλον
1152 3799 1393 3868 ἐπῆλθεν,

130 3880 193 3937 εἶτ
194 3882 540 3965 α’ὗτόχθονὲς
567 3886 717 3957 εἰσιν,
745 3884 1117 3944 ἐπαντέλλουσι
1142 3883 1197 3943 δὲ
1224 3884 1409 3964 γαίης,

126 3966 215 4027 εἴτε
238 3992 365 4052 προς
393 3969 645 4043 ἀλλήλων
670 3970 885 4053 τέραςἸ
851 3994 1025 4052 αγριον
1052 3972 1330 4053 ἐκφύονται

56 4072 113 4111 ⁵3
125 4056 265 4205 νῖἑσφι
284 4060 459 4119 πόθων
488 4058 581 4119 καὶ
606 4058 761 4140 νόσφι
785 4058 972 4138 γάμων
1000 4060 1089 4119 και
1116 4059 1268 4141 νόσφι
1290 4060 1484 4122 τόκοιο.

145 4146 268 4217 Ηδὴ
294 4170 389 4206 και
416 4148 663 4229 διεροῖσιν
691 4150 746 4206 ἐν
771 4147 1079 4228 ὖγροπόροιο
1109 4148 1379 4220 θαλάσσης

128 4232 337 4307 βένθεσιν
368 4234 691 4317 αὗτόῤῥεκτα
722 4232 841 4345 φύει
866 4232 959 4293 καὶ
987 4234 1229 4316 διμήτορα
1257 4240 1429 4316 φυλα,

128 4319 297 4401 ὄστρεά
322 4325 395 4397 τ’,
422 4321 687 4395 ἠπεδαναί
710 4322 757 4381 τ’
787 4321 978 4403 ἀφύαι,
1008 4322 1216 4401 κόχλων
1242 4348 1299 4382 τε
1323 4322 1557 4401 γένεθλα,

124 4407 339 4489 ὅστρακά
358 4434 419 4470 τε
442 4408 699 4493 στρόμὸοι
716 4434 775 4469 τε
790 4456 805 4483 ,
830 4408 899 4469 τά
926 4434 984 4469 τε
1011 4409 1301 4491 ψαμάθοισι
1327 4410 1557 4492 φύονται,

58 4512 115 4549 πο
198 4500 389 4558 Μοῦσα
417 4498 544 4581 φίλη
562 4544 581 4577 ,
603 4501 767 4578 βαιῶν
796 4496 854 4557 οὕ
876 4522 966 4575 μοι
994 4496 1141 4575 θέμις
1162 4496 1325 4578 ἀμφὶς
1353 4498 1557 4558 ἀείδειν·

128 4586 401 4653 αἰτιδανοὺς
426 4586 551 4646 λίπε
576 4590 737 4667 θῆρας
755 4632 773 4662 ,
806 4584 943 4654 ὅσοις
973 4586 1047 4663 μὴ
1082 4585 1273 4666 κάρτος
1299 4588 1512 4661 ὀπηδεῖ,

126 4672 375 4755 πάνθηρας
398 4674 665 4757 χαροποὺς
692 4674 775 4747 ἧδ’
805 4674 1075 4757 αἰλούρους
1100 4675 1445 4755 κακοεργοὺς,

126 4759 193 4817 τοί
214 4784 267 4820 τε
300 4762 680 4841 κατοικιδίῃσιν
700 4760 1101 4843 ἐφωπλίσσαντο
1128 4764 1361 4834 καλιαῖς,

126 4846 201 4902 καὶ
222 4848 464 4921 τυτθοὶις,
494 4848 745 4923 ἆταλοῦς,
768 4848 1133 4931 ὀλιγοδρανέας
1159 4872 1218 4908 τε
1246 4849 1496 4926 μυωξούς·

58 4948 115 4987 ⁸75
136 4932 205 4991 τοὶ
230 4934 336 4993 δ”
298 4960 417 5007 ητοι
420 4935 736 5047 σύμπασαν
761 4934 1040 5015 ἕπιμύουσι
1069 4936 1307 5016 μένοντες

126 5040 179 5096 1:
184 5021 448 5101 ιμερίην”
410 5044 573 5101 ωρην,
602 5021 763 5099 δέμας
780 5021 1014 5083 ὕπνοισιν
1039 5024 1323 5101 μεθύοντες·

130 5104 381 5187 δὸςμοροι,
407 5108 527 5167 οὔτε
557 5110 715 5191 βορὴν
748 5110 929 5183 ἑλέειν,
960 5114 1017 5170 οὗ
1046 5110 1233 5190 φέγγος
1256 5111 1480 5173 ἷδέσθαιῑ

130 5196 385 5271 φωλειοῖσι
410 5196 457 5253 δ’
484 5200 585 5263 ἑοῖς
614 5196 771 5257 ὕπνον
798 5220 1077 5257 τοσσουτον
1106 5198 1310 5278 ἔχοντες

1634 891 1857 952 acutum,
1880 888 2369 953 omniaque-domans
2384 887 2661 938 dissecuerit
2687 891 2780 938 sen
2781 905 2880 940 um.

1642 991 1843 1039 Animffl
1862 993 1992 1052 ipsis
2013 988 2278 1039 indomitus
2300 994 2378 1039 est
2398 987 2452 1038 in
2471 1000 2620 1052 opaca
2641 987 2762 1038 silva
2775 1023 2790 1050 ,

1644 1078 1799 1139 ferus3
1820 1077 1944 1127 inter
1962 1077 2178 1127 homines
2200 1090 2317 1127 vero
2335 1079 2617 1126 mansuetus
2631 1075 2903 1126 hominihus
2921 1075 3159 1140 mitisque.

1642 1171 1705 1216 Et
1726 1166 1922 1231 quidem
1945 1166 1996 1214 in
2017 1164 2199 1216 floridis
2221 1165 2544 1228 saltuosisquo
2565 1163 2755 1228 pascuis

1644 1260 1693 1304 et
1716 1254 1847 1317 fagos
1869 1253 2198 1316 oleastrosque
2219 1253 2271 1304 et
2291 1253 2480 1304 excelsa
2497 1264 2672 1314 genera

1644 1343 1912 1406 palmarum
1935 1341 2165 1392 radicitus
2187 1341 2240 1391 in
2263 1344 2442 1391 terram
2465 1339 2748 1403 prosternit,

1642 1430 1859 1481 incidens
1880 1431 2060 1491 acutis,
2082 1430 2355 1494 ingentibus
2378 1427 2534 1478 malis.

1645 1518 1848 1576 Quando
1868 1521 2031 1568 autem
2052 1519 2105 1568 in
2127 1518 2376 1567 hominum
2395 1514 2566 1566 validis
2589 1515 2664 1564 est
2681 1514 2902 1564 manibus
2915 1550 2930 1576 ‚

1644 1606 1942 1657 obliviscitur
1965 1606 2162 1670 quidem
2177 1605 2289 1668 irae,
2311 1603 2490 1654 deserit
2509 1615 2627 1653 vero
2647 1615 2762 1653 eum
2784 1614 2968 1652 soevum
2985 1615 3097 1663 cor;

1644 1695 1851 1744 sustinet
1873 1709 2069 1758 quqque
2086 1693 2285 1756 jugum,
2301 1694 2354 1744 et
2373 1692 2515 1742 labiis
2537 1691 2707 1755 recipit
2726 1691 2914 1751 frenos,

1644 1784 1693 1832 et
1713 1795 1891 1846 pueros
1913 1782 2056 1831 dorso
2077 1779 2236 1844 gestat
2252 1785 2595 1831 monstratores
2613 1791 2832 1844 operum.

1705 1874 1850 1921 Fama
1872 1872 2033 1919 autem
2055 1867 2157 1930 est,
2181 1869 2312 1931 quod
2333 1868 2575 1933 elephanti
2596 1867 2720 1917 inter
2739 1879 2794 1917 se
2813 1866 3166 1929 colloquantur,

1645 1972 1812 2008 vocem
1830 1972 1891 2008 ex
1915 1971 1999 2008 ore
2021 1957 2322 2006 articulatam
2339 1955 2600 2006 barrientes
2611 1973 2626 2017 3

1644 2059 1815 2096 verum
1837 2060 1933 2097 non
1957 2045 2179 2096 omnibus
2202 2043 2543 2096 auditu-facilis
2565 2046 2642 2093 est
2662 2043 2813 2094 ferina
2834 2056 2930 2092 vox
2945 2079 2960 2105 ,

1646 2135 1732 2186 sed
1754 2136 1888 2186 illam
1910 2135 2174 2186 exaudiunt
2197 2131 2500 2185 solummodo
2523 2133 2810 2182 cicuratoroe
2828 2130 2971 2195 (viri).

1645 2225 1928 2276 Miraculum
1942 2238 2084 2288 porro
2094 2223 2238 2272 etiam
2251 2222 2344 2272 hoc
2355 2219 2516 2270 audivi
2529 2256 2544 2283 ,
2560 2219 2922 2270 robustissimos
2933 2219 3206 2282 elephantos

1646 2312 1892 2362 fatidicum
1916 2312 1963 2360 in
1989 2310 2263 2374 pectoribus
2286 2309 2461 2359 habere
2481 2321 2583 2370 cor,
2607 2309 2658 2358 et
2679 2307 2804 2370 apud
2828 2308 3040 2357 animum

1645 2412 1932 2462 cognoscere
1953 2413 2057 2448 suae
2081 2398 2248 2448 mortis
2269 2398 2610 2448 adventantem
2629 2395 2977 2447 necessitatem.

1648 2491 1753 2536 Non
1776 2500 1890 2550 ergo
1912 2486 2027 2536 solis
2049 2487 2099 2536 in
2121 2486 2297 2537 avibus
2319 2489 2434 2536 sunt

1646 2575 1783 2638 cycni
1806 2577 1942 2624 vates
1964 2573 2148 2624 luctum
2175 2573 2400 2624 ultimum
2420 2575 2669 2634 canentes,

1646 2661 1733 2714 sed
1753 2663 1900 2713 etiam
1923 2662 2048 2712 inter
2070 2663 2194 2712 seras
2217 2676 2361 2711 suum
2386 2661 2556 2710 mortis
2578 2664 2806 2711 eventum

1645 2750 2080 2800 animadvertentes
2097 2751 2189 2798 hoc
2210 2763 2360 2812 genus
2381 2749 2566 2798 lessum
2587 2749 2785 2798 faciunt.

1708 2839 2004 2890 Rhinoceros
2025 2843 2186 2889 autem
2209 2852 2355 2902 oryge
2371 2838 2568 2902 quidem
2591 2843 2666 2889 est
2687 2853 2885 2902 corpore
2908 2840 3177 2902 impetuoso

1645 2942 1741 2979 uon
1761 2928 1916 2979 multo
1937 2928 2106 2990 maior,
2126 2928 2352 2991 exiguum
2376 2941 2492 2979 vero
2509 2940 2656 2992 supra
2677 2928 3001 2977 summitatem
3019 2929 3122 2979 nasi

1645 3017 1797 3081 surgit
1817 3030 1992 3074 cornu,
2013 3028 2187 3079 grave,
2211 3021 2432 3075 acutum,
2457 3027 2640 3065 saevum
2663 3015 2838 3075 telum3

1644 3104 1725 3155 illo
1744 3104 1940 3168 quidem
1964 3104 2239 3166 ferrumque
2259 3104 2499 3165 trajecerit
2521 3102 2873 3165 impetu-sacto,

1646 3192 2000 3255 vulneransque
2022 3192 2216 3242 firmum
2237 3190 2524 3241 dissecuerit
2545 3204 2734 3239 samm.

1645 3280 1731 3329 Ille
1752 3280 1974 3342 quamvis
1994 3278 2206 3328 validum
2231 3278 2416 3327 irruens
2437 3278 2841 3340 m-elephantum‚

1644 3381 1773 3431 saepe
1796 3368 1847 3418 in
1868 3367 2150 3431 pulveribus
2172 3368 2418 3417 mortuum
2439 3366 2582 3416 talem
2605 3365 2879 3429 prosternit.

1644 3455 1829 3506 Sensim
1852 3469 1970 3505 vero
1993 3456 2043 3504 in
2065 3455 2170 3504 rusa
2191 3454 2522 3517 pulchricoma
2544 3454 2700 3503 fronte

1642 3546 1773 3594 etin
1794 3543 1938 3594 dorso
1960 3542 2160 3593 maculae
2181 3542 2430 3593 confertim
2452 3545 2823 3606 purpurascunt.

1644 3635 1825 3681 omnes
1848 3645 1965 3681 vero
1986 3643 2144 3681 mares
2165 3633 2306 3691 sunt,
2327 3642 2419 3681 nec
2439 3643 2652 3693 unquam
2677 3629 2854 3679 femina
2875 3630 3182 3691 conspicitur,

1643 3721 1693 3768 et
1714 3718 1844 3769 unde
1866 3722 2133 3779 ονίαηιιιν,
2157 3732 2254 3769 non
2275 3719 2419 3781 novi,
2442 3732 2600 3782 neque
2623 3717 2732 3768 dico
2753 3730 2832 3767 me
2855 3717 3004 3778 scire,

1644 3806 1744 3855 sive
1764 3821 1826 3856 ex
1848 3811 1984 3870 petra
2005 3808 2266 3857 exitiosum
2286 3806 2379 3857 hoc
2399 3820 2550 3869 genus
2568 3806 2822 3869 prodierit,

1644 3895 1747 3943 sive
1770 3894 2018 3957 terrigenae
2040 3878 2165 3955 sint,
2188 3894 2494 3956 existantque
2515 3893 2757 3953 e-tellure,

1643 3982 1744 4031 sive
1766 3996 1795 4030 a
1814 3987 2108 4032 sese-mutuo
2134 3984 2427 4045 (monstrum
2451 3980 2758 4039 horrendum)
2781 3983 3091 4042 procreentur

1644 4069 1747 4119 sine
1768 4068 2012 4119 amoribus
2032 4074 2082 4119 et
2104 4069 2206 4119 sine
2222 4054 2406 4131 nuptiis
2425 4072 2476 4117 et
2498 4068 2601 4117 sine
2622 4067 2852 4129 pai-tione.

1644 4162 1765 4208 Sane
1786 4158 1932 4207 etiam
1955 4157 2003 4205 in
2027 4156 2236 4205 humidis
2255 4155 2427 4206 undosi
2447 4154 2593 4205 maris

1644 4246 1910 4307 gurgitibus
1932 4243 2311 4307 a·seipsis-tactae
2332 4244 2594 4293 nascuntur
2615 4242 2890 4293 sine-matre
2911 4242 3107 4305 stirpes,

1642 4337 1896 4395 ostreaque
1918 4331 2229 4394 imbellesque
2248 4344 2386 4393 apuae
2417 4330 2815 4393 cochlearumque
2836 4343 3006 4392 genera
3018 4366 3033 4392 ‚

1644 4423 1950 4483 testaceaque
1972 4418 2315 4481 conchyliaque
2337 4420 2388 4469 et
2408 4431 2520 4481 quae
2542 4418 2698 4467 arenis
2719 4420 2997 4467 nascuntur.

1706 4511 1844 4558 Musa
1866 4508 2046 4568 amica,
2067 4506 2130 4557 de
2151 4507 2312 4571 parvis
2333 4520 2414 4556 me
2433 4520 2530 4557 non
2553 4506 2692 4556 decet
2713 4518 2911 4565 canere;

1646 4596 1859 4645 minutas
1880 4594 2149 4645 missas-fac
2171 4595 2374 4657 bestias,
2399 4608 2519 4658 quas
2539 4594 2685 4644 robur
2707 4602 2802 4643 non
2825 4593 3096 4653 comitatur,

1648 4684 1899 4745 pantheras
1921 4687 2080 4733 truces
2102 4686 2152 4733 et
2172 4683 2405 4733 mustelas
2429 4680 2695 4743 maleficas,

1647 4784 1757 4833 quse
1775 4771 2062 4821 domesticos
2081 4776 2326 4821 armantur
2345 4768 2786 4830 adversum-nidos,

1648 4860 1697 4907 et
1717 4871 1892 4921 parvos
1905 4894 1920 4919 ,
1945 4862 2157 4919 teneros,
2179 4858 2488 4921 imbellesque
2510 4857 2652 4918 glires
2666 4892 2684 4919 ,

1648 4946 1733 5010 qui
1755 4958 1871 4997 sane
1893 4948 2052 4995 totum
2070 4946 2330 4997 connivent
2351 4946 2581 5009 perpetuo

1648 5034 1903 5084 hibernum
1926 5040 2142 5096 tempus,
2168 5046 2365 5097 corpore
2386 5046 2556 5083 somno
2577 5034 2723 5098 ebrii3

1649 5120 1890 5183 (infelices
1903 5158 1916 5181 ,
1943 5134 2096 5184 neque
2119 5122 2280 5171 cibum
2297 5134 2465 5183 capere
2478 5158 2493 5182 ,
2515 5135 2672 5185 neque
2687 5122 2852 5171 lumen
2873 5122 3045 5171 intueri
3060 5122 3105 5188 l}

1651 5208 1735 5257 sed
1758 5208 1809 5257 in
1830 5209 2026 5259 latebris
2049 5209 2150 5257 suis
2172 5221 2393 5258 somnum
2417 5209 2726 5271 tam-longum
2748 5208 2979 5261 ducentes
