3767 5825
813 498 1806 643 FRIDERICO
1904 481 2759 640 DUBNERO

1583 812 1663 893 S.
1726 816 1814 894 P.

1881 817 1986 897 D.

1041 1122 1736 1228 ARMINIUS
1799 1123 2519 1296 KPECHLY.

238 1666 386 1740 Quae
411 1682 445 1724 e
485 1661 782 1723 codicibus
825 1662 1179 1723 Florentinis
1223 1670 1498 1739 excerpta
1539 1665 1619 1724 ad
1643 1682 1740 1726 me

158 1756 550 1830 perscripsisti
565 1796 582 1823 ,
612 1769 748 1812 cum
763 1752 892 1811 heri
910 1750 1261 1811 mihiessent
1284 1752 1495 1823 allata,
1528 1770 1739 1830 quam-

159 1858 346 1917 quam
367 1842 753 1901 decrescentis
778 1844 1078 1899 semestris
1104 1841 1424 1900 academici
1464 1858 1742 1901 crescen-

157 1930 322 1989 tibus
361 1930 658 1991 laboribus
695 1930 941 1989 obrutus
987 1936 1313 2005 temperare
1357 1936 1558 1989 tamen
1595 1932 1742 1991 mihi

157 2033 282 2077 non
301 2021 496 2095 potui,
519 2020 667 2094 quin
689 2020 888 2077 statim
915 2018 1114 2077 literas
1143 2017 1220 2077 ad
1243 2018 1328 2077 Te
1354 2019 1554 2079 darem
1569 2063 1585 2091 ,
1612 2021 1744 2097 qui-

156 2105 272 2166 bus
298 2114 357 2166 et
378 2110 596 2185 gratias
624 2106 762 2166 Tibi
789 2122 1024 2183 agerem
1056 2105 1444 2182 amplissimas
1466 2114 1526 2165 et
1556 2124 1744 2184 pauca

155 2195 433 2271 quaedam
471 2195 551 2255 ad
584 2211 711 2255 rem
745 2198 937 2273 ipsam
971 2198 1294 2273 spectantia
1337 2196 1738 2257 rescriberem.

155 2282 316 2344 Sunt
335 2301 434 2356 ea,
465 2283 670 2354 fateor,
699 2301 986 2362 perquam
1005 2285 1182 2344 exilia
1197 2328 1214 2356 ,
1242 2284 1348 2365 sed
1364 2285 1525 2344 unde
1543 2292 1743 2345 tamen

154 2389 512 2451 cognoscere
548 2376 736 2448 possis
750 2417 766 2445 ,
803 2389 936 2451 quae
960 2389 999 2433 a
1024 2372 1111 2432 Te
1142 2389 1373 2433 mecum
1399 2378 1741 2435 communi·-

154 2468 297 2521 cata
332 2467 471 2521 sunt
497 2460 946 2538 benignissime,
989 2478 1222 2522 summo
1265 2478 1335 2521 ea
1361 2462 1558 2523 studio
1587 2479 1624 2523 a
1648 2480 1744 2524 me

153 2566 294 2610 esse
318 2556 695 2627 pertractata.
722 2552 811 2610 Ac
853 2552 1112 2626 primum
1158 2550 1396 2627 quidem
1426 2551 1500 2610 de
1525 2551 1742 2612 Mane—

157 2636 370 2697 thom's
410 2638 611 2697 codice
657 2653 791 2713 quae
833 2654 1070 2709 narras,
1117 2640 1190 2697 iis
1226 2639 1342 2698 dici
1386 2655 1508 2699 non
1551 2648 1744 2717 potest

154 2732 416 2803 quantos
443 2729 644 2786 animo
665 2718 799 2788 ineo
821 2728 1090 2787 stimulos
1109 2729 1378 2804 injeceris
1393 2772 1409 2800 ,
1440 2735 1509 2788 ut
1525 2771 1543 2799 ,
1577 2733 1628 2789 si
1652 2748 1744 2790 res

157 2832 292 2874 meo
311 2831 389 2875 ex
402 2814 645 2875 arbitrio
658 2815 962 2891 penderet,
985 2815 1231 2875 sublatis
1247 2832 1380 2891 quae
1398 2834 1555 2876 anno
1569 2835 1742 2895 supe-

159 2904 314 2963 riore
333 2909 764 2964 commentatus
786 2921 916 2964 sum
929 2947 949 2976 ,
971 2902 1330 2965 Florentiam
1355 2906 1649 2981 profectus
1672 2907 1744 2967 de

155 2995 390 3069 integro
425 2996 612 3052 totam
670 2999 936 3052 retexere
981 2991 1164 3051 telam
1213 3008 1338 3052 non
1384 2992 1739 3054 dubitarem.

155 3079 386 3140 Verum
426 3082 582 3140 enim
627 3096 769 3140 vero
809 3079 1026 3157 quibus
1065 3081 1320 3140 retineat
1359 3082 1630 3153 vinculis,
1660 3083 1745 3141 Te

157 3183 284 3227 non
334 3166 482 3227 latet
495 3211 514 3239 ,
559 3173 619 3227 et
665 3183 874 3228 vereor
909 3183 1262 3245 magnopere
1275 3211 1293 3239 ,
1330 3185 1408 3227 ne
1451 3168 1744 3246 Hesperia»,

155 3271 306 3314 arva
319 3297 339 3327 ,
373 3259 574 3317 ruinas
601 3264 660 3315 et
685 3257 916 3317 codices
950 3273 1072 3317 non
1109 3260 1270 3332 prius
1299 3257 1461 3316 adire
1492 3259 1638 3318 mihi
1661 3259 1744 3320 li-

155 3351 291 3403 ceat
306 3388 325 3416 ,
378 3361 557 3421 quam
607 3345 964 3406 dissociabili
1016 3346 1129 3404 hoc
1169 3353 1460 3420 tempore,
1497 3363 1617 3423 quo
1649 3350 1742 3409 vei

155 3431 529 3494 firmissimas
556 3434 798 3494 dissolvi
845 3436 1149 3493 societates
1179 3442 1528 3511 queruntur,
1554 3454 1744 3501 unum

153 3538 231 3580 ex
259 3521 450 3582 Sosiis.
469 3525 691 3583 socium
712 3524 1024 3594 invenero,
1049 3525 1154 3598 qui
1187 3539 1425 3583 currum
1444 3524 1746 3586 stellatum

153 3616 445 3685 quattuor
493 3609 613 3670 illis
659 3613 802 3671 rotis
841 3615 1150 3672 immotum
1186 3610 1338 3688 bigis
1366 3611 1746 3690 quadrigisve

152 3697 444 3759 instruat!

239 3787 362 3847 Sed
403 3789 800 3866 transgredior
837 3787 915 3848 ad
952 3788 1324 3862 Maximum,
1357 3789 1432 3848 de
1475 3806 1591 3866 quo
1614 3806 1746 3867 quae

155 3877 278 3936 fuit
301 3878 458 3936 inter
491 3880 650 3938 viros
669 3877 874 3939 doctos
899 3881 1294 3952 controversia
1307 3921 1322 3948 ,
1349 3877 1509 3937 haud
1529 3881 1650 3938 scio
1667 3897 1744 3938 an

149 3965 496 4024 felicissimo
553 3972 658 4026 tuo
719 3965 1142 4043 paraphraseos
1182 3969 1424 4026 invento
1476 3970 1747 4043 componi

149 4054 635 4114 commodissime
653 4061 714 4114 et
734 4058 918 4131 possit
945 4061 1004 4115 et
1017 4055 1250 4115 debeat.
1277 4056 1429 4114 Nam
1448 4072 1585 4115 cum
1603 4056 1748 4117 Tze-

151 4151 272 4203 tzae
290 4186 308 4214 ,
342 4149 411 4203 ut
430 4146 574 4216 scis,
605 4143 835 4219 aliquot
866 4143 1044 4220 hujus
1065 4147 1342 4204 carminis
1367 4160 1570 4202 versus
1599 4151 1748 4203 tam-

147 4245 347 4306 quam
381 4246 456 4290 ex
495 4230 718 4308 Orphei
751 4231 1010 4308 quodam
1050 4229 1170 4309 περὶ
1207 4229 1462 4310 γεωργίας
1490 4234 1746 4292 carmine

147 4319 541 4394 depromptos
562 4317 987 4391 laudavissent,
1025 4323 1240 4380 summi
1279 4320 1560 4380 Lobeckii
1601 4321 1745 4379 olim

147 4405 286 4465 11ωο
313 4404 428 4465 fuit
448 4408 772 4478 sententia,
803 4427 834 4464 (1
865 4423 1104 4468 carmen
1120 4407 1267 4468 illud
1285 4453 1302 4480 ,
1338 4409 1501 4483 quod
1521 4408 1746 4469 Tzetzae

147 4493 400 4570 Orpheo
418 4494 708 4567 tribuunt,
735 4512 773 4555 a
797 4495 1064 4556 Maximo
1086 4513 1207 4556 non
1225 4501 1614 4572 compositum
1640 4497 1746 4558 sed

147 4582 525 4658 exscriptum
591 4582 796 4642 multis
859 4583 1005 4644 locis
1065 4591 1126 4644 et
1186 4586 1567 4660 compilatum
1621 4602 1748 4646 esse

147 4667 168 4748 (
183 4668 500 4748 Aqlaoph.
533 4686 590 4746 p.
623 4679 739 4730 424
771 4666 824 4749 );
851 4673 1158 4730 minimam
1181 4679 1379 4732 autem
1397 4675 1577 4732 totius
1598 4689 1749 4749 ope—

145 4761 236 4816 ris
260 4764 494 4833 partem
516 4759 592 4818 ad
607 4766 806 4818 nostra
823 4755 1090 4835 tem'pora
1113 4766 1404 4820 servatam
1425 4777 1552 4819 esse
1570 4759 1742 4840 (ibid.

143 4862 211 4921 p.
249 4853 366 4903 421
399 4841 439 4922 ).
473 4866 503 4901 i)
533 4845 779 4918 Contra,
805 4854 1122 4923 postquam
1145 4865 1218 4908 ex
1240 4849 1620 4925 paraphraste
1642 4856 1749 4909 tuo

143 4941 368 4994 curtus
398 4937 678 4994 carminis
706 4937 964 4996 ambitus
987 4939 1214 5012 patuit,
1245 4938 1604 5014 probabilior
1639 4942 1749 4998 erit

143 5024 420 5097 suspicio
443 5040 517 5081 ex
537 5040 606 5082 eo
627 5030 809 5099 poetae
831 5024 1216 5085 Alexandrini
1238 5043 1650 5102 opere—nam
1673 5026 1748 5085 de

145 5119 338 5174 aetate
359 5111 444 5170 Te
471 5129 703 5174 mecum
737 5117 1064 5174 consentire
1104 5115 1331 5192 gaudeo
1353 5149 1434 5160 —
1462 5115 1746 5191 quosdam

1833 1668 2099 1743 O'rphicis
2114 1710 2131 1739 ,
2170 1671 2272 1745 qui
2304 1675 2436 1745 post
2462 1670 2691 1747 aliquot
2724 1672 2933 1733 1111101110
2966 1676 3405 1752 impudentissi-

1830 1773 1931 1816 ma
1951 1757 2156 1817 fraude
2174 1760 2406 1834 antiqui
2429 1760 2648 1836 Orphei
2668 1778 2842 1838 opera
2859 1780 2896 1822 a
2922 1780 2985 1823 se
2998 1767 3409 1848 undecumque

1832 1848 2235 1906 consarcinata
2272 1848 2661 1909 venditabant
2677 1893 2693 1921 ,
2728 1854 2898 1927 cujus
2926 1856 3011 1913 rei
3039 1857 3233 1916 simile
3260 1862 3406 1935 quid

1833 1941 1893 1992 et
1928 1936 1991 1993 in
2030 1936 2277 1996 oraculis
2307 1936 2610 2014 Sibyllinis
2653 1940 2932 2000 accidisse
2978 1946 3199 2006 scimus
3242 1954 3303 2007 et
3344 1951 3410 2009 in

1833 2026 2025 2099 primo
2060 2031 2237 2101 atque
2271 2028 2481 2101 quinto
2520 2027 3115 2095 Manethoninnorum
3136 2034 3302 2095 libris
3322 2036 3411 2098 fa-

1833 2118 1994 2170 ctum
2014 2129 2138 2172 esse
2158 2113 2582 2175 demonstravi.

1916 2201 1952 2259 J
1955 2217 2051 2259 am
2080 2209 2147 2261 ut
2173 2202 2251 2261 ad
2279 2204 2510 2279 singula
2530 2211 2827 2265 transeam
2844 2250 2861 2276 ,
2888 2194 3050 2268 haud
3076 2215 3249 2287 pauci
3269 2223 3410 2276 sunt

1843 2289 1953 2348 ioci
1968 2333 1984 2361 ,
2016 2293 2099 2349 mi
2120 2290 2425 2365 Dubnere,
2462 2295 2566 2369 qui
2589 2297 2757 2354 novis
2788 2296 2999 2372 opibus
3019 2298 3149 2360 Tua
3166 2300 3411 2379 diligen-

1834 2380 1919 2437 tia
1944 2380 2187 2455 prolatis
2219 2387 2324 2440 aut
2357 2380 2670 2442 firmantur
2708 2391 2813 2444 aut
2856 2388 3261 2449 emendantur.
3293 2392 3410 2451 Eos

1835 2469 1932 2528 1110
1974 2470 2085 2529 sub
2120 2488 2305 2531 unum
2350 2480 2725 2548 conspectum
2764 2492 2981 2551 ponere
3014 2478 3176 2538 haud
3212 2481 3317 2540 abs
3348 2500 3411 2541 re

1835 2557 2017 2618 fuerit
2032 2603 2049 2631 ,
2077 2576 2439 2638 quamquam
2461 2562 2553 2621 Tu
2576 2564 2642 2621 in
2663 2563 2959 2641 plerisque
2975 2570 3101 2643 jam
3128 2585 3251 2628 rem
3279 2586 3413 2645 pro-

1835 2645 2069 2724 fligasti.
2107 2646 2195 2708 Ac
2222 2652 2478 2724 primum
2517 2651 2759 2726 quidem
2793 2668 3145 2731 magnopere
3172 2662 3410 2733 gavisus

1835 2752 1968 2794 sum
1983 2779 2000 2808 ,
2031 2737 2194 2812 quod
2215 2739 2485 2815 quaedam
2509 2740 2785 2801 lectiones
2820 2758 2858 2801 a
2884 2759 2980 2801 me
3008 2752 3251 2821 receptae
3292 2755 3407 2807 sta·

1834 2823 2143 2897 biiiuntur,
2164 2833 2341 2898 utra,
2360 2820 2460 2899 911,
2480 2835 2617 2899 101,
2640 2836 2777 2899 eso,
2796 2838 2933 2899 274,
2954 2839 3090 2902 341,
3106 2841 3246 2904 412,
3267 2843 3405 2895 533.

1838 2912 2051 2973 Contra
2078 2915 2211 2974 aliis
2238 2917 2385 2977 locis
2411 2932 2448 2975 a
2474 2933 2570 2976 me
2591 2924 2849 2978 erratum
2874 2936 3001 2978 esse
3040 2921 3268 2997 liquido
3284 2927 3412 3001 jam

1836 3000 2251 3062 demonstrasti
2267 3047 2285 3075 ,
2310 3010 2381 3063 ut
2408 3013 2523 3064 574
2564 3013 2623 3064 et
2652 3015 2759 3078 58,
2807 3007 2911 3067 11111
2950 3015 3152 3069 tamen
3194 3018 3253 3070 et
3289 3015 3414 3089 ipse

1837 3087 1882 3144 δ’
1912 3089 1974 3146 ἄν
2012 3113 2089 3148 τοι
2126 3095 2447 3168 scripturus
2488 3110 2679 3165 eram,
2711 3095 2815 3154 sed
2858 3096 3215 3160 lacunarum·
3241 3101 3413 3161 dete-

1835 3179 2163 3254 gendamm
2182 3182 2517 3242 curiositate
2541 3185 2604 3242 in
2623 3183 2843 3256 Quinto
2868 3191 3174 3263 tantopere
3196 3194 3412 3250 exerci-

1835 3273 1961 3326 tata
1986 3275 2355 3329 transversus
2382 3278 2547 3332 aetus
2575 3288 2729 3332 sum.
2761 3275 3005 3334 Accedit
3021 3279 3229 3336 tertius
3249 3278 3411 3339 locus

1838 3365 1912 3415 52
1942 3373 2062 3433 sq„
2094 3358 2197 3418 ubi
2235 3357 2492 3419 dubitari
2518 3376 2638 3420 non
2664 3369 2891 3437 potest,
2921 3366 3069 3440 quin
3091 3369 3411 3428 rectissime

1835 3448 2082 3523 vestigia
2098 3447 2316 3507 codicis
2334 3449 2634 3525 sequendo
2659 3451 3065 3512 emendaveris
3092 3471 3109 3512 ε

1960 3587 2027 3647 ἠὲ
2044 3587 2313 3652 τρίπλευρον
2341 3589 2408 3652 ιχ
2423 3605 2488 3639 ου
2502 3607 2533 3639 σ
2548 3607 2564 3638 ι
2598 3591 2851 3649 Σεληναίης
2870 3592 3133 3657 &papo-div,

1961 3659 1993 3718 ἢ
2006 3657 2229 3722 διάμετροι
2241 3659 2361 3724 φέρο
2374 3677 2403 3708 υ
2414 3677 2491 3710 σιν
2510 3660 2584 3711 ἐπ’
2604 3662 2761 3724 ἀγλαὰ
2783 3663 2906 3726 φάεα
2925 3665 3063 3728 Μήνῃ
3075 3697 3092 3722 ,

1835 3786 1920 3843 ita
1938 3792 2008 3844 ut
2030 3793 2099 3845 51
2130 3803 2360 3846 comma
2384 3793 2517 3863 post
2538 3784 2809 3867 δέρκονται
2834 3789 3163 3851 tollendum
3184 3795 3281 3851 sit.
3310 3793 3413 3852 Se-

1835 3873 2109 3950 quuntur
2126 3875 2259 3947 loci,
2283 3879 2346 3933 in
2376 3877 2593 3952 quibus
2617 3877 2745 3936 aliae
2767 3878 3186 3940 vocabulorum
3207 3879 3413 3941 formae

1837 3977 1871 4020 0
1906 3961 2109 4020 codice
2145 3962 2462 4023 inferenda
2497 3969 2637 4023 sunt
2668 3981 2683 4021 :
2730 3981 2792 4023 v.
2832 3971 2903 4022 17
2935 3964 3229 4040 παλιμποίν
3246 3987 3416 4038 οισιν,

1843 4056 1916 4108 36
1940 4055 1999 4108 et
2016 4045 2501 4128 1111111οἰχνεύοντα,
2537 4061 2560 4108 l
2575 4058 2648 4109 70
2671 4047 2964 4128 συνάγχης
2978 4094 2997 4124 ,
3026 4060 3140 4112 857
3166 4054 3415 4134 αἰθροπο-

1838 4135 2052 4206 λεύσης
2077 4144 2137 4197 et
2160 4141 2243 4196 ita
2272 4139 2544 4197 similiter
2566 4139 2979 4217 αἶθροπολεῦσαν
3008 4149 3125 4202 497
3155 4149 3415 4203 01-πο-

1839 4223 2029 4295 xenio-q<
2071 4234 2209 4298 598,
2248 4236 2362 4286 600
2393 4226 2593 4292 κλοπα
2614 4225 2724 4284 (oo.
2764 4227 2960 4288 Etiam
2995 4239 3101 4290 361
3134 4229 3417 4309 θαρσαλέος

1839 4315 2275 4374 rescribendum
2304 4331 2432 4374 esse
2453 4331 2531 4375 ex
2570 4324 2683 4376 163
2718 4323 2777 4375 et
2813 4326 2927 4377 585
2953 4325 3135 4394 patet.
3168 4320 3323 4379 Tum
3346 4324 3417 4380 in

1838 4405 2453 4464 modishaecmutanda
2466 4411 2708 4466 sunt2V.
2725 4414 2800 4466 98
2818 4404 3326 4482 κομίζειςίιι-ζο
3339 4431 3417 4481 ις,

1844 4501 1957 4553 173
1977 4489 2127 4550 πέλοι
2152 4495 2213 4552 in
2233 4490 2399 4564 πέλει,
2423 4509 2556 4569 quoe
2574 4495 2701 4570 lpse
2712 4497 2839 4570 jam
2857 4495 3157 4569 indicasti,
3190 4506 3305 4557 600
3325 4496 3418 4554 πέ·

1838 4582 1921 4640 λοι
1949 4586 2012 4641 in
2046 4580 2202 4658 πέλῃ.
2247 4583 2462 4643 Contra
2485 4591 2597 4643 355
2623 4579 2792 4641 λείποι
2813 4587 3059 4656 retium,
3081 4601 3190 4644 nec
3216 4594 3329 4646 370
3350 4583 3415 4655 ἢν

1840 4666 1886 4726 δ’
1912 4667 1975 4726 ἂν
2004 4668 2325 4749 ὖπερὸάλλοι
2350 4677 2495 4747 puto
2528 4670 2671 4730 ferri
2696 4687 2867 4747 posse
2895 4692 2909 4729 :
2938 4681 3097 4733 certo
3134 4670 3199 4743 ἢν
3228 4674 3274 4730 δ’
3308 4673 3384 4754 ἄρ
3402 4677 3417 4700 ’

1840 4756 2166 4837 ὓπερὸάλλῃ
2185 4756 2562 4820 scribendum
2580 4766 2702 4833 est,
2719 4763 2837 4819 nisi
2856 4762 3124 4837 proeferas
3137 4764 3298 4838 quod
3318 4781 3419 4840 po-

1838 4851 1932 4907 sui
1960 4866 1974 4905 ε
2025 4848 2088 4904 εἰ
2115 4844 2162 4904 δ’
2195 4845 2260 4906 ἂν
2288 4845 2651 4926 ὓπερὸάλλοι.
2686 4847 2905 4909 Contra
2922 4867 3082 4910 nune
3122 4859 3234 4911 155
3256 4849 3333 4920 ἢν
3365 4849 3419 4909 δὲ

1841 4933 1971 5011 γυνὴ
2012 4932 2297 5016 βαρῦθῃσιν
2329 4935 2603 5012 praefero,
2626 4943 2697 4996 ut
2726 4945 2836 4997 6⁶1
2878 4939 3178 4998 emendari
3201 4938 3409 4998 debett

1839 5019 1917 5092 ἢν
1948 5022 2106 5081 δὲ-
2134 5023 2397 5104 φαείνῃ.
2428 5022 2519 5082 De
2556 5021 2829 5094 λωὸήσατ’
2860 5032 2973 5084 110
3002 5023 3199 5086 adhuc
3224 5029 3419 5086 ineer-

1838 5119 1937 5172 tus
1972 5130 2121 5172 sum.
2160 5113 2387 5173 Deinde
2435 5122 2509 5172 20
2555 5111 2867 5171 ἀπονέεσθαι
2906 5115 3247 5190 ponendum
3286 5131 3413 5174 esse

145 5202 234 5262 de
259 5199 626 5278 agricultura
648 5201 806 5262 locos
828 5203 1137 5282 subreptos
1159 5220 1284 5264 esse
1301 5205 1377 5264 ab
1400 5203 1959 5342 hominibulsUJalm
1981 5205 2090 5279 ipsi
2118 5205 2427 5274 monuisti,
2452 5217 2562 5262 nec
2585 5205 2733 5279 quin
2756 5211 2829 5262 25
2860 5203 2905 5261 εἰ
2934 5201 2980 5260 δ’
3010 5193 3078 5261 αὖ
3104 5219 3311 5264 verum
3335 5205 3414 5263 sit

743 5299 750 5306 ·
1822 5296 1887 5344 vi
