3767 5825
1286 355 1541 417 PmLAE
1584 356 1683 416 ns
1723 353 2068 414 PLANTIS.
2273 415 2286 425 ,
3219 347 3288 392 aa

92 511 173 548 alo
192 487 287 557 τὴν
309 486 621 567 Ἀρραὸικὴν
649 489 932 566 ζωγραφῶν
963 485 1243 562 εὖοσμίαν;

192 575 273 643 τίς
300 581 407 655 π’ὗρ
434 576 713 636 σκαλευθὲν
740 579 809 642 εἷς
832 576 896 633 τὰ
924 577 1095 656 φύλλα
1120 575 1195 653 μὴ
1224 576 1419 644 σὸέσας

194 663 412 744 ψυχρὰν
438 673 658 745 γεωργεῖ
686 665 777 722 καὶ
807 663 1087 743 διάδροχον
1116 667 1322 745 φλόγας

188 755 305 818 πῶς
326 754 466 810 ἐστιν
486 751 621 832 ὑγρὰ
642 755 731 822 τῆς
754 751 922 822 λαὸἧς
940 757 973 823 ἡ
995 751 1273 824 λεπτότης,

192 841 275 919 ἐφ’
300 831 365 912 ἧς
386 839 449 898 τὸ
475 838 609 922 βαρὺ
640 840 731 899 καὶ
752 841 949 920 χλιδῶν
974 839 1126 908 ἄνθος
1154 841 1331 922 βρύει;

89 949 168 988 ³15
191 925 377 989 Χιτὼν
406 925 460 986 δὲ
488 926 666 1008 παχὺς
692 928 788 1000 τὴν
816 926 949 1010 φυὴν
971 928 1192 1008 ἐνιδρύει

188 1019 403 1095 νευραῖς
422 1018 619 1076 ἰνωδῶν
644 1018 901 1084 συντεθεὶς
924 1017 1246 1099 ὑφασμάτων
1261 1041 1275 1055 ·

178 1103 468 1182 ὖφίσταται
494 1105 594 1185 γὰρ
621 1104 717 1176 τὴν
746 1106 1013 1185 ὑπαίθριον
1040 1105 1187 1185 βίαν,

188 1191 259 1263 ἣν
285 1191 485 1272 ὄμὸρος
506 1192 542 1265 ἢ
566 1193 779 1272 χάλαζα
802 1193 893 1252 καὶ
914 1191 1049 1264 πνοὴ
1074 1191 1218 1274 φέρει
1236 1238 1255 1270 ,

188 1280 281 1338 καὶ
302 1285 517 1360 θραῧσις
538 1279 701 1351 αὐτὴν
722 1283 785 1339 οὗ
808 1281 983 1339 κλονεῖ
1002 1279 1431 1362 σπαραγμάτων,

94 1387 179 1427 ³2⁰
200 1371 320 1435 ταῖς
349 1372 637 1446 ὗποταγαῑς
663 1369 959 1428 ἐκδοθεῖσαν
981 1373 1073 1441 τῆς
1096 1369 1259 1442 δίνης.

194 1456 306 1516 Καὶ
328 1456 409 1522 τίς
426 1455 705 1536 φεραυγὴς,
724 1459 796 1524 ὡς
814 1455 875 1515 τὸ
897 1461 1027 1536 πῦρ,
1054 1457 1245 1536 ἄνθραξ
1264 1455 1401 1524 λίθος

196 1544 231 1614 ἢ
263 1545 511 1623 λυχνίτου
542 1548 649 1620 φῶς
677 1546 747 1610 εἷς
775 1543 1073 1624 ἀπόρρητον
1100 1545 1309 1625 *στέαρ

196 1631 337 1691 οὕτω
360 1630 538 1714 ψυχὴν
567 1631 767 1700 ἔθελξεν
798 1636 868 1700 ὥς
897 1635 1080 1692 ἀνθοῦν
1112 1634 1299 1714 ρόδον;

194 1719 487 1798 ὀχούμενον
508 1719 609 1800 γὰρ
634 1721 705 1786 εἷς
725 1719 787 1779 τὸ
811 1725 919 1800 φῶς
935 1723 1039 1778 τῶν
1061 1720 1319 1797 ὀμμάτων

96 1825 175 1863 aas
198 1809 561 1888 ἕμφιλοχωρεῐ
586 1810 873 1885 δραστικῶς
900 1811 967 1888 τῇ
994 1807 1212 1888 καρδίᾳ·

195 1896 436 1954 κάκεῖθεν
459 1893 607 1961 εὐθὺς
627 1899 695 1961 ὡς
716 1894 976 1977 ὁμόχρουν
996 1897 1058 1954 τὸ
1077 1895 1193 1964 ζέον
1294 1927 1299 1933 ·

184 1981 402 2040 ὠθοῦσα
425 1981 558 2040 κινεῖ
584 1987 675 2052 τ’ῆς
702 1986 875 2062 βαφῆς
901 1986 935 2052 ἡ
964 1983 1204 2064 πορφύρα
1224 2029 1240 2060 ,

188 2065 425 2134 καὶτοὺς
446 2067 682 2146 ἀγωγοὺς
699 2073 803 2127 τῶν
829 2069 1038 2151 φλέδων
1063 2071 1281 2151 διατρὲχ
1284 2093 1327 2128 ει

196 2155 467 2230 θυμηδίαν
492 2155 715 2236 ἄρρητον
741 2158 1061 2236 ἔγχεαμένη.

108 2263 185 2302 ³³0
204 2234 293 2304 ’,Ω
320 2244 513 2310 κάλλος
536 2246 752 2318 ἀνθοῦν,
777 2245 877 2304 κᾶν
904 2248 1167 2305 ἀπανθοῧν
1192 2243 1381 2305 αὐτίκα

204 2334 385 2411 σοφῶς
406 2335 633 2410 καθαιρῇ
656 2335 750 2402 τῆς
774 2334 945 2412 ψυχῆς
970 2357 1057 2409 μοι
1082 2333 1171 2392 τὸν
1197 2333 1355 2414 τύφον

192 2417 277 2478 Ὦ
312 2420 507 2496 κόσμος
538 2418 691 2492 ἡδὺς,
716 2419 815 2478 κᾶν
846 2423 1079 2502 ἀπορρέῃ
1108 2421 1281 2502 τάχα,

192 2507 292 2565 καὶ
321 2507 482 2566 πάλιν
513 2509 571 2566 ἐκ
595 2513 691 2586 γῆς
720 2511 917 2588 εὖφυῶς
942 2510 1232 2589 ἀνατρὲχῃ,

196 2594 429 2670 θεσμοὺς
450 2594 699 2670 φυσικοὺς
722 2597 957 2663 αὐθαδῶς
984 2595 1059 2673 μὴ
1088 2596 1344 2676 συγχέων.

100 2702 175 2744 8³5
280 2682 421 2742 Ἀλλ’
452 2673 498 2744 ὦ
526 2687 756 2744 Βασιλεῦ
787 2683 878 2743 καὶ
906 2691 1093 2766 τροφεῦ
1122 2689 1223 2742 τῶν
1256 2685 1539 2752 Αὐσόνων,

198 2771 259 2830 τὸ
290 2771 385 2847 μὲν
414 2773 559 2852 ῥόδον
583 2771 763 2843 τέθηλε
788 2772 879 2831 καὶ
898 2771 1063 2854 φθίνει
1086 2775 1244 2830 πάλιν
1259 2819 1274 2844 ,

195 2863 269 2927 ὡς
300 2859 450 2928 ἄνθος
476 2862 636 2941 ἀγροῦ
665 2862 755 2921 καὶ
785 2866 1112 2941 παχυνθεῒσα
1137 2861 1341 2942 δρόσος·

194 2954 291 3021 τῆς
314 2949 421 3029 γὰρ
444 2953 665 3029 φυσικῆς
687 2950 958 3029 ἐκρυείσης
981 2952 1198 3028 ἰκμάδος

200 3037 487 3117 ἀμήχανον
520 3040 611 3108 ζῆν
636 3036 730 3107 τὴν
767 3036 1029 3117 ἐφήμερον
1056 3038 1241 3118 χρόαν.

103 3144 183 3183 ³4⁰
204 3124 287 3183 Σὺ
322 3124 371 3183 δ’
400 3126 469 3191 ὥς
500 3124 748 3203 κραταιὸς
776 3125 868 3184 καὶ
896 3128 1163 3207 θεόδροσον
1196 3127 1349 3203 μόνον

194 3212 289 3269 καὶ
320 3212 595 3290 βασιλικὸν
624 3213 1017 3294 αὗτοπόρφυρον
1046 3213 1221 3293 ῥόδον,

202 3298 295 3356 τὸν
320 3303 415 3356 τοῦ
441 3298 660 3378 κράτους
682 3300 915 3377 λειμῶνα
945 3300 1159 3381 φαιδρὸν
1193 3300 1439 3366 δεικνύοις

204 3389 277 3453 εἰς
304 3385 481 3444 πάντα
508 3386 719 3465 καιρὸν,
754 3390 823 3454 εἰς
854 3388 1069 3457 ἀείζωον
1104 3388 1243 3468 βίον,

198 3478 271 3540 ὡς
295 3473 363 3532 ἂν
389 3474 547 3555 μένῃς
570 3474 853 3555 ἄρρευστον
878 3478 1174 3557 ἀνθρώποις
1202 3474 1318 3555 ἔαρ,

103 3580 182 3621 aa
202 3562 536 3643 ἀναιρετικὸν
563 3565 843 3643 συμφορῶν
867 3564 1229 3645 πολυτρόπων.

620 3863 803 3921 ΠΕΡΙ
846 3866 1095 3924 ΡΟΙΛΣ.

198 3995 275 4059 Ὦ
304 3996 386 4065 τίς
411 3998 685 4078 παρελθὼν
715 4000 949 4079 τεχνικὸς
978 4002 1282 4082 γεωγράφος

202 4091 277 4153 εἷς
310 4086 483 4165 δέρμα
514 4091 657 4167 ῥοιᾶς
685 4092 945 4154 κυκλικῶς
972 4092 1280 4170 ἐσφιγμένον

199 4180 407 4245 καθῆκε
433 4179 615 4256 ῥυθμῷ
640 4177 969 4243 συντεθείσας
993 4178 1087 4244 τὰς
1111 4178 1275 4258 ῥάγας

203 4262 239 4334 ἥ
272 4286 381 4321 τισι
408 4264 614 4330 λεπτοῖς
642 4267 897 4323 ἐνταθεῖσι
930 4266 1204 4333 δακτύλοις

102 4370 182 4409 ³50
200 4354 433 4429 χιτῶνας
464 4350 625 4410 ἇπλοῖ
647 4357 909 4429 μυστικῶς
938 4354 1238 4434 ὑφασμένας

204 4442 281 4506 εἷς
310 4439 405 4505 τὰς
428 4438 623 4515 μεταξὺ
648 4450 929 4523 προσφυεῖς
950 4444 1247 4511 διαστάσεις
1264 4488 1281 4519 ,

204 4526 283 4603 μὴ
312 4525 406 4606 ῥὰξ
428 4532 615 4609 πιεσθῇ
640 4527 729 4586 καὶ
757 4534 853 4610 ῥυῇ
879 4533 946 4609 τῇ
972 4531 1208 4589 συνθέσει

206 4615 301 4672 καὶ
322 4613 463 4672 κατὰ
486 4616 671 4695 μικρὸν
695 4619 886 4697 ἐκλυθῇ
910 4618 969 4675 τὸ
992 4618 1231 4692 συνδέον;

203 4700 239 4771 ἢ
265 4702 343 4768 τίς
365 4703 595 4783 γραφικὴ
622 4706 982 4787 συμπαγείσάς
1008 4706 1101 4773 τὰς
1129 4708 1290 4786 ῥάγας

118 4808 198 4847 ³55
220 4790 591 4871 ἔρυθροὲαφεῖς
619 4792 711 4851 καὶ
736 4794 999 4872 χλιδώσας
1028 4794 1297 4866 δεικνύεις,

206 4876 301 4934 καὶ
326 4877 401 4943 τίς
427 4880 479 4935 ἐν
504 4882 635 4960 ὑγρᾷ
656 4886 965 4959 συμπλοκῆς
990 4883 1275 4941 ὑποστάσει

208 4964 327 5030 τοὺς
351 4965 581 5034 ὃστινοὺς
608 4967 809 5028 ὥπλισε
833 4977 1022 5051 μικροῦ
1046 4971 1387 5049 συμμάχους,

208 5052 257 5109 εἴ
284 5076 336 5109 τι
364 5056 611 5133 στεγανὸν
656 5060 952 5137 προσπεσὸν
982 5062 1135 5135 σῶμα
1166 5058 1362 5131 θλίὸοι,

212 5138 307 5197 καὶ
330 5140 407 5207 τίς
430 5145 607 5221 ἀραιοῖ
630 5149 723 5216 τῆς
745 5146 1048 5226 καλύπτρας
1071 5147 1187 5215 τοὺς
1210 5147 1397 5227 πόρους

1731 495 1986 547 Arabicam
2008 494 2353 556 representans
2371 488 2782 542 suaveolentiam?

1729 585 1838 647 quis
1856 584 1930 632 est
1949 583 2032 645 qui
2051 581 2312 632 acerrimos
2330 579 2526 629 luminis
2557 575 2790 640 igniculos
2823 575 2872 623 iu
2909 573 3014 635 eius
3043 571 3168 621 foliis
3199 583 3294 620 nou

1732 673 1981 734 frigentem
2007 672 2122 720 colit
2145 669 2490 730 humidamque
2513 667 2792 716 flammam?
2957 661 3297 725 [exstinguens

1728 775 1787 810 ac
1815 762 1970 811 tenuis
1995 761 2146 810 caulis
2178 772 2324 822 quam
2350 764 2421 807 est
2446 760 2600 817 tener,

1728 853 1779 898 in
1798 863 1899 912 quo
1918 849 2007 898 flos
2024 849 2182 909 gravis
2207 847 2430 909 foliisque
2450 845 2698 895 luxurians
2717 841 2920 892 crescit?

1730 940 2004 988 Amiculum
2022 951 2136 986 vero
2156 949 2368 986 crassum
2388 935 2538 984 ambit
2561 933 2794 995 fulcitque
2821 931 2986 980 florem
3003 964 3018 990 ,

1728 1028 1944 1076 nervosis
1972 1027 2062 1076 filis
2084 1028 2329 1074 textorum
2359 1023 2627 1072 validorum
2654 1019 3004 1082 compositum3

1736 1115 1966 1178 perdurat
1989 1115 2116 1164 enim
2140 1113 2406 1163 subdialem
2426 1111 2700 1161 violentiam
2714 1147 2730 1172 ,

1728 1219 1874 1267 quam
1891 1205 2068 1254 imbres
2086 1203 2436 1266 grandinesque
2457 1203 2506 1250 et
2531 1200 2664 1249 venti
2689 1199 2928 1260 afferunt,

1728 1307 1888 1355 neque
1919 1292 2016 1340 ulla
2041 1292 2090 1339 iu
2118 1292 2270 1341 frusta
2299 1287 2580 1338 dilaceratio
2606 1299 2714 1336 eam
2731 1287 2953 1350 quassat,

1728 1393 2004 1443 quanquam
2029 1379 2278 1428 turbinum
2299 1377 2484 1438 iniuriis
2503 1375 2785 1438 expositam.

1728 1470 1791 1518 Et
1808 1481 1921 1532 quae
1939 1467 2100 1516 lucida
2127 1464 2410 1515 carbunculi
2432 1477 2650 1527 gemma,
2671 1463 2768 1513 ritu
2793 1463 2913 1524 ignis
2931 1461 3204 1522 fulgurans,

1728 1555 2038 1618 etquodnam
2057 1555 2286 1618 lychnites
2302 1553 2473 1616 lapidis
2493 1554 2657 1601 lumen
2676 1551 2726 1600 in
2748 1552 3032 1600 secretum..

1730 1645 1802 1693 sic
1822 1657 2038 1693 recreare
2057 1642 2184 1692 valet
2203 1642 2412 1690 animam
2428 1677 2442 1700 ,
2462 1644 2519 1689 ut
2541 1639 2716 1689 florens
2737 1640 2877 1688 rosal*

1729 1734 1847 1781 llaec
1871 1732 2000 1781 enim
2025 1731 2076 1780 in
2100 1732 2256 1780 lucem
2278 1730 2533 1778 oculorum
2556 1729 2747 1790 illapsa,

1730 1821 1845 1870 iude
1868 1819 2086 1882 guaviter
2113 1820 2163 1868 in
2186 1821 2360 1882 pectus
2377 1819 2690 1880 animumque
2707 1830 2759 1865 se
2778 1816 3017 1864 insinuat:

1730 1909 1857 1958 unde
1880 1907 2046 1958 statim
2068 1908 2306 1957 fervorem
2338 1906 2488 1954 veluti
2515 1903 2821 1954 concolorem
2848 1899 3094 1962 sanguinis

1728 1997 1912 2046 excitat
1933 1996 2304 2057 commovetque
2327 2006 2566 2056 purpurea
2588 1995 2820 2051 tinctura,

1728 2088 1777 2134 ct
1800 2098 2036 2134 venarum
2061 2084 2249 2132 canales
2276 2081 2495 2144 pervadit

1729 2173 2022 2222 ineffabilem
2041 2173 2204 2221 auimo
2222 2171 2442 2220 laetitiam
2463 2168 2734 2218 infundens.

1729 2264 1773 2312 0
1799 2259 2110 2323 pulchritudo
2141 2259 2314 2308 florens
2330 2294 2344 2318 ,
2373 2257 2452 2308 vel
2481 2257 2800 2306 deflorescens
2822 2253 2986 2304 statim

1732 2361 1960 2410 repurgas
1979 2347 2277 2410 sapientibus
2298 2345 2494 2395 monitis
2519 2344 2736 2394 animum
2760 2343 2878 2393 milii
2898 2343 2960 2392 ab
2981 2341 3138 2392 fastui

1730 2440 1773 2486 Ο
1796 2449 1948 2485 suave
1971 2435 2145 2496 decuS,
2173 2435 2274 2490 sive
2297 2434 2461 2497 pereat
2483 2433 2721 2493 celeriter,

1729 2523 1831 2572 sive
1850 2536 2018 2572 rursus
2035 2525 2238 2572 venuste
2255 2535 2316 2571 ex
2336 2523 2464 2570 terra
2483 2523 2729 2583 resurgat,

1729 2611 1917 2660 naturae
1941 2611 2066 2673 leges
2089 2611 2376 2672 neutiquam
2401 2609 2640 2658 fastidiose
2667 2606 2987 2670 perturbans!

1790 2699 1914 2761 Sed,
1947 2701 2214 2762 imperator
2234 2697 2539 2760 nutritorque
2567 2700 2925 2754 Romanorum,

1729 2800 1838 2836 rosa
1855 2787 2052 2849 quidem
2071 2787 2196 2836 viret
2213 2786 2263 2835 et
2281 2785 2533 2834 marcescit
2553 2797 2744 2844 rursus,

1730 2877 1785 2925 ut
1803 2875 1892 2925 flos
1909 2876 2006 2937 agri
2025 2877 2076 2925 et
2093 2889 2171 2925 ros
2189 2875 2444 2925 concretus
2466 2887 2478 2921 ε

1729 2977 1841 3013 nam
1868 2964 1908 3013 si
1933 2964 2165 3013 naturalis
2185 2964 2303 3013 abiit
2325 2962 2613 3024 humiditas,

1730 3052 1956 3103 caducus
1973 3054 2108 3102 color
2129 3052 2414 3115 neutiquam
2437 3054 2592 3115 potest
2613 3050 2792 3099 vivere.

1731 3145 1807 3192 Tu
1826 3154 1945 3190 vcro
1959 3177 1973 3201 ,
1994 3140 2078 3204 qui
2097 3155 2148 3191 es
2168 3140 2396 3191 robustus
2413 3142 2462 3189 et
2484 3140 2619 3189 solus
2636 3137 2866 3188 divinitus
2884 3136 3088 3185 irrorata

1731 3232 1781 3279 et
1798 3229 1929 3291 regia
1948 3242 2058 3279 rosa
2083 3230 2280 3292 ipsaque
2301 3242 2511 3291 purpura
2524 3263 2541 3286 ,

1730 3319 1904 3367 reddas
1927 3318 2116 3382 imperii
2135 3318 2206 3368 tui
2229 3321 2422 3380 pratum
2445 3316 2752 3379 splendidum

1731 3407 1779 3456 iu
1802 3420 1948 3457 omne
1971 3408 2189 3469 tempus,
2215 3407 2266 3455 iu
2287 3419 2483 3455 omnem
2507 3404 2624 3453 vitae
2659 3405 2886 3453 humauae
2910 3402 3103 3451 aetatem
3121 3436 3137 3460 .

1732 3497 1787 3544 ut
1805 3508 2000 3544 maneas
2018 3493 2293 3544 hominibus
2311 3506 2396 3542 ver
2415 3492 2764 3555 sempiternum
2777 3527 2794 3552 ,

1732 3582 2024 3645 multiplices
2043 3582 2343 3632 calamitates
2362 3593 2516 3643 usque
2533 3580 2792 3643 depellens.

2445 3752 2594 3765 —

2163 3866 2262 3923 DE
2308 3864 2522 3923 MALO
2570 3862 2874 3923 PUNICO.

1734 4010 1853 4069 Quis
1872 4024 2085 4074 prmsens
2107 4011 2279 4059 artifex
2299 4008 2563 4071 descriptor

1734 4099 1783 4147 iu
1812 4103 1973 4147 cutem
1997 4098 2110 4147 mali
2136 4098 2298 4160 punici
2320 4096 2714 4147 corrotundatam

1734 4188 1933 4236 immisit
1956 4198 2101 4248 grana
2122 4186 2243 4235 serie
2266 4186 2412 4248 atque
2433 4185 2602 4234 ordine
2624 4186 2900 4235 constructa
2914 4220 2929 4244 ,

1733 4280 1817 4322 aut
1834 4273 2123 4336 quibusdam
2141 4272 2373 4322 tenuibus
2391 4272 2554 4335 digitis
2572 4272 2760 4323 insertis

1733 4362 1962 4425 expandit
1985 4360 2290 4411 membranas
2311 4362 2504 4410 occulto
2529 4361 2658 4411 intus
2679 4362 2838 4410 textas
2853 4397 2868 4421 ,

1736 4452 1902 4500 mediis
1927 4448 2188 4500 intervallis
2209 4450 2627 4511 accommodatas;

1737 4554 1796 4588 ne
1815 4553 2016 4601 granum
2035 4542 2301 4602 prematur,
2323 4540 2370 4588 et
2393 4538 2746 4600 compressione
2765 4538 2990 4595 elidatur,

1735 4641 1857 4677 neve
1876 4642 2129 4690 compages
2149 4627 2400 4691 paullatim
2419 4626 2738 4675 dissocietur?

1735 4719 1820 4765 aut
1836 4730 2060 4778 quaenam
2086 4716 2274 4777 pictura
2293 4712 2440 4764 eflicit
2462 4717 2514 4763 ut
2537 4726 2683 4775 grana
2701 4712 2993 4762 consolidata

1736 4807 1960 4853 coccineo
1980 4804 2140 4853 colore
2159 4802 2312 4851 tincta
2331 4808 2378 4851 et
2395 4802 2554 4851 nitore
2573 4801 2862 4851 luxuriantia
2881 4781 3143 4863 appareaut
3156 4799 3180 4848 t

1735 4898 1783 4942 et
1806 4894 1916 4955 quis
1940 4894 1987 4941 in
2015 4892 2197 4955 liquido
2224 4892 2456 4954 mollique
2477 4892 2766 4939 vestimento

1734 4982 1879 5043 sepsit
1905 4985 1952 5029 ct
1975 4994 2110 5041 pame
2127 4983 2337 5029 armavit
2357 4993 2516 5029 osseos
2541 4979 2647 5029 illos
2669 4978 2853 5029 sodalae
2871 5015 2883 5038 ,

1737 5070 1777 5117 si
1800 5070 1929 5130 quod
1956 5070 2078 5116 forle
2097 5068 2269 5117 durius
2290 5082 2465 5130 corpus
2489 5067 2703 5117 incidens
2721 5082 2802 5117 eos
2819 5070 3037 5130 premat!

1737 5160 1787 5206 et
1811 5158 1919 5219 quis
1939 5157 2121 5206 relaxat
2143 5162 2330 5206 meatus
2347 5155 2565 5217 corticis,
