3767 5825
534 369 607 423 18
1418 359 1613 420 ΦΙΛΗ
1656 357 1916 420 ΣΤΙΧΟΙ
1943 357 2130 418 ΠΕΡΙ
2173 357 2378 420 ΖΩΩΝ
2425 357 2861 418 ΙΔΙΟΤΗΤΟΣ.

652 490 831 557 Πάλιν
857 489 1086 572 κορῶναι
1115 486 1385 565 δυσμενεῖς
1410 487 1653 563 γλαυκῶν
1675 481 1832 566 γένει.

650 577 827 662 Κόραξ
849 575 906 637 δὲ
926 579 1073 655 μισεῖ
1087 573 1184 648 τὴν
1206 570 1363 655 γονὴν
1389 577 1497 633 τῶν
1525 573 1754 647 ἷκτίνων,

518 671 611 752 (tu)
650 669 851 752 πάγρσν
884 689 943 727 τε
973 663 1180 746 βρένθος
1194 709 1211 738 ,
1240 663 1333 723 καὶ
1361 660 1562 744 τρυγὼν
1598 662 1928 743 πυραλλίδα,

540 780 622 821 coo
649 758 746 831 τὴν
771 754 998 840 τρυγόνα
1030 751 1265 835 χλωρεὺς
1300 751 1355 812 δὲ
1372 797 1389 826 ,
1410 751 1503 812 καὶ
1530 757 1712 812 τοῦτον
1734 749 1927 835 κόραξ·

652 846 855 930 δράκων
886 843 941 906 δὲ
966 841 1174 905 κύκνον·
1206 841 1355 902 ἀετὸν
1381 840 1435 900 δὲ
1463 840 1551 901 τὸν
1582 839 1752 922 μίγαν

655 937 895 1016 αἰγυπιὸς
922 931 1121 994 δέδοικε
1138 955 1153 970 ·
1174 929 1265 991 τὸν
1295 929 1349 990 δὲ
1365 977 1381 1005 ,
1406 930 1714 1012 τρωγλίιης.

655 1025 858 1087 Κτείνει
886 1023 941 1083 δὲ
975 1019 1263 1103 βουὸαλίδα
1289 1021 1382 1080 καὶ
1404 1026 1593 1102 ταῦρον
1614 1018 1766 1093 λέων,

517 1112 607 1196 (45)
650 1116 719 1180 ὡς
740 1111 903 1173 Ἰνδὸν
932 1109 1193 1193 ἐλέφαντα
1220 1107 1505 1190 πυρίπνους
1533 1107 1763 1190 δράκων.

543 1223 622 1264 ocu
651 1201 804 1270 Ὤτὶς
827 1201 883 1260 δὲ
912 1199 1062 1268 κυνὸς
1088 1197 1336 1280 ἁρπαγὴν
1362 1197 1709 1279 φυλάσσεται.

654 1290 764 1353 Καὶ
788 1289 907 1358 τοὺς
929 1288 1073 1357 ὄνους
1092 1285 1289 1368 αίγιθος
1319 1285 1533 1369 ἐχθροὺς
1557 1285 1621 1346 ἃν
1654 1284 1836 1368 κρίνοι.

649 1383 719 1442 Οἱ
744 1377 838 1460 μὲν
855 1379 958 1461 γὰρ
982 1377 1293 1457 ὠγκήσαντο
1306 1420 1325 1455 ,
1350 1380 1440 1435 τοῦ
1470 1374 1525 1434 δὲ
1558 1375 1677 1444 τοὺς
1702 1373 1886 1442 τόκους
1899 1417 1918 1447 ,

645 1469 796 1536 ὅσους
814 1471 867 1528 ἐν
896 1468 1016 1535 dmi<
1036 1457 1183 1548 εὗρεν
1212 1462 1618 1545 ἐσπειραμένους
1632 1510 1649 1539 ,

516 1557 603 1639 (bo)
650 1561 819 1641 ἀφῆκε
850 1555 1059 1639 νεκροὺς
1081 1552 1395 1621 ἐκπεσόντας
1415 1556 1446 1612 ὁ
1474 1552 1686 1620 κτύπος.

540 1669 622 1711 700
644 1646 834 1730 Ὄφεις
871 1647 926 1704 δὲ
955 1643 1241 1726 πεφρίκασι
1258 1640 1449 1724 κέντρα
1473 1639 1753 1722 σκορπίων.

653 1734 981 1816 Ἰχνεύμονες
1008 1731 1064 1792 δὲ
1088 1733 1421 1809 δειματοῦσιν
1452 1729 1704 1804 ἀσπίδας,

653 1823 925 1906 ἀλέκτορες
947 1819 1003 1881 δὲ
1029 1825 1134 1881 τῶν
1158 1819 1381 1881 λεόντων
1410 1818 1507 1892 τὴν
1538 1818 1716 1902 φύσιν,

646 1912 859 1980 τούτους
888 1911 943 1970 δὲ
964 1912 1133 1990 γαλῆ,
1164 1910 1379 1990 μυγαλῆ
1405 1895 1463 1968 8ss
1486 1907 1790 1989 παρδάλεις.

518 2006 605 2083 (ss)
652 2002 823 2063 Πάλιν
850 1997 1067 2070 ἀλώπηξ
1094 1999 1323 2075 δυσμενῆ
1356 1995 1535 2078 κίρκον
1560 1994 1725 2076 κρίνει
1744 2039 1763 2074 ,

548 2111 627 2154 'lun
653 2089 856 2172 κόρακα
882 2094 1096 2172 ταῦρος,
1119 2086 1282 2146 ἵππον
1310 2085 1458 2165 ἰχθὺς
1480 2083 1693 2163 ἀνθίας,

665 2179 839 2262 δελφὶς
860 2177 1137 2260 φάλαιναν,
1154 2175 1246 2235 καὶ
1276 2173 1483 2256 λάὸραξ
1508 2173 1595 2233 τὸν
1614 2169 1839 2255 κεστρέα
1855 2195 1868 2208 ·

657 2267 885 2350 μύραινα
911 2265 1152 2348 γόγγρον,
1176 2268 1211 2337 ἡ
1236 2266 1282 2323 δ’
1306 2263 1461 2323 ὕαινα
1488 2262 1770 2343 πάρδαλιν,

652 2357 744 2417 καὶ
765 2355 1117 2428 σκαλαὸώτην
1146 2359 1173 2414 δ
1200 2352 1416 2433 φθορεὺς
1437 2350 1589 2434 κλὼψ
1618 2349 1890 2433 σκορπίος,

520 2449 613 2530 (oo)
656 2445 824 2527 νάρκη
846 2444 900 2504 δὲ
923 2451 1103 2505 τοῦτον
1121 2493 1139 2522 ,
1164 2441 1392 2511 ἀστακὸς
1414 2441 1708 2502 πολύποδα.

545 2558 626 2600 710
656 2533 805 2597 Δίων
834 2531 889 2596 δὲ
912 2542 1017 2613 πῦρ
1041 2531 1271 2592 δέδοικεν
1300 2531 1530 2599 ἐκτόπως
1550 2529 1777 2612 τρέμων.

658 2621 953 2685 Ἁλίσκεται
974 2621 1018 2680 δ’
1047 2612 1135 2680 οῧν
1164 2623 1391 2700 εὐχερῶς
1417 2619 1494 2685 ὄϊς
1511 2616 1715 2692 λύκοις,

658 2711 843 2793 ἔποψιν
871 2712 908 2782 ἦ
939 2707 1159 2788 μίλιττα
1176 2754 1195 2788 ,
1214 2706 1307 2767 καὶ
1333 2705 1571 2787 χελιδόσι

646 2798 815 2868 τέττιξ
840 2797 1087 2882 φιλῳδὸς,
1112 2805 1226 2864 ταῖς
1254 2794 1309 2855 δὲ
1346 2794 1589 2876 δορκάσιν
1621 2795 1761 2875 ὄφις,

522 2889 611 2969 (σο)
648 2888 741 2949 καὶ
762 2887 1021 2968 παρδάλει
1052 2883 1368 2960 πίθηκος,ὃν
1398 2883 1560 2963 μίμον
1593 2881 1819 2965 βλέπεις.

552 3000 633 3040 715
660 2979 773 3049 Τῆς
796 2974 951 3042 ’ίὸεως
978 2973 1031 3033 δὲ
1058 2974 1119 3034 τὸ
1140 2972 1329 3050 πτερὸν
1360 2972 1516 3050 μόνον
1548 2971 1761 3053 βλέπων
1872 3030 1879 3037 ,

654 3064 795 3132 ἅπας
812 3063 925 3145 ὄφις
952 3061 1206 3122 δέδοικεν·
1230 3054 1391 3141 οὗπερ
1420 3060 1483 3121 ἂν
1508 3059 1666 3137 θίγοι,

649 3156 851 3233 ναρκῶν
882 3151 993 3233 ὄφις
1020 3153 1237 3219 ἐκεῖνος·
1268 3148 1332 3209 ἃν
1356 3148 1410 3209 δὲ
1438 3149 1531 3208 καὶ
1557 3148 1743 3234 φάγοι,

649 3240 862 3313 τέθνηκε
893 3240 1067 3322 ῥαγεὶς
1095 3242 1122 3297 ὁ
1141 3238 1357 3321 φθορεὺς
1378 3236 1475 3311 τὴν
1504 3238 1754 3318 γαστέρα.

522 3333 615 3410 (70)
663 3329 820 3392 Κύων
849 3330 905 3388 δὲ
929 3338 1084 3410 σιγᾷ,
1112 3327 1211 3387 κᾶν
1236 3330 1533 3399 tiam-“rim
1556 3325 1725 3400 θέλοι,

544 3440 627 3481 720
659 3418 816 3479 δαλὸν
840 3420 1047 3499 θεωρῶν
1074 3418 1137 3476 ἐκ
1157 3425 1325 3497 πυρᾶς
1349 3414 1745 3499 φθισιμὸρότου.

629 3630 815 3693 ΠΕΡΙ
857 3630 1019 3691 ΤΩΝ
1060 3629 1623 3691 ΑΛΕΞΗΤΗΡῙΩΝ
1666 3629 1794 3689 ΕΙΣ
1836 3628 1992 3690 'nx

1077 3718 1537 3783 ΒΑΣΚΑΝΙΑΣ.

656 3831 983 3895 Ἀνθίσταται
1008 3831 1064 3891 δὲ
1087 3830 1217 3912 πρὸς
1238 3828 1299 3909 τὸ
1324 3829 1589 3912 βάσκανον
1611 3830 1775 3899 πάθος

659 3921 857 4004 δάφνην
876 3926 1119 4004 φαγοῦσα
1147 3918 1320 4002 φάττα
1335 3966 1350 3994 ,
1379 3918 1553 4002 κίρκος
1570 3920 1813 4003 πικρίδα,

654 4008 831 4090 πέρδιξ
858 4008 1101 4087 καλάμου
1116 4054 1133 4083 ,
1163 4008 1327 4093 κίχλα
1350 4009 1603 4092 μυρσίνης
1620 4008 1813 4088 κόμην,

526 4099 615 4182 (75)
660 4097 870 4181 ἔρωδιὸς
899 4102 1166 4179 καρκῒνον,
1195 4096 1455 4179 ἄγρωστιν
1486 4096 1653 4180 irrui-11¹,

552 4208 633 4249 725
663 4186 834 4269 φύλλα
858 4184 1008 4268 δρυὸς
1029 4184 1270 4268 κόρυδος,
1296 4186 1489 4254 ἴκτινος
1513 4186 1687 4268 θρύον,

664 4274 857 4357 ῥάμνον
880 4272 1087 4357 κορώνη
1105 4319 1121 4347 ,
1155 4274 1329 4357 κίρκος
1351 4277 1603 4334 ἀνθοῦντα
1626 4273 1832 4355 κρόκον,

662 4362 816 4441 άγνον
840 4360 1002 4443 κόραξ
1030 4362 1310 4442 ἔγκαρπον,
1338 4366 1373 4435 ἡ
1395 4360 1597 4442 τρυγὼν
1612 4361 1733 4444 ἶριν.

656 4450 813 4513 Λίνον
844 4448 897 4509 δὲ
926 4449 1064 4518 ταὼς
1089 4460 1196 4519 τοῖς
1228 4455 1434 4534 πτεροῖς
1465 4450 1627 4531 βύσας
1649 4448 1813 4534 φέρει,

528 4546 617 4619 (uo)
664 4538 699 4597 ἅ
733 4562 807 4612 πη
832 4540 887 4597 δὲ
914 4538 1112 4616 κιττὸν,
1138 4539 1228 4598 καὶ
1256 4538 1516 4621 πελαργὸς
1540 4538 1806 4599 πλάτανον
1823 4563 1837 4577 ·

558 4648 640 4689 730
671 4563 731 4711 ιζ
750 4624 950 4707 μᾶλλόν
970 4631 1082 4687 ἐστι
1108 4625 1366 4706 δυσμενὴς
1388 4632 1418 4701 ἡ
1440 4627 1741 4710 νυκτάλωψ·

662 4716 755 4776 καὶ
780 4714 882 4795 γὰρ
907 4717 959 4774 ἐν
981 4716 1100 4784 ὧοῖς
1124 4714 1220 4788 τὴν
1242 4714 1441 4797 σπορὰν
1470 4714 1813 4793 πεπηγμένην

665 4813 805 4865 ποιεῖ
836 4806 1090 4888 διαῤῥεῖν,
1132 4802 1229 4864 κᾶν
1252 4808 1459 4885 πτεροῖς
1487 4804 1663 4885 ἄκροις
1685 4803 1843 4884 θίγοι·

660 4896 695 4965 ἡ
723 4890 985 4962 πλάτανος
1013 4892 1067 4951 δὲ
1092 4890 1187 4964 τὴν
1206 4891 1513 4975 φιλέσπερον
1534 4891 1693 4951 πάλιν

532 4983 620 5062 (ss)
663 4981 824 5063 εἴργει
843 4981 947 5063 πρὸ
967 4988 1151 5063 καιροῦ
1178 4980 1555 5063 προσπελάζειν
1578 4983 1683 5049 τοῖς
1699 4980 1894 5051 τόκοις·

558 5090 637 5131 'fas
663 5080 832 5152 ναρκᾷ
859 5068 965 5152 γὰρ
983 5069 1130 5139 εὐθὺς
1157 5073 1457 5149 ἐμπεσοῦσα
1483 5072 1561 5153 τῷ
1583 5069 1782 5153 κλάδῳ.

670 5160 880 5240 Φθορᾶς
902 5159 957 5218 δὲ
980 5166 1129 5243 τηρεῖ
1154 5158 1250 5229 τὰς
1271 5158 1426 5241 γονὰς
1447 5158 1730 5242 ὑπερτέρας

3437 359 3659 442 (¹¹²-ffl-'1

2181 487 2328 538 Poero
2343 484 2559 538 cornices
2577 485 2769 538 Mente
2785 489 3074 540 noctuarum
3095 491 3276 555 gener-l.

2181 575 2372 626 corvus
2393 578 2558 627 autem
2575 575 2680 627 odit
2699 581 2894 639 gentem
2915 577 3207 644 milvorum,

2181 677 2480 730 pugnamque
2503 664 2768 730 brenthus,
2789 673 2841 718 et
2859 669 3024 718 turtur
3046 669 3316 732 pyralidem
3331 706 3344 731 ,

2181 755 2422 806 turturem
2443 755 2606 806 autem
2627 755 2878 819 chloreus,
2901 761 2952 808 ct
2973 756 3105 808 hunc
3131 771 3335 822 corvus3

2182 841 2327 892 draeo
2345 857 2486 906 porro
2507 857 2744 909 cycnum;
2767 846 2982 910 aquilam
3000 849 3166 898 nutem
3187 861 3407 912 magnam

2181 930 2352 982 vultur
2373 933 2574 996 metuit,
2599 934 2728 984 huuc
2746 935 2981 999 troglites.

2181 1019 2412 1072 interficit
2433 1035 2550 1073 vero
2565 1022 2842 1074 hubalidem
2863 1029 3150 1091 taurumque
3167 1026 3274 1088 leo,

2183 1111 2238 1159 ut
2255 1109 2478 1162 indicum
2496 1111 2808 1176 elephantum
2827 1113 3097 1177 ignivomus
3124 1116 3292 1168 draeo.

2181 1197 2336 1248 Tarda
2355 1201 2518 1250 autem
2539 1201 2674 1251 canis
2690 1205 2938 1266 capturam
2957 1209 3112 1256 cavet.

2183 1289 2246 1337 Et
2266 1288 2424 1339 finos
2443 1289 2653 1352 aegithus
2673 1291 2840 1342 hostes
2851 1293 3155 1356 judicaverit.

2181 1375 2256 1426 mi
2274 1377 2404 1428 enim
2421 1378 2634 1442 rudunt,
2655 1379 2799 1442 huius
2819 1384 2983 1434 autem
2999 1384 3144 1436 l'oetus
3153 1421 3171 1448 ‚

2181 1468 2420 1530 quotquot
2439 1467 2488 1516 in
2506 1469 2613 1518 ovis
2629 1469 2816 1520 invenit
2833 1476 2966 1522 satos
2979 1507 2997 1534 ,

2183 1554 2368 1606 sonitus
2389 1554 2472 1605 ille
2493 1561 2713 1608 mortuos
2729 1557 2910 1621 ejectos
2933 1560 3150 1612 dimittit.

2184 1647 2374 1706 Angues
2391 1648 2554 1696 autem
2585 1647 2883 1710 scorpiorum
2903 1651 3095 1702 aculeos
3121 1652 3471 1704 exhorroewnt.

2183 1731 2532 1785 ichneumones
2543 1735 2690 1786 etiam
2706 1739 2976 1800 perterrent
2993 1740 3186 1805 aspidas
3197 1777 3215 1804 ‚

2183 1820 2294 1881 gatii
2313 1825 2476 1872 autem
2492 1823 2688 1875 leonum
2709 1830 2928 1876 usturam
2941 1863 2959 1890 ‚

2184 1910 2271 1960 lios
2285 1924 2400 1962 vero
2415 1912 2648 1976 mustela,
2665 1917 2718 1965 et
2739 1927 2852 1965 mus
2877 1929 3083 1966 araneus
3101 1917 3335 1981 pardales.

2185 2001 2332 2050 Porro
2354 2000 2524 2065 vulpes
2541 2003 2724 2052 circum
2747 2003 2840 2054 sibi
2861 2005 3109 2057 inimicum
3129 2006 3375 2069 judicarit,

2183 2101 2381 2138 corvum
2401 2095 2596 2152 taurus‘,
2613 2105 2795 2156 equum
2813 2094 2957 2157 piscis
2974 2095 3166 2146 anthias
3182 2134 3197 2159 ,

2184 2175 2378 2240 delphin
2395 2177 2661 2241 bulaeuam,
2685 2181 2736 2232 et
2751 2181 2897 2245 lupus
2929 2183 3148 2234 marinus
3171 2186 3414 2250 mugilem

2185 2277 2398 2316 muroenn
2411 2281 2640 2330 congrum
2652 2305 2668 2332 ‚
2684 2273 2736 2319 nt
2755 2270 2926 2333 hyaeua
2947 2271 3189 2336 pardalin,

2183 2359 2233 2404 et
2251 2355 2519 2406 stellionem
2539 2357 2761 2422 scorpius
2781 2395 2797 2421 ,
2821 2365 3074 2424 corruptor
3099 2363 3328 2428 turtinis,

2188 2444 2389 2508 torpedo
2412 2451 2574 2498 autem
2597 2448 2753 2511 hunc,
2769 2453 2960 2500 astacus
2977 2452 3228 2516 polypum.

2185 2536 2281 2584 Leo
2297 2539 2459 2586 autem
2479 2541 2636 2599 ignem
2662 2539 2798 2590 timet
2817 2540 3124 2591 vehementer
3143 2545 3364 2594 tremens.

2183 2625 2292 2671 Jam
2315 2635 2430 2674 vero
2448 2625 2555 2675 ovis
2573 2626 2710 2676 facile
2731 2629 2920 2691 cupitur
2938 2643 2966 2678 u
2985 2629 3142 2692 lupis,

2183 2711 2244 2760 ab
2267 2711 2442 2776 upupis
2460 2713 2592 2777 apis,
2617 2718 2667 2764 et
2691 2716 2753 2765 ah
2772 2716 3111 2769 hirundinibus

2183 2801 2345 2851 cicada
2361 2816 2558 2864 canora,
2577 2808 2626 2854 et
2642 2816 2671 2854 u
2691 2806 2875 2868 capreis
2899 2808 3067 2870 anguis
3082 2844 3097 2869 ,

2183 2894 2232 2940 et
2254 2903 2283 2940 a
2300 2890 2478 2955 parduli
2503 2891 2642 2943 simia
2655 2931 2668 2956 ,
2692 2907 2840 2958 quam
2863 2895 3169 2949 imitatricem
3186 2897 3332 2951 vides.

2186 2980 2285 3029 lbis
2307 2983 2472 3031 autem
2489 2982 2613 3031 alam
2638 2984 2935 3049 conspiciens
2956 2989 3144 3036 tuntum

2186 3070 2516 3135 unusquisque
2533 3074 2702 3134 unguis
2725 3074 2914 3135 liorret;
2936 3089 3081 3137 quam
3107 3076 3148 3125 si
3163 3078 3396 3141 attigerit,

2183 3158 2372 3219 torpore
2386 3158 2556 3220 anguis
2575 3159 2653 3209 ille
2675 3164 2930 3219 moricum
2951 3164 3027 3212 sin
3049 3170 3212 3215 autem
3231 3166 3352 3217 adeo
3370 3166 3559 3217 comede!
3572 3197 3585 3222 2

2184 3250 2350 3295 ventre
2373 3245 2564 3310 dirupto
2581 3248 2784 3299 moritur
2803 3252 2966 3313 pestis.

2185 3333 2329 3383 cauis
2347 3346 2464 3384 vero
2476 3370 2492 3397 ,
2512 3335 2698 3387 etiamsi
2717 3337 2884 3387 latrare
2903 3340 3044 3399 velit,
3065 3343 3191 3392 tacet

2184 3422 2481 3487 conspiciens
2501 3428 2678 3476 torrem
2700 3438 2761 3476 ex
2776 3440 2894 3490 rogo
2915 3430 3180 3479 mortifero.

2187 3660 2289 3721 DE
2329 3662 2699 3727 numanus
2747 3666 3062 3732 CONTRA
3118 3668 3672 3734 rAscmmoxm

2184 3835 2382 3888 Resistlt
2400 3848 2516 3887 vero
2530 3838 2852 3890 macinatiouis
2865 3840 2992 3891 malo

2183 3923 2378 3975 laurum
2400 3926 2658 3977 comedens
2683 3928 2957 3991 palumbes,
2990 3928 3152 3981 circus
3182 3932 3434 3983 cichorium

2183 4013 2350 4077 perdix
2377 4016 2649 4078 arundinis,
2671 4017 2840 4068 turdus
2865 4019 3008 4081 myrti
3023 4033 3242 4083 comam,

2183 4101 2328 4154 ardea
2345 4117 2596 4167 cancrum,
2619 4118 2813 4169 gramen
2835 4120 3023 4171 upupa,

2183 4204 2392 4255 quereus
2410 4192 2522 4243 lolia
2545 4194 2716 4245 alaude
2733 4195 2951 4257 cristata,
2975 4196 3160 4248 milvus
3177 4197 3396 4259 juncum,

2182 4280 2438 4331 rhamnum
2460 4284 2624 4332 cornix
2637 4318 2652 4345 ,
2674 4284 2832 4333 circus
2851 4284 3100 4335 florentem
3119 4299 3314 4337 crocum
3331 4323 3347 4349 ,

2183 4368 2378 4420 viticem
2397 4370 2688 4422 fructiferam
2710 4386 2889 4423 corvus
2903 4410 2919 4436 ,
2942 4378 3102 4423 turtur
3125 4376 3252 4425 irim.

2184 4458 2357 4509 Linum
2379 4463 2542 4510 autem
2557 4461 2728 4523 pennis
2754 4460 3009 4512 infarctum
3026 4476 3152 4526 pavo
3171 4464 3286 4525 fert,

2181 4546 2330 4611 harpe
2354 4560 2468 4599 vero
2486 4548 2710 4599 hederam
2723 4586 2740 4611 ,
2763 4553 2814 4601 et
2831 4550 3014 4601 ciconia
3035 4552 3308 4615 platanum

2181 4635 2260 4685 cui
2277 4636 2429 4699 magis
2447 4636 2671 4689 inimicus
2693 4642 2767 4689 est
2786 4639 3062 4702 vespertilio
3086 4659 3098 4690 ι

2182 4724 2357 4776 etenim
2373 4727 2594 4777 roeturnm
2615 4726 2668 4777 iu
2683 4726 2792 4778 ovis
2809 4728 3049 4779 conditam

2183 4813 2379 4865 effluere
2393 4813 2508 4865 lacit
2521 4849 2538 4877 ,
2561 4814 2603 4865 si
2625 4815 2707 4866 vel
2728 4816 2956 4867 estremls
2975 4817 3147 4880 pennis
3165 4818 3423 4879 contingam

2183 4902 2402 4965 platanus
2423 4906 2584 4953 autem
2607 4916 2823 4968 vesperae
2849 4904 3060 4955 amicum
3082 4908 3250 4956 contra
3333 4890 3338 4893 ¹

2180 4994 2292 5042 aute
2312 4994 2505 5056 tempus
2517 4991 2742 5056 prohibet
2762 4992 2822 5043 ud
2846 4992 2993 5043 l‘oetus
3014 4996 3414 5060 appropinquare3

2178 5084 2338 5144 torpet
2357 5080 2486 5131 enlm
2504 5079 2759 5131 confestim
2775 5092 2910 5132 ramo
2929 5081 3161 5133 incidens.

2181 5171 2362 5222 coum
2387 5168 2641 5234 perniciem
2659 5170 2815 5235 pullos
2833 5172 3194 5235 praestantiores
3209 5173 3367 5223 tuetur
