<?xml version="1.0" encoding="UTF-8"?>
<!DOCTYPE html PUBLIC "-//W3C//DTD XHTML 1.0 Transitional//EN"
    "http://www.w3.org/TR/xhtml1/DTD/xhtml1-transitional.dtd">
<html xmlns="http://www.w3.org/1999/xhtml" xml:lang="en" lang="en">
 <head>
  <title>
</title>
<meta http-equiv="Content-Type" content="text/html;charset=utf-8" />
  <meta name='ocr-system' content='tesseract 3.04.00' />
  <meta name='ocr-capabilities' content='ocr_page ocr_carea ocr_par ocr_line ocrx_word'/>
</head>
<body>
  <div class='ocr_page' id='page_1' title='image "./poetbucolicietd00ameigoog_0336.png"; bbox 0 0 3767 5825; ppageno 0'>
   <div class='ocr_carea' id='block_1_1' title="bbox 680 337 2204 418">
    <p class='ocr_par' dir='ltr' id='par_1_1' title="bbox 680 337 2204 418">
     <span class='ocr_line' id='line_1_1' title="bbox 680 337 2204 418; baseline -0.001 -17"><span class='ocrx_word' id='word_1_1' title='bbox 680 347 718 418; x_wconf 72' lang='grc' dir='ltr'>ῃ</span> <span class='ocrx_word' id='word_1_2' title='bbox 1776 337 2204 400; x_wconf 64' lang='lat' dir='ltr'>rumulo.</span> 
     </span>
    </p>
   </div>
   <div class='ocr_carea' id='block_1_2' title="bbox 680 461 3338 2649">
    <p class='ocr_par' dir='ltr' id='par_1_2' title="bbox 682 461 3314 665">
     <span class='ocr_line' id='line_1_2' title="bbox 682 461 3314 565; baseline -0.005 -24"><span class='ocrx_word' id='word_1_3' title='bbox 682 495 839 565; x_wconf 84' lang='lat' dir='ltr'>quae</span> <span class='ocrx_word' id='word_1_4' title='bbox 870 471 944 540; x_wconf 89' lang='lat' dir='ltr'>in</span> <span class='ocrx_word' id='word_1_5' title='bbox 976 469 1255 540; x_wconf 87' lang='lat' dir='ltr'>schedis</span> <span class='ocrx_word' id='word_1_6' title='bbox 1288 493 1484 539; x_wconf 89' lang='lat' dir='ltr'>anno</span> <span class='ocrx_word' id='word_1_7' title='bbox 1552 467 1727 553; x_wconf 86' lang='grc'><strong>1843</strong></span> <span class='ocrx_word' id='word_1_8' title='bbox 1770 467 2014 565; x_wconf 81' lang='lat' dir='ltr'>paullo</span> <span class='ocrx_word' id='word_1_9' title='bbox 2057 481 2224 564; x_wconf 85' lang='lat' dir='ltr'>post</span> <span class='ocrx_word' id='word_1_10' title='bbox 2261 464 2542 537; x_wconf 82' lang='lat' dir='ltr'>obitum</span> <span class='ocrx_word' id='word_1_11' title='bbox 2579 461 2848 535; x_wconf 83' lang='lat' dir='ltr'>Lehrsii</span> <span class='ocrx_word' id='word_1_12' title='bbox 2881 461 3182 532; x_wconf 76' lang='lat' dir='ltr'>exaratis</span> <span class='ocrx_word' id='word_1_13' title='bbox 3217 485 3314 530; x_wconf 84' lang='lat' dir='ltr'>m-</span> 
     </span>
     <span class='ocr_line' id='line_1_3' title="bbox 682 595 1152 665; baseline 0 -3"><span class='ocrx_word' id='word_1_14' title='bbox 682 595 845 665; x_wconf 76' lang='lat' dir='ltr'>veni</span> <span class='ocrx_word' id='word_1_15' title='bbox 886 608 1152 665; x_wconf 82' lang='lat' dir='ltr'>notata.</span> 
     </span>
    </p>

    <p class='ocr_par' dir='ltr' id='par_1_3' title="bbox 680 709 3338 2649">
     <span class='ocr_line' id='line_1_4' title="bbox 780 709 3316 812; baseline -0.005 -24"><span class='ocrx_word' id='word_1_16' title='bbox 780 721 1001 788; x_wconf 78' lang='lat' dir='ltr'>Versu</span> <span class='ocrx_word' id='word_1_17' title='bbox 1041 741 1133 786; x_wconf 81' lang='lat'>20</span> <span class='ocrx_word' id='word_1_18' title='bbox 1178 717 1430 812; x_wconf 75' lang='lat' dir='ltr'>scripsi</span> <span class='ocrx_word' id='word_1_19' title='bbox 1463 721 1671 812; x_wconf 77' lang='grc' dir='ltr'><strong>λόγῳ,</strong></span> <span class='ocrx_word' id='word_1_20' title='bbox 1722 742 1803 786; x_wconf 88' lang='lat' dir='ltr'>ex</span> <span class='ocrx_word' id='word_1_21' title='bbox 1858 713 2276 810; x_wconf 75' lang='lat' dir='ltr'>conjectura</span> <span class='ocrx_word' id='word_1_22' title='bbox 2321 713 2582 784; x_wconf 87' lang='lat' dir='ltr'>Pauwii</span> <span class='ocrx_word' id='word_1_23' title='bbox 2611 765 2632 800; x_wconf 91' lang='lat'>‚</span> <span class='ocrx_word' id='word_1_24' title='bbox 2689 737 2825 810; x_wconf 81' lang='lat' dir='ltr'>pro</span> <span class='ocrx_word' id='word_1_25' title='bbox 2861 709 3052 806; x_wconf 82' lang='lat' dir='ltr'><strong>vulg.</strong></span> <span class='ocrx_word' id='word_1_26' title='bbox 3089 711 3316 804; x_wconf 78' lang='grc' dir='ltr'><strong>λόγων,</strong></span> 
     </span>
     <span class='ocr_line' id='line_1_5' title="bbox 681 833 3317 934; baseline -0.005 -26"><span class='ocrx_word' id='word_1_27' title='bbox 681 853 829 934; x_wconf 82' lang='lat' dir='ltr'><strong>opt.</strong></span> <span class='ocrx_word' id='word_1_28' title='bbox 869 841 1068 934; x_wconf 79' lang='grc' dir='ltr'><strong>λόγον.</strong></span> <span class='ocrx_word' id='word_1_29' title='bbox 1119 836 1489 909; x_wconf 79' lang='lat' dir='ltr'>Jacobsius</span> <span class='ocrx_word' id='word_1_30' title='bbox 1528 837 1839 933; x_wconf 84' lang='lat' dir='ltr'>conjecit</span> <span class='ocrx_word' id='word_1_31' title='bbox 1895 851 2116 934; x_wconf 84' lang='grc' dir='ltr'><strong>μογῶν.</strong></span> <span class='ocrx_word' id='word_1_32' title='bbox 2175 835 2372 908; x_wconf 79' lang='lat' dir='ltr'>idem</span> <span class='ocrx_word' id='word_1_33' title='bbox 2412 859 2618 906; x_wconf 77' lang='lat' dir='ltr'>versu</span> <span class='ocrx_word' id='word_1_34' title='bbox 2671 836 2761 907; x_wconf 82' lang='lat'>23</span> <span class='ocrx_word' id='word_1_35' title='bbox 2805 833 3115 928; x_wconf 86' lang='lat' dir='ltr'>conjecit</span> <span class='ocrx_word' id='word_1_36' title='bbox 3157 837 3317 898; x_wconf 77' lang='grc' dir='ltr'><strong>εὐτυ-</strong></span> 
     </span>
     <span class='ocr_line' id='line_1_6' title="bbox 680 957 3319 1057; baseline -0.003 -27"><span class='ocrx_word' id='word_1_37' title='bbox 680 973 834 1057; x_wconf 76' lang='grc' dir='ltr'><strong>χοῖς.</strong></span> <span class='ocrx_word' id='word_1_38' title='bbox 869 961 1095 1031; x_wconf 87' lang='lat' dir='ltr'>Tenui</span> <span class='ocrx_word' id='word_1_39' title='bbox 1122 961 1193 1030; x_wconf 90' lang='lat' dir='ltr'>in</span> <span class='ocrx_word' id='word_1_40' title='bbox 1226 958 1369 1030; x_wconf 92' lang='lat' dir='ltr'>hoc</span> <span class='ocrx_word' id='word_1_41' title='bbox 1414 961 1765 1056; x_wconf 77' lang='lat' dir='ltr'>scriptore</span> <span class='ocrx_word' id='word_1_42' title='bbox 1792 959 1993 1055; x_wconf 84' lang='lat' dir='ltr'>quod</span> <span class='ocrx_word' id='word_1_43' title='bbox 2031 959 2230 1056; x_wconf 72' lang='grc' dir='ltr'>(10ρἰ</span> <span class='ocrx_word' id='word_1_44' title='bbox 2263 975 2407 1054; x_wconf 82' lang='lat' dir='ltr'>opt.</span> <span class='ocrx_word' id='word_1_45' title='bbox 2457 967 2730 1055; x_wconf 74' lang='grc' dir='ltr'><strong>εὐτυχῇς.</strong></span> <span class='ocrx_word' id='word_1_46' title='bbox 2765 957 3113 1026; x_wconf 80' lang='lat' dir='ltr'><strong>Nimirum</strong></span> <span class='ocrx_word' id='word_1_47' title='bbox 3142 977 3182 1023; x_wconf 85' lang='lat' dir='ltr'>a</span> <span class='ocrx_word' id='word_1_48' title='bbox 3217 977 3319 1048; x_wconf 82' lang='lat' dir='ltr'>pr.</span> 
     </span>
     <span class='ocr_line' id='line_1_7' title="bbox 684 1078 3324 1180; baseline -0.003 -28"><span class='ocrx_word' id='word_1_49' title='bbox 684 1109 776 1152; x_wconf 88' lang='lat' dir='ltr'>m.</span> <span class='ocrx_word' id='word_1_50' title='bbox 814 1081 1033 1153; x_wconf 81' lang='lat' dir='ltr'>habet</span> <span class='ocrx_word' id='word_1_51' title='bbox 1067 1088 1319 1180; x_wconf 76' lang='grc' dir='ltr'><strong>εὖτύχης</strong></span> <span class='ocrx_word' id='word_1_52' title='bbox 1360 1087 1783 1178; x_wconf 80' lang='grc' dir='ltr'><strong>αὐτοκράτωρ,</strong></span> <span class='ocrx_word' id='word_1_53' title='bbox 1824 1107 1861 1152; x_wconf 81' lang='lat' dir='ltr'>a</span> <span class='ocrx_word' id='word_1_54' title='bbox 1893 1107 2032 1152; x_wconf 78' lang='lat' dir='ltr'>sec·</span> <span class='ocrx_word' id='word_1_55' title='bbox 2076 1091 2328 1178; x_wconf 75' lang='grc' dir='ltr'><strong>εὐτυχῆς</strong></span> <span class='ocrx_word' id='word_1_56' title='bbox 2367 1085 2756 1177; x_wconf 75' lang='grc' dir='ltr'><strong>αὐτοκράτορ.</strong></span> <span class='ocrx_word' id='word_1_57' title='bbox 2794 1078 3027 1172; x_wconf 84' lang='lat' dir='ltr'><strong>Vulgo</strong></span> <span class='ocrx_word' id='word_1_58' title='bbox 3077 1083 3324 1170; x_wconf 77' lang='grc' dir='ltr'><strong>εὐτυχὴς</strong></span> 
     </span>
     <span class='ocr_line' id='line_1_8' title="bbox 680 1201 3322 1302; baseline -0.004 -25"><span class='ocrx_word' id='word_1_59' title='bbox 680 1215 811 1277; x_wconf 78' lang='grc' dir='ltr'><strong>αὐτ.</strong></span> <span class='ocrx_word' id='word_1_60' title='bbox 838 1249 936 1260; x_wconf 90' lang='lat'>-—</span> <span class='ocrx_word' id='word_1_61' title='bbox 972 1211 1055 1276; x_wconf 89' lang='lat' dir='ltr'><strong>V.</strong></span> <span class='ocrx_word' id='word_1_62' title='bbox 1101 1207 1191 1277; x_wconf 88' lang='grc'>88</span> <span class='ocrx_word' id='word_1_63' title='bbox 1222 1223 1365 1302; x_wconf 79' lang='lat' dir='ltr'>opt.</span> <span class='ocrx_word' id='word_1_64' title='bbox 1421 1203 1636 1302; x_wconf 76' lang='grc' dir='ltr'><strong>δέρην,</strong></span> <span class='ocrx_word' id='word_1_65' title='bbox 1679 1231 1827 1276; x_wconf 87' lang='lat' dir='ltr'>non</span> <span class='ocrx_word' id='word_1_66' title='bbox 1863 1201 2100 1302; x_wconf 75' lang='grc' dir='ltr'><strong>δέρρην.</strong></span> <span class='ocrx_word' id='word_1_67' title='bbox 2131 1247 2225 1260; x_wconf 85' lang='lat'><strong>—</strong></span> <span class='ocrx_word' id='word_1_68' title='bbox 2263 1209 2344 1274; x_wconf 82' lang='lat' dir='ltr'><strong>V.</strong></span> <span class='ocrx_word' id='word_1_69' title='bbox 2379 1229 2466 1300; x_wconf 84' lang='lat'>91</span> <span class='ocrx_word' id='word_1_70' title='bbox 2515 1220 2654 1300; x_wconf 82' lang='lat' dir='ltr'>opt.</span> <span class='ocrx_word' id='word_1_71' title='bbox 2701 1228 2742 1274; x_wconf 82' lang='lat' dir='ltr'>a</span> <span class='ocrx_word' id='word_1_72' title='bbox 2783 1226 2885 1299; x_wconf 81' lang='lat' dir='ltr'>pr.</span> <span class='ocrx_word' id='word_1_73' title='bbox 2923 1226 3017 1270; x_wconf 88' lang='lat' dir='ltr'>m.</span> <span class='ocrx_word' id='word_1_74' title='bbox 3053 1203 3322 1288; x_wconf 76' lang='grc' dir='ltr'><strong>βλέπτοι.</strong></span> 
     </span>
     <span class='ocr_line' id='line_1_9' title="bbox 680 1319 3325 1427; baseline -0.004 -27"><span class='ocrx_word' id='word_1_75' title='bbox 680 1329 933 1427; x_wconf 88' lang='lat' dir='ltr'>Suppl.</span> <span class='ocrx_word' id='word_1_76' title='bbox 963 1328 1161 1400; x_wconf 86' lang='lat' dir='ltr'>solus</span> <span class='ocrx_word' id='word_1_77' title='bbox 1195 1334 1367 1400; x_wconf 78' lang='grc' dir='ltr'><strong>ἀετὸν</strong></span> <span class='ocrx_word' id='word_1_78' title='bbox 1396 1333 1584 1425; x_wconf 76' lang='grc' dir='ltr'><strong>λέγει.</strong></span> <span class='ocrx_word' id='word_1_79' title='bbox 1614 1371 1710 1382; x_wconf 89' lang='lat'>—-</span> <span class='ocrx_word' id='word_1_80' title='bbox 1754 1331 1837 1398; x_wconf 92' lang='lat' dir='ltr'><strong>V.</strong></span> <span class='ocrx_word' id='word_1_81' title='bbox 1884 1353 2012 1423; x_wconf 75' lang='lat'>¹27</span> <span class='ocrx_word' id='word_1_82' title='bbox 2059 1327 2275 1398; x_wconf 89' lang='lat' dir='ltr'>codd.</span> <span class='ocrx_word' id='word_1_83' title='bbox 2323 1352 2578 1398; x_wconf 90' lang='lat' dir='ltr'>omnes</span> <span class='ocrx_word' id='word_1_84' title='bbox 2617 1328 3026 1422; x_wconf 72' lang='grc' dir='ltr'><strong>Αἰγυπτίους,</strong></span> <span class='ocrx_word' id='word_1_85' title='bbox 3069 1353 3101 1388; x_wconf 75' lang='grc' dir='ltr'><strong>α</strong></span> <span class='ocrx_word' id='word_1_86' title='bbox 3130 1319 3325 1418; x_wconf 91' lang='lat' dir='ltr'>quod</span> 
     </span>
     <span class='ocr_line' id='line_1_10' title="bbox 684 1445 3328 1550; baseline -0.003 -28"><span class='ocrx_word' id='word_1_87' title='bbox 684 1453 979 1523; x_wconf 69' lang='lat' dir='ltr'>fortasse</span> <span class='ocrx_word' id='word_1_88' title='bbox 1024 1451 1577 1527; x_wconf 79' lang='lat' dir='ltr'>restituendum.</span> <span class='ocrx_word' id='word_1_89' title='bbox 1608 1451 1940 1549; x_wconf 87' lang='lat' dir='ltr'>suppleto</span> <span class='ocrx_word' id='word_1_90' title='bbox 1963 1465 2177 1550; x_wconf 79' lang='grc' dir='ltr'><strong>γῦπας.</strong></span> <span class='ocrx_word' id='word_1_91' title='bbox 2215 1482 2249 1517; x_wconf 76' lang='grc' dir='ltr'><strong>ιι</strong></span> <span class='ocrx_word' id='word_1_92' title='bbox 2279 1451 2516 1522; x_wconf 82' lang='lat' dir='ltr'>Lehrs.</span> <span class='ocrx_word' id='word_1_93' title='bbox 2553 1492 2636 1504; x_wconf 94' lang='lat'>-</span> <span class='ocrx_word' id='word_1_94' title='bbox 2672 1452 2757 1519; x_wconf 92' lang='lat' dir='ltr'><strong>V.</strong></span> <span class='ocrx_word' id='word_1_95' title='bbox 2801 1449 2916 1518; x_wconf 88' lang='grc'>161</span> <span class='ocrx_word' id='word_1_96' title='bbox 2953 1463 3104 1544; x_wconf 75' lang='lat' dir='ltr'><strong>opt.</strong></span> <span class='ocrx_word' id='word_1_97' title='bbox 3133 1445 3328 1516; x_wconf 86' lang='lat' dir='ltr'>solus</span> 
     </span>
     <span class='ocr_line' id='line_1_11' title="bbox 687 1567 3329 1672; baseline -0.003 -29"><span class='ocrx_word' id='word_1_98' title='bbox 687 1599 928 1644; x_wconf 83' lang='lat' dir='ltr'>verum</span> <span class='ocrx_word' id='word_1_99' title='bbox 967 1575 1292 1645; x_wconf 83' lang='lat' dir='ltr'>servavit.</span> <span class='ocrx_word' id='word_1_100' title='bbox 1340 1573 1739 1667; x_wconf 77' lang='lat' dir='ltr'>Legebatur</span> <span class='ocrx_word' id='word_1_101' title='bbox 1782 1580 2153 1672; x_wconf 69' lang='grc' dir='ltr'><strong>ςτίργουσιν.</strong></span> <span class='ocrx_word' id='word_1_102' title='bbox 2185 1615 2279 1627; x_wconf 92' lang='grc'>-</span> <span class='ocrx_word' id='word_1_103' title='bbox 2305 1577 2388 1642; x_wconf 88' lang='lat' dir='ltr'>V.</span> <span class='ocrx_word' id='word_1_104' title='bbox 2433 1571 2568 1669; x_wconf 80' lang='lat'>176</span> <span class='ocrx_word' id='word_1_105' title='bbox 2605 1573 2675 1643; x_wconf 86' lang='lat' dir='ltr'>in</span> <span class='ocrx_word' id='word_1_106' title='bbox 2719 1587 2862 1666; x_wconf 82' lang='lat' dir='ltr'>opt.</span> <span class='ocrx_word' id='word_1_107' title='bbox 2900 1567 2956 1640; x_wconf 84' lang='grc' dir='ltr'>δ’</span> <span class='ocrx_word' id='word_1_108' title='bbox 2997 1583 3160 1664; x_wconf 77' lang='lat' dir='ltr'>post</span> <span class='ocrx_word' id='word_1_109' title='bbox 3187 1574 3329 1637; x_wconf 82' lang='grc' dir='ltr'><strong>ὅταν</strong></span> 
     </span>
     <span class='ocr_line' id='line_1_12' title="bbox 682 1688 3330 1793; baseline -0.003 -26"><span class='ocrx_word' id='word_1_110' title='bbox 682 1721 963 1767; x_wconf 77' lang='lat' dir='ltr'><strong>erasum</strong></span> <span class='ocrx_word' id='word_1_111' title='bbox 997 1710 1125 1766; x_wconf 80' lang='lat' dir='ltr'>est.</span> <span class='ocrx_word' id='word_1_112' title='bbox 1148 1737 1246 1750; x_wconf 89' lang='lat'>—-</span> <span class='ocrx_word' id='word_1_113' title='bbox 1270 1700 1355 1766; x_wconf 88' lang='lat' dir='ltr'>V.</span> <span class='ocrx_word' id='word_1_114' title='bbox 1386 1695 1551 1766; x_wconf 85' lang='lat'><strong>300.</strong></span> <span class='ocrx_word' id='word_1_115' title='bbox 1589 1726 1621 1760; x_wconf 81' lang='grc' dir='ltr'><strong>α</strong></span> <span class='ocrx_word' id='word_1_116' title='bbox 1656 1695 1847 1767; x_wconf 82' lang='lat' dir='ltr'>Libri</span> <span class='ocrx_word' id='word_1_117' title='bbox 1877 1722 2133 1768; x_wconf 89' lang='lat' dir='ltr'>omnes</span> <span class='ocrx_word' id='word_1_118' title='bbox 2163 1695 2401 1793; x_wconf 71' lang='lat' dir='ltr'>[eliam</span> <span class='ocrx_word' id='word_1_119' title='bbox 2433 1693 2715 1792; x_wconf 88' lang='lat' dir='ltr'>Suppl.]</span> <span class='ocrx_word' id='word_1_120' title='bbox 2745 1690 3098 1780; x_wconf 78' lang='grc' dir='ltr'><strong>διαπλέκοι,</strong></span> <span class='ocrx_word' id='word_1_121' title='bbox 3135 1688 3330 1786; x_wconf 88' lang='lat' dir='ltr'>quod</span> 
     </span>
     <span class='ocr_line' id='line_1_13' title="bbox 685 1815 3332 1906; baseline -0.003 -18"><span class='ocrx_word' id='word_1_122' title='bbox 685 1843 857 1889; x_wconf 88' lang='lat' dir='ltr'>sane</span> <span class='ocrx_word' id='word_1_123' title='bbox 884 1819 1175 1889; x_wconf 83' lang='lat' dir='ltr'>mirum.</span> <span class='ocrx_word' id='word_1_124' title='bbox 1214 1849 1247 1884; x_wconf 68' lang='grc' dir='ltr'><strong>υ</strong></span> <span class='ocrx_word' id='word_1_125' title='bbox 1294 1817 1531 1888; x_wconf 78' lang='lat' dir='ltr'>Lehrs.</span> <span class='ocrx_word' id='word_1_126' title='bbox 1572 1825 1657 1890; x_wconf 94' lang='lat' dir='ltr'>In</span> <span class='ocrx_word' id='word_1_127' title='bbox 1688 1819 2042 1890; x_wconf 84' lang='lat' dir='ltr'>similibus</span> <span class='ocrx_word' id='word_1_128' title='bbox 2072 1819 2278 1906; x_wconf 74' lang='lat' dir='ltr'>lociS,</span> <span class='ocrx_word' id='word_1_129' title='bbox 2319 1821 2380 1888; x_wconf 91' lang='lat' dir='ltr'>si</span> <span class='ocrx_word' id='word_1_130' title='bbox 2409 1821 2712 1888; x_wconf 84' lang='lat' dir='ltr'>Camum</span> <span class='ocrx_word' id='word_1_131' title='bbox 2745 1815 2988 1887; x_wconf 82' lang='lat' dir='ltr'>audias</span> <span class='ocrx_word' id='word_1_132' title='bbox 3013 1867 3032 1902; x_wconf 90' lang='lat'><strong><em>‚</em></strong></span> <span class='ocrx_word' id='word_1_133' title='bbox 3078 1837 3332 1883; x_wconf 88' lang='lat' dir='ltr'>omnes</span> 
     </span>
     <span class='ocr_line' id='line_1_14' title="bbox 682 1935 3328 2038; baseline -0.002 -28"><span class='ocrx_word' id='word_1_134' title='bbox 682 1944 870 2036; x_wconf 79' lang='grc' dir='ltr'><strong>κρίνοι</strong></span> <span class='ocrx_word' id='word_1_135' title='bbox 910 1965 978 2010; x_wconf 87' lang='lat' dir='ltr'>v.</span> <span class='ocrx_word' id='word_1_136' title='bbox 1008 1938 1180 2037; x_wconf 84' lang='lat'><strong>995,</strong></span> <span class='ocrx_word' id='word_1_137' title='bbox 1218 1945 1379 2011; x_wconf 78' lang='grc' dir='ltr'><strong>Θέλοι</strong></span> <span class='ocrx_word' id='word_1_138' title='bbox 1413 1966 1475 2011; x_wconf 91' lang='lat' dir='ltr'>v.</span> <span class='ocrx_word' id='word_1_139' title='bbox 1516 1941 1679 2028; x_wconf 90' lang='grc'><strong>344.</strong></span> <span class='ocrx_word' id='word_1_140' title='bbox 1722 1940 1863 2012; x_wconf 89' lang='lat' dir='ltr'>Sed</span> <span class='ocrx_word' id='word_1_141' title='bbox 1894 1966 1962 2012; x_wconf 72' lang='lat' dir='ltr'>V.</span> <span class='ocrx_word' id='word_1_142' title='bbox 2010 1941 2174 2030; x_wconf 85' lang='lat'><strong>300,</strong></span> <span class='ocrx_word' id='word_1_143' title='bbox 2210 1958 2352 2038; x_wconf 82' lang='lat' dir='ltr'>opt.</span> <span class='ocrx_word' id='word_1_144' title='bbox 2386 1939 2853 2011; x_wconf 73' lang='lat' dir='ltr'>indicativum</span> <span class='ocrx_word' id='word_1_145' title='bbox 2899 1935 3120 2008; x_wconf 83' lang='lat' dir='ltr'>habet</span> <span class='ocrx_word' id='word_1_146' title='bbox 3153 1961 3192 2006; x_wconf 89' lang='lat' dir='ltr'>a</span> <span class='ocrx_word' id='word_1_147' title='bbox 3225 1959 3328 2032; x_wconf 78' lang='lat' dir='ltr'>pr.</span> 
     </span>
     <span class='ocr_line' id='line_1_15' title="bbox 689 2057 3332 2160; baseline -0.002 -27"><span class='ocrx_word' id='word_1_148' title='bbox 689 2088 812 2152; x_wconf 89' lang='lat' dir='ltr'>m.,</span> <span class='ocrx_word' id='word_1_149' title='bbox 854 2089 917 2133; x_wconf 80' lang='lat' dir='ltr'>v,</span> <span class='ocrx_word' id='word_1_150' title='bbox 947 2061 1087 2160; x_wconf 84' lang='lat'>995</span> <span class='ocrx_word' id='word_1_151' title='bbox 1114 2063 1491 2148; x_wconf 81' lang='lat' dir='ltr'>intactum,</span> <span class='ocrx_word' id='word_1_152' title='bbox 1524 2087 1592 2135; x_wconf 71' lang='grc' dir='ltr'>ν.</span> <span class='ocrx_word' id='word_1_153' title='bbox 1628 2063 1769 2150; x_wconf 89' lang='grc'><strong>344</strong></span> <span class='ocrx_word' id='word_1_154' title='bbox 1810 2065 1981 2136; x_wconf 84' lang='lat' dir='ltr'>item</span> <span class='ocrx_word' id='word_1_155' title='bbox 2023 2067 2182 2134; x_wconf 76' lang='grc' dir='ltr'><strong>θέλει</strong></span> <span class='ocrx_word' id='word_1_156' title='bbox 2213 2063 2593 2134; x_wconf 82' lang='lat' dir='ltr'>intactum.</span> <span class='ocrx_word' id='word_1_157' title='bbox 2627 2102 2724 2116; x_wconf 89' lang='lat'>—</span> <span class='ocrx_word' id='word_1_158' title='bbox 2761 2065 2844 2130; x_wconf 95' lang='lat' dir='ltr'><strong>V.</strong></span> <span class='ocrx_word' id='word_1_159' title='bbox 2897 2059 3034 2132; x_wconf 87' lang='grc'>316</span> <span class='ocrx_word' id='word_1_160' title='bbox 3067 2057 3332 2155; x_wconf 69' lang='grc' dir='ltr'><strong>Θρύὸεται</strong></span> 
     </span>
     <span class='ocr_line' id='line_1_16' title="bbox 683 2181 3332 2282; baseline -0.001 -27"><span class='ocrx_word' id='word_1_161' title='bbox 683 2195 865 2280; x_wconf 79' lang='lat' dir='ltr'>(non</span> <span class='ocrx_word' id='word_1_162' title='bbox 902 2184 1198 2282; x_wconf 66' lang='grc' dir='ltr'><strong>Θρίὸεται)</strong></span> <span class='ocrx_word' id='word_1_163' title='bbox 1242 2211 1495 2256; x_wconf 88' lang='lat' dir='ltr'>omnes</span> <span class='ocrx_word' id='word_1_164' title='bbox 1532 2201 1605 2257; x_wconf 89' lang='lat' dir='ltr'>et</span> <span class='ocrx_word' id='word_1_165' title='bbox 1642 2187 1792 2282; x_wconf 86' lang='lat' dir='ltr'>ipse</span> <span class='ocrx_word' id='word_1_166' title='bbox 1824 2189 2187 2258; x_wconf 79' lang='lat' dir='ltr'>ArseniuS.</span> <span class='ocrx_word' id='word_1_167' title='bbox 2250 2187 2370 2256; x_wconf 90' lang='lat' dir='ltr'>Sic</span> <span class='ocrx_word' id='word_1_168' title='bbox 2409 2211 2475 2256; x_wconf 84' lang='lat' dir='ltr'>v.</span> <span class='ocrx_word' id='word_1_169' title='bbox 2527 2185 2706 2280; x_wconf 84' lang='lat'><strong>1307</strong></span> <span class='ocrx_word' id='word_1_170' title='bbox 2752 2181 3077 2279; x_wconf 73' lang='grc' dir='ltr'><strong>διαθρύὸει.</strong></span> <span class='ocrx_word' id='word_1_171' title='bbox 3111 2221 3208 2236; x_wconf 93' lang='grc'>-</span> <span class='ocrx_word' id='word_1_172' title='bbox 3254 2185 3332 2252; x_wconf 90' lang='lat' dir='ltr'>V.</span> 
     </span>
     <span class='ocr_line' id='line_1_17' title="bbox 691 2305 3338 2405; baseline -0.002 -26"><span class='ocrx_word' id='word_1_173' title='bbox 691 2308 828 2404; x_wconf 89' lang='grc'><strong>349</strong></span> <span class='ocrx_word' id='word_1_174' title='bbox 859 2327 996 2405; x_wconf 79' lang='lat' dir='ltr'>opt.</span> <span class='ocrx_word' id='word_1_175' title='bbox 1043 2314 1370 2404; x_wconf 77' lang='grc' dir='ltr'><strong>θαυμάσει,</strong></span> <span class='ocrx_word' id='word_1_176' title='bbox 1412 2335 1478 2380; x_wconf 84' lang='lat' dir='ltr'>v.</span> <span class='ocrx_word' id='word_1_177' title='bbox 1528 2309 1666 2404; x_wconf 89' lang='grc'>398</span> <span class='ocrx_word' id='word_1_178' title='bbox 1704 2313 2056 2404; x_wconf 77' lang='grc' dir='ltr'><strong>Θαυμάσεις,</strong></span> <span class='ocrx_word' id='word_1_179' title='bbox 2095 2309 2220 2380; x_wconf 89' lang='lat' dir='ltr'>sed</span> <span class='ocrx_word' id='word_1_180' title='bbox 2278 2309 2350 2379; x_wconf 91' lang='lat' dir='ltr'>in</span> <span class='ocrx_word' id='word_1_181' title='bbox 2407 2309 2522 2378; x_wconf 91' lang='lat' dir='ltr'>his</span> <span class='ocrx_word' id='word_1_182' title='bbox 2578 2307 2677 2378; x_wconf 93' lang='lat' dir='ltr'>ob</span> <span class='ocrx_word' id='word_1_183' title='bbox 2717 2331 2930 2378; x_wconf 89' lang='lat' dir='ltr'>usum</span> <span class='ocrx_word' id='word_1_184' title='bbox 2969 2305 3338 2401; x_wconf 82' lang='lat' dir='ltr'>scriptoris</span> 
     </span>
     <span class='ocr_line' id='line_1_18' title="bbox 688 2428 3336 2529; baseline -0.002 -28"><span class='ocrx_word' id='word_1_185' title='bbox 688 2430 1187 2526; x_wconf 82' lang='lat' dir='ltr'>subjunctivos</span> <span class='ocrx_word' id='word_1_186' title='bbox 1216 2456 1366 2501; x_wconf 90' lang='lat' dir='ltr'>non</span> <span class='ocrx_word' id='word_1_187' title='bbox 1403 2433 1693 2501; x_wconf 85' lang='lat' dir='ltr'>mutavi.</span> <span class='ocrx_word' id='word_1_188' title='bbox 1733 2437 1991 2529; x_wconf 72' lang='lat' dir='ltr'>Aperte</span> <span class='ocrx_word' id='word_1_189' title='bbox 2022 2433 2398 2503; x_wconf 73' lang='lat' dir='ltr'>iotacismo</span> <span class='ocrx_word' id='word_1_190' title='bbox 2435 2457 2504 2500; x_wconf 83' lang='lat' dir='ltr'>v.</span> <span class='ocrx_word' id='word_1_191' title='bbox 2543 2428 2686 2500; x_wconf 85' lang='lat'>366</span> <span class='ocrx_word' id='word_1_192' title='bbox 2715 2447 2852 2525; x_wconf 80' lang='lat' dir='ltr'>opt.</span> <span class='ocrx_word' id='word_1_193' title='bbox 2887 2432 3336 2524; x_wconf 58' lang='grc' dir='ltr'><strong>«ἐπεπήγει.-</strong></span> 
     </span>
     <span class='ocr_line' id='line_1_19' title="bbox 692 2549 3334 2649; baseline -0.002 -28"><span class='ocrx_word' id='word_1_194' title='bbox 692 2595 789 2606; x_wconf 93' lang='grc'>-</span> <span class='ocrx_word' id='word_1_195' title='bbox 816 2555 894 2622; x_wconf 90' lang='lat' dir='ltr'>V.</span> <span class='ocrx_word' id='word_1_196' title='bbox 932 2551 1071 2647; x_wconf 84' lang='lat'>375</span> <span class='ocrx_word' id='word_1_197' title='bbox 1109 2569 1247 2649; x_wconf 80' lang='lat' dir='ltr'>opt.</span> <span class='ocrx_word' id='word_1_198' title='bbox 1282 2558 1455 2648; x_wconf 75' lang='grc' dir='ltr'><strong>ὅνπερ</strong></span> <span class='ocrx_word' id='word_1_199' title='bbox 1496 2551 1761 2648; x_wconf 80' lang='lat' dir='ltr'>praebet</span> <span class='ocrx_word' id='word_1_200' title='bbox 1784 2605 1803 2642; x_wconf 91' lang='lat'><strong>,</strong></span> <span class='ocrx_word' id='word_1_201' title='bbox 1841 2577 1990 2623; x_wconf 93' lang='lat' dir='ltr'>non</span> <span class='ocrx_word' id='word_1_202' title='bbox 2021 2559 2161 2648; x_wconf 78' lang='grc' dir='ltr'><strong>ὅπερ</strong></span> <span class='ocrx_word' id='word_1_203' title='bbox 2191 2551 2391 2648; x_wconf 86' lang='lat' dir='ltr'>quod</span> <span class='ocrx_word' id='word_1_204' title='bbox 2429 2551 2692 2638; x_wconf 80' lang='lat' dir='ltr'>ceteri,</span> <span class='ocrx_word' id='word_1_205' title='bbox 2739 2549 2919 2620; x_wconf 83' lang='lat' dir='ltr'>male</span> <span class='ocrx_word' id='word_1_206' title='bbox 2963 2549 3334 2620; x_wconf 85' lang='lat' dir='ltr'>defensum</span> 
     </span>
    </p>
   </div>
   <div class='ocr_carea' id='block_1_3' title="bbox 687 2669 3333 2770">
    <p class='ocr_par' dir='ltr' id='par_1_4' title="bbox 687 2669 3333 2770">
     <span class='ocr_line' id='line_1_20' title="bbox 687 2669 3333 2770; baseline -0.002 -26"><span class='ocrx_word' id='word_1_207' title='bbox 687 2697 730 2744; x_wconf 82' lang='lat' dir='ltr'>a</span> <span class='ocrx_word' id='word_1_208' title='bbox 754 2671 1497 2770; x_wconf 78' lang='lat' dir='ltr'>Phileta(1)0rvillio?)</span> <span class='ocrx_word' id='word_1_209' title='bbox 1528 2675 1601 2744; x_wconf 91' lang='lat' dir='ltr'>in</span> <span class='ocrx_word' id='word_1_210' title='bbox 1634 2675 1828 2745; x_wconf 86' lang='lat' dir='ltr'>Misc.</span> <span class='ocrx_word' id='word_1_211' title='bbox 1871 2673 2086 2745; x_wconf 85' lang='lat' dir='ltr'>Obss.</span> <span class='ocrx_word' id='word_1_212' title='bbox 2121 2674 2262 2744; x_wconf 86' lang='lat' dir='ltr'>vol.</span> <span class='ocrx_word' id='word_1_213' title='bbox 2296 2677 2414 2761; x_wconf 86' lang='lat' dir='ltr'><strong>VI,</strong></span> <span class='ocrx_word' id='word_1_214' title='bbox 2454 2698 2523 2769; x_wconf 89' lang='lat' dir='ltr'>p.</span> <span class='ocrx_word' id='word_1_215' title='bbox 2563 2671 2727 2759; x_wconf 86' lang='grc'><strong>455.</strong></span> <span class='ocrx_word' id='word_1_216' title='bbox 2759 2713 2853 2724; x_wconf 90' lang='grc'>-</span> <span class='ocrx_word' id='word_1_217' title='bbox 2901 2675 2976 2742; x_wconf 93' lang='lat' dir='ltr'>V.</span> <span class='ocrx_word' id='word_1_218' title='bbox 3013 2669 3142 2742; x_wconf 87' lang='lat'>581</span> <span class='ocrx_word' id='word_1_219' title='bbox 3189 2684 3333 2767; x_wconf 82' lang='lat' dir='ltr'><strong>opt.</strong></span> 
     </span>
    </p>
   </div>
   <div class='ocr_carea' id='block_1_4' title="bbox 688 2795 3355 5217">
    <p class='ocr_par' dir='ltr' id='par_1_5' title="bbox 688 2795 3355 5217">
     <span class='ocr_line' id='line_1_21' title="bbox 689 2795 3335 2894; baseline -0.001 -28"><span class='ocrx_word' id='word_1_220' title='bbox 689 2797 947 2868; x_wconf 76' lang='lat' dir='ltr'>iterum</span> <span class='ocrx_word' id='word_1_221' title='bbox 986 2797 1182 2867; x_wconf 84' lang='lat' dir='ltr'>solus</span> <span class='ocrx_word' id='word_1_222' title='bbox 1222 2798 1529 2868; x_wconf 81' lang='lat' dir='ltr'>servavit</span> <span class='ocrx_word' id='word_1_223' title='bbox 1566 2807 1700 2878; x_wconf 83' lang='grc' dir='ltr'><strong>ταῖς</strong></span> <span class='ocrx_word' id='word_1_224' title='bbox 1740 2806 1986 2892; x_wconf 75' lang='grc' dir='ltr'><strong>ῥοπαῖς,</strong></span> <span class='ocrx_word' id='word_1_225' title='bbox 2023 2795 2226 2894; x_wconf 87' lang='lat' dir='ltr'>quod</span> <span class='ocrx_word' id='word_1_226' title='bbox 2258 2821 2506 2867; x_wconf 73' lang='lat' dir='ltr'>vet-um</span> <span class='ocrx_word' id='word_1_227' title='bbox 2555 2821 2710 2867; x_wconf 91' lang='lat' dir='ltr'>esse</span> <span class='ocrx_word' id='word_1_228' title='bbox 2752 2795 3213 2890; x_wconf 75' lang='lat' dir='ltr'>cognoscitur</span> <span class='ocrx_word' id='word_1_229' title='bbox 3256 2818 3335 2863; x_wconf 85' lang='lat' dir='ltr'>ex</span> 
     </span>
     <span class='ocr_line' id='line_1_22' title="bbox 692 2920 3340 3021; baseline 0 -30"><span class='ocrx_word' id='word_1_230' title='bbox 692 2948 751 2992; x_wconf 87' lang='lat' dir='ltr'>v.</span> <span class='ocrx_word' id='word_1_231' title='bbox 789 2921 924 2995; x_wconf 81' lang='grc'>583</span> <span class='ocrx_word' id='word_1_232' title='bbox 964 2976 982 3012; x_wconf 92' lang='grc'><strong>,</strong></span> <span class='ocrx_word' id='word_1_233' title='bbox 1040 2926 1105 2994; x_wconf 82' lang='grc' dir='ltr'>οὗ</span> <span class='ocrx_word' id='word_1_234' title='bbox 1143 2920 1333 3019; x_wconf 79' lang='grc' dir='ltr'><strong>μηδὲν</strong></span> <span class='ocrx_word' id='word_1_235' title='bbox 1379 2928 1763 3021; x_wconf 76' lang='grc' dir='ltr'><strong>ἀγώγιμον</strong></span> <span class='ocrx_word' id='word_1_236' title='bbox 1816 2934 1853 3001; x_wconf 80' lang='grc' dir='ltr'>ἡ</span> <span class='ocrx_word' id='word_1_237' title='bbox 1908 2928 2292 3021; x_wconf 77' lang='grc' dir='ltr'><strong>πλάστιγξ</strong></span> <span class='ocrx_word' id='word_1_238' title='bbox 2344 2930 2522 3019; x_wconf 77' lang='grc' dir='ltr'><strong>φέρει.</strong></span> <span class='ocrx_word' id='word_1_239' title='bbox 2579 2924 2810 2995; x_wconf 81' lang='lat' dir='ltr'>Ceteri</span> <span class='ocrx_word' id='word_1_240' title='bbox 2853 2933 2988 3003; x_wconf 79' lang='grc' dir='ltr'><strong>ταῖς</strong></span> <span class='ocrx_word' id='word_1_241' title='bbox 3025 2931 3204 3017; x_wconf 75' lang='grc' dir='ltr'><strong>ῥοαῖς.</strong></span> <span class='ocrx_word' id='word_1_242' title='bbox 3249 2962 3340 2974; x_wconf 87' lang='grc'><strong>-</strong></span> 
     </span>
     <span class='ocr_line' id='line_1_23' title="bbox 688 3044 3342 3145; baseline -0.001 -28"><span class='ocrx_word' id='word_1_243' title='bbox 688 3051 909 3119; x_wconf 77' lang='lat' dir='ltr'>Versu</span> <span class='ocrx_word' id='word_1_244' title='bbox 948 3044 1086 3145; x_wconf 87' lang='lat'>596</span> <span class='ocrx_word' id='word_1_245' title='bbox 1112 3078 1173 3119; x_wconf 85' lang='grc' dir='ltr'><strong>τι</strong></span> <span class='ocrx_word' id='word_1_246' title='bbox 1204 3052 1309 3119; x_wconf 83' lang='grc' dir='ltr'>καὶ</span> <span class='ocrx_word' id='word_1_247' title='bbox 1356 3049 1623 3119; x_wconf 87' lang='lat' dir='ltr'>mutavi</span> <span class='ocrx_word' id='word_1_248' title='bbox 1670 3049 1742 3118; x_wconf 89' lang='lat' dir='ltr'>in</span> <span class='ocrx_word' id='word_1_249' title='bbox 1775 3056 1936 3139; x_wconf 76' lang='grc' dir='ltr'><strong>νικᾷ,</strong></span> <span class='ocrx_word' id='word_1_250' title='bbox 1979 3048 2385 3142; x_wconf 81' lang='lat' dir='ltr'>cujusmodi</span> <span class='ocrx_word' id='word_1_251' title='bbox 2416 3047 2686 3142; x_wconf 78' lang='lat' dir='ltr'>aliquid</span> <span class='ocrx_word' id='word_1_252' title='bbox 2727 3047 3081 3117; x_wconf 83' lang='lat' dir='ltr'>sententia</span> <span class='ocrx_word' id='word_1_253' title='bbox 3101 3060 3342 3142; x_wconf 84' lang='lat' dir='ltr'>postu-</span> 
     </span>
     <span class='ocr_line' id='line_1_24' title="bbox 688 3166 3339 3266; baseline -0.002 -26"><span class='ocrx_word' id='word_1_254' title='bbox 688 3170 783 3240; x_wconf 82' lang='lat' dir='ltr'>lat</span> <span class='ocrx_word' id='word_1_255' title='bbox 832 3197 848 3239; x_wconf 75' lang='grc' dir='ltr'><strong><em>ε</em></strong></span> <span class='ocrx_word' id='word_1_256' title='bbox 916 3196 1081 3242; x_wconf 84' lang='grc'><strong>113111</strong></span> <span class='ocrx_word' id='word_1_257' title='bbox 1134 3172 1467 3241; x_wconf 76' lang='lat' dir='ltr'>Arsenius</span> <span class='ocrx_word' id='word_1_258' title='bbox 1514 3186 1585 3241; x_wconf 85' lang='lat' dir='ltr'>et</span> <span class='ocrx_word' id='word_1_259' title='bbox 1632 3169 1845 3241; x_wconf 88' lang='lat' dir='ltr'><strong>codd.</strong></span> <span class='ocrx_word' id='word_1_260' title='bbox 1909 3169 2176 3242; x_wconf 85' lang='lat' dir='ltr'>habent</span> <span class='ocrx_word' id='word_1_261' title='bbox 2233 3174 2444 3265; x_wconf 78' lang='grc' dir='ltr'><strong>πτερόν</strong></span> <span class='ocrx_word' id='word_1_262' title='bbox 2491 3200 2564 3239; x_wconf 91' lang='grc' dir='ltr'><strong>τι</strong></span> <span class='ocrx_word' id='word_1_263' title='bbox 2617 3172 2740 3239; x_wconf 83' lang='grc' dir='ltr'>καὶ</span> <span class='ocrx_word' id='word_1_264' title='bbox 2795 3174 2954 3266; x_wconf 79' lang='grc' dir='ltr'><strong>χρὼς</strong></span> <span class='ocrx_word' id='word_1_265' title='bbox 3103 3172 3189 3237; x_wconf 78' lang='lat' dir='ltr'>At</span> <span class='ocrx_word' id='word_1_266' title='bbox 3245 3166 3339 3235; x_wconf 88' lang='grc'><strong>13-</strong></span> 
     </span>
     <span class='ocr_line' id='line_1_25' title="bbox 691 3287 3341 3388; baseline -0.002 -27"><span class='ocrx_word' id='word_1_267' title='bbox 691 3292 866 3363; x_wconf 77' lang='lat' dir='ltr'>tebit.</span> <span class='ocrx_word' id='word_1_268' title='bbox 917 3291 1114 3364; x_wconf 88' lang='lat' dir='ltr'>aliud</span> <span class='ocrx_word' id='word_1_269' title='bbox 1167 3292 1599 3363; x_wconf 86' lang='lat' dir='ltr'>vocabulum</span> <span class='ocrx_word' id='word_1_270' title='bbox 1658 3294 1717 3362; x_wconf 89' lang='lat' dir='ltr'>si</span> <span class='ocrx_word' id='word_1_271' title='bbox 1771 3291 2098 3363; x_wconf 77' lang='lat' dir='ltr'>librarius</span> <span class='ocrx_word' id='word_1_272' title='bbox 2151 3293 2407 3388; x_wconf 81' lang='lat' dir='ltr'>optimi</span> <span class='ocrx_word' id='word_1_273' title='bbox 2463 3292 2626 3363; x_wconf 91' lang='lat' dir='ltr'>cod.</span> <span class='ocrx_word' id='word_1_274' title='bbox 2687 3294 2760 3362; x_wconf 89' lang='lat' dir='ltr'>in</span> <span class='ocrx_word' id='word_1_275' title='bbox 2815 3296 3027 3387; x_wconf 78' lang='grc' dir='ltr'><strong>πτερὸν</strong></span> <span class='ocrx_word' id='word_1_276' title='bbox 3084 3287 3168 3360; x_wconf 73' lang='grc' dir='ltr'>δὲ</span> <span class='ocrx_word' id='word_1_277' title='bbox 3221 3292 3341 3359; x_wconf 77' lang='grc' dir='ltr'>καὶ</span> 
     </span>
     <span class='ocr_line' id='line_1_26' title="bbox 694 3410 3343 3508; baseline 0 -29"><span class='ocrx_word' id='word_1_278' title='bbox 694 3417 853 3506; x_wconf 82' lang='grc' dir='ltr'><strong>χνὼς</strong></span> <span class='ocrx_word' id='word_1_279' title='bbox 888 3410 1019 3505; x_wconf 89' lang='lat' dir='ltr'>(sic</span> <span class='ocrx_word' id='word_1_280' title='bbox 1040 3414 1341 3481; x_wconf 85' lang='lat' dir='ltr'>Camus:</span> <span class='ocrx_word' id='word_1_281' title='bbox 1380 3410 1506 3481; x_wconf 91' lang='lat' dir='ltr'>sed</span> <span class='ocrx_word' id='word_1_282' title='bbox 1535 3418 1693 3507; x_wconf 81' lang='grc' dir='ltr'><strong>χρὼς</strong></span> <span class='ocrx_word' id='word_1_283' title='bbox 1724 3413 1969 3508; x_wconf 81' lang='lat' dir='ltr'>potius</span> <span class='ocrx_word' id='word_1_284' title='bbox 1996 3410 2151 3482; x_wconf 89' lang='lat' dir='ltr'>vult</span> <span class='ocrx_word' id='word_1_285' title='bbox 2189 3411 2306 3482; x_wconf 89' lang='lat' dir='ltr'>ille</span> <span class='ocrx_word' id='word_1_286' title='bbox 2347 3412 2600 3483; x_wconf 82' lang='lat' dir='ltr'>calami</span> <span class='ocrx_word' id='word_1_287' title='bbox 2629 3413 2917 3505; x_wconf 82' lang='lat' dir='ltr'>ductus)</span> <span class='ocrx_word' id='word_1_288' title='bbox 2963 3435 3110 3482; x_wconf 91' lang='lat' dir='ltr'>non</span> <span class='ocrx_word' id='word_1_289' title='bbox 3145 3410 3343 3481; x_wconf 82' lang='lat' dir='ltr'>aber-</span> 
     </span>
     <span class='ocr_line' id='line_1_27' title="bbox 693 3531 3345 3632; baseline -0 -29"><span class='ocrx_word' id='word_1_290' title='bbox 693 3534 873 3604; x_wconf 77' lang='lat' dir='ltr'>ravit</span> <span class='ocrx_word' id='word_1_291' title='bbox 914 3532 1004 3605; x_wconf 89' lang='lat' dir='ltr'>ad</span> <span class='ocrx_word' id='word_1_292' title='bbox 1033 3558 1248 3604; x_wconf 87' lang='lat' dir='ltr'>voces</span> <span class='ocrx_word' id='word_1_293' title='bbox 1278 3532 1390 3604; x_wconf 88' lang='lat' dir='ltr'>his</span> <span class='ocrx_word' id='word_1_294' title='bbox 1413 3558 1723 3631; x_wconf 80' lang='lat' dir='ltr'>superne</span> <span class='ocrx_word' id='word_1_295' title='bbox 1762 3535 2136 3632; x_wconf 89' lang='lat' dir='ltr'>impositas</span> <span class='ocrx_word' id='word_1_296' title='bbox 2162 3542 2399 3606; x_wconf 76' lang='grc' dir='ltr'><strong>ἐνώτιον</strong></span> <span class='ocrx_word' id='word_1_297' title='bbox 2436 3532 2515 3605; x_wconf 81' lang='grc' dir='ltr'>δὲ</span> <span class='ocrx_word' id='word_1_298' title='bbox 2547 3538 2673 3605; x_wconf 79' lang='grc' dir='ltr'>καὶ</span> <span class='ocrx_word' id='word_1_299' title='bbox 2869 3558 3034 3606; x_wconf 82' lang='grc'><strong>113111</strong></span> <span class='ocrx_word' id='word_1_300' title='bbox 3087 3534 3160 3605; x_wconf 89' lang='lat' dir='ltr'>in</span> <span class='ocrx_word' id='word_1_301' title='bbox 3203 3531 3345 3603; x_wconf 87' lang='lat' dir='ltr'>hoc</span> 
     </span>
     <span class='ocr_line' id='line_1_28' title="bbox 692 3654 3342 3744; baseline -0.001 -17"><span class='ocrx_word' id='word_1_302' title='bbox 692 3654 966 3742; x_wconf 90' lang='lat' dir='ltr'>codice,</span> <span class='ocrx_word' id='word_1_303' title='bbox 1010 3655 1191 3726; x_wconf 88' lang='lat' dir='ltr'>utin</span> <span class='ocrx_word' id='word_1_304' title='bbox 1236 3655 1475 3726; x_wconf 87' lang='lat' dir='ltr'>multis</span> <span class='ocrx_word' id='word_1_305' title='bbox 1506 3654 1695 3744; x_wconf 81' lang='lat' dir='ltr'>aliis,</span> <span class='ocrx_word' id='word_1_306' title='bbox 1726 3655 2036 3727; x_wconf 79' lang='lat' dir='ltr'>duarum</span> <span class='ocrx_word' id='word_1_307' title='bbox 2071 3657 2576 3729; x_wconf 78' lang='lat' dir='ltr'>columnarum</span> <span class='ocrx_word' id='word_1_308' title='bbox 2620 3656 2954 3728; x_wconf 75' lang='lat' dir='ltr'>vet-siculi</span> <span class='ocrx_word' id='word_1_309' title='bbox 2993 3680 3142 3727; x_wconf 91' lang='lat' dir='ltr'>sese</span> <span class='ocrx_word' id='word_1_310' title='bbox 3173 3655 3342 3726; x_wconf 85' lang='lat' dir='ltr'>exci-</span> 
     </span>
     <span class='ocr_line' id='line_1_29' title="bbox 692 3770 3348 3876; baseline -0 -28"><span class='ocrx_word' id='word_1_311' title='bbox 692 3778 907 3876; x_wconf 90' lang='lat' dir='ltr'>piunt</span> <span class='ocrx_word' id='word_1_312' title='bbox 943 3778 1235 3872; x_wconf 85' lang='lat' dir='ltr'>singuli,</span> <span class='ocrx_word' id='word_1_313' title='bbox 1284 3800 1430 3847; x_wconf 90' lang='lat' dir='ltr'>non</span> <span class='ocrx_word' id='word_1_314' title='bbox 1470 3770 1809 3849; x_wconf 83' lang='lat' dir='ltr'>universi.</span> <span class='ocrx_word' id='word_1_315' title='bbox 1856 3784 2090 3849; x_wconf 91' lang='lat' dir='ltr'>Locus</span> <span class='ocrx_word' id='word_1_316' title='bbox 2129 3778 2322 3851; x_wconf 88' lang='lat' dir='ltr'>haud</span> <span class='ocrx_word' id='word_1_317' title='bbox 2354 3779 2576 3850; x_wconf 90' lang='lat' dir='ltr'>dubie</span> <span class='ocrx_word' id='word_1_318' title='bbox 2603 3794 2726 3851; x_wconf 85' lang='lat' dir='ltr'>aut</span> <span class='ocrx_word' id='word_1_319' title='bbox 2763 3793 3110 3876; x_wconf 78' lang='lat' dir='ltr'>corrupto</span> <span class='ocrx_word' id='word_1_320' title='bbox 3143 3802 3348 3847; x_wconf 79' lang='lat' dir='ltr'>voca-</span> 
     </span>
     <span class='ocr_line' id='line_1_30' title="bbox 692 3897 3346 3996; baseline -0 -27"><span class='ocrx_word' id='word_1_321' title='bbox 692 3897 875 3969; x_wconf 91' lang='lat' dir='ltr'>bulo</span> <span class='ocrx_word' id='word_1_322' title='bbox 909 3898 1151 3993; x_wconf 89' lang='lat' dir='ltr'>aliquo</span> <span class='ocrx_word' id='word_1_323' title='bbox 1202 3914 1324 3968; x_wconf 83' lang='lat' dir='ltr'>aut</span> <span class='ocrx_word' id='word_1_324' title='bbox 1376 3898 1608 3993; x_wconf 86' lang='lat' dir='ltr'>(quod</span> <span class='ocrx_word' id='word_1_325' title='bbox 1657 3897 2138 3996; x_wconf 82' lang='lat' dir='ltr'>probabilius)</span> <span class='ocrx_word' id='word_1_326' title='bbox 2179 3898 2437 3971; x_wconf 83' lang='lat' dir='ltr'>lacuna</span> <span class='ocrx_word' id='word_1_327' title='bbox 2489 3899 2788 3972; x_wconf 79' lang='lat' dir='ltr'>laborat.</span> <span class='ocrx_word' id='word_1_328' title='bbox 2821 3942 2915 3955; x_wconf 92' lang='lat'><em>-</em></span> <span class='ocrx_word' id='word_1_329' title='bbox 2955 3904 3035 3971; x_wconf 91' lang='lat' dir='ltr'><strong>V.</strong></span> <span class='ocrx_word' id='word_1_330' title='bbox 3077 3899 3212 3970; x_wconf 85' lang='lat'>611</span> <span class='ocrx_word' id='word_1_331' title='bbox 3265 3922 3346 3969; x_wconf 83' lang='lat' dir='ltr'>ex</span> 
     </span>
     <span class='ocr_line' id='line_1_31' title="bbox 693 4017 3348 4118; baseline -0 -29"><span class='ocrx_word' id='word_1_332' title='bbox 693 4034 845 4115; x_wconf 76' lang='lat' dir='ltr'><strong>opt.</strong></span> <span class='ocrx_word' id='word_1_333' title='bbox 883 4017 1227 4089; x_wconf 81' lang='lat' dir='ltr'>Leh=·sius</span> <span class='ocrx_word' id='word_1_334' title='bbox 1255 4018 1525 4114; x_wconf 80' lang='lat' dir='ltr'>recepit</span> <span class='ocrx_word' id='word_1_335' title='bbox 1564 4025 1843 4114; x_wconf 76' lang='grc' dir='ltr'><strong>εὐστεφτῐς</strong></span> <span class='ocrx_word' id='word_1_336' title='bbox 1877 4044 2012 4115; x_wconf 79' lang='lat' dir='ltr'>pro</span> <span class='ocrx_word' id='word_1_337' title='bbox 2039 4019 2228 4115; x_wconf 85' lang='lat' dir='ltr'>vulg.</span> <span class='ocrx_word' id='word_1_338' title='bbox 2267 4024 2588 4107; x_wconf 73' lang='grc' dir='ltr'><strong>εὐσταθῆς,</strong></span> <span class='ocrx_word' id='word_1_339' title='bbox 2640 4020 2842 4118; x_wconf 90' lang='lat' dir='ltr'>quod</span> <span class='ocrx_word' id='word_1_340' title='bbox 2879 4034 3209 4117; x_wconf 68' lang='lat' dir='ltr'>praestare</span> <span class='ocrx_word' id='word_1_341' title='bbox 3245 4017 3348 4088; x_wconf 84' lang='lat' dir='ltr'>vi·</span> 
     </span>
     <span class='ocr_line' id='line_1_32' title="bbox 694 4138 3344 4237; baseline 0.001 -28"><span class='ocrx_word' id='word_1_342' title='bbox 694 4140 925 4209; x_wconf 72' lang='lat' dir='ltr'>detur.</span> <span class='ocrx_word' id='word_1_343' title='bbox 986 4138 1405 4210; x_wconf 78' lang='lat' dir='ltr'>Praecedens</span> <span class='ocrx_word' id='word_1_344' title='bbox 1448 4138 1842 4237; x_wconf 69' lang='grc' dir='ltr'><strong>ἐρυθροὸαφῆς</strong></span> <span class='ocrx_word' id='word_1_345' title='bbox 1897 4155 2077 4237; x_wconf 88' lang='lat' dir='ltr'>puto</span> <span class='ocrx_word' id='word_1_346' title='bbox 2123 4166 2440 4212; x_wconf 78' lang='lat' dir='ltr'>errorem</span> <span class='ocrx_word' id='word_1_347' title='bbox 2495 4144 2566 4212; x_wconf 92' lang='lat' dir='ltr'>in</span> <span class='ocrx_word' id='word_1_348' title='bbox 2621 4142 3130 4213; x_wconf 70' lang='lat' dir='ltr'>terminatione</span> <span class='ocrx_word' id='word_1_349' title='bbox 3168 4144 3344 4212; x_wconf 89' lang='lat' dir='ltr'>inse·</span> 
     </span>
     <span class='ocr_line' id='line_1_33' title="bbox 695 4261 3344 4361; baseline 0 -28"><span class='ocrx_word' id='word_1_350' title='bbox 695 4264 983 4359; x_wconf 82' lang='lat' dir='ltr'>quentis</span> <span class='ocrx_word' id='word_1_351' title='bbox 1014 4261 1347 4355; x_wconf 83' lang='lat' dir='ltr'>adjectivi</span> <span class='ocrx_word' id='word_1_352' title='bbox 1376 4265 1868 4360; x_wconf 82' lang='lat' dir='ltr'>peperisse.—</span> <span class='ocrx_word' id='word_1_353' title='bbox 1903 4266 1986 4335; x_wconf 90' lang='lat' dir='ltr'><strong>V.</strong></span> <span class='ocrx_word' id='word_1_354' title='bbox 2012 4264 2156 4349; x_wconf 71' lang='lat'>624</span> <span class='ocrx_word' id='word_1_355' title='bbox 2191 4282 2330 4360; x_wconf 81' lang='lat' dir='ltr'>opt.</span> <span class='ocrx_word' id='word_1_356' title='bbox 2368 4273 2598 4345; x_wconf 79' lang='grc' dir='ltr'><strong>ἑαυτῆς.</strong></span> <span class='ocrx_word' id='word_1_357' title='bbox 2639 4265 2819 4335; x_wconf 89' lang='lat' dir='ltr'>Male</span> <span class='ocrx_word' id='word_1_358' title='bbox 2846 4266 3057 4361; x_wconf 85' lang='lat' dir='ltr'>vulgo</span> <span class='ocrx_word' id='word_1_359' title='bbox 3093 4272 3344 4346; x_wconf 70' lang='grc' dir='ltr'><strong>ἑαυτοῖς.</strong></span> 
     </span>
     <span class='ocr_line' id='line_1_34' title="bbox 695 4384 3351 4484; baseline 0.001 -29"><span class='ocrx_word' id='word_1_360' title='bbox 695 4429 790 4440; x_wconf 94' lang='grc'>-</span> <span class='ocrx_word' id='word_1_361' title='bbox 824 4388 909 4455; x_wconf 92' lang='lat' dir='ltr'><strong>V.</strong></span> <span class='ocrx_word' id='word_1_362' title='bbox 958 4384 1098 4455; x_wconf 81' lang='lat'>825</span> <span class='ocrx_word' id='word_1_363' title='bbox 1135 4401 1276 4481; x_wconf 79' lang='lat' dir='ltr'>opt.</span> <span class='ocrx_word' id='word_1_364' title='bbox 1308 4390 1567 4464; x_wconf 80' lang='grc' dir='ltr'><strong>σκύλλης</strong></span> <span class='ocrx_word' id='word_1_365' title='bbox 1606 4384 1826 4457; x_wconf 87' lang='lat' dir='ltr'>habet</span> <span class='ocrx_word' id='word_1_366' title='bbox 1866 4386 2242 4457; x_wconf 83' lang='lat' dir='ltr'>intactum.</span> <span class='ocrx_word' id='word_1_367' title='bbox 2275 4428 2370 4439; x_wconf 87' lang='lat'>--</span> <span class='ocrx_word' id='word_1_368' title='bbox 2408 4389 2484 4456; x_wconf 95' lang='lat' dir='ltr'><strong>V.</strong></span> <span class='ocrx_word' id='word_1_369' title='bbox 2519 4388 2660 4484; x_wconf 84' lang='grc'>894</span> <span class='ocrx_word' id='word_1_370' title='bbox 2703 4396 2910 4481; x_wconf 78' lang='grc' dir='ltr'><strong>ῥιπτεῖ</strong></span> <span class='ocrx_word' id='word_1_371' title='bbox 2938 4404 3080 4483; x_wconf 76' lang='lat' dir='ltr'>opt.</span> <span class='ocrx_word' id='word_1_372' title='bbox 3125 4389 3351 4458; x_wconf 79' lang='lat' dir='ltr'>Ceteri</span> 
     </span>
     <span class='ocr_line' id='line_1_35' title="bbox 696 4506 3350 4606; baseline 0.001 -28"><span class='ocrx_word' id='word_1_373' title='bbox 696 4512 913 4602; x_wconf 77' lang='grc' dir='ltr'><strong>ῥίπτει.</strong></span> <span class='ocrx_word' id='word_1_374' title='bbox 934 4548 1032 4561; x_wconf 90' lang='grc'>--</span> <span class='ocrx_word' id='word_1_375' title='bbox 1053 4510 1135 4577; x_wconf 89' lang='lat' dir='ltr'><strong>V.</strong></span> <span class='ocrx_word' id='word_1_376' title='bbox 1170 4532 1311 4603; x_wconf 82' lang='lat'>912</span> <span class='ocrx_word' id='word_1_377' title='bbox 1344 4506 1715 4577; x_wconf 84' lang='lat' dir='ltr'>Jacobsius</span> <span class='ocrx_word' id='word_1_378' title='bbox 1741 4509 2056 4593; x_wconf 81' lang='lat' dir='ltr'>conjecit</span> <span class='ocrx_word' id='word_1_379' title='bbox 2089 4506 2434 4603; x_wconf 70' lang='grc' dir='ltr'><strong>προὸάλλει.</strong></span> <span class='ocrx_word' id='word_1_380' title='bbox 2474 4506 2676 4578; x_wconf 90' lang='lat' dir='ltr'>Idem</span> <span class='ocrx_word' id='word_1_381' title='bbox 2709 4533 2913 4579; x_wconf 77' lang='lat' dir='ltr'>versu</span> <span class='ocrx_word' id='word_1_382' title='bbox 2942 4508 3085 4605; x_wconf 86' lang='grc'>950</span> <span class='ocrx_word' id='word_1_383' title='bbox 3123 4512 3185 4580; x_wconf 75' lang='grc' dir='ltr'>εὖ</span> <span class='ocrx_word' id='word_1_384' title='bbox 3221 4534 3350 4606; x_wconf 83' lang='lat' dir='ltr'>pro</span> 
     </span>
     <span class='ocr_line' id='line_1_36' title="bbox 696 4627 3351 4730; baseline 0.001 -29"><span class='ocrx_word' id='word_1_385' title='bbox 696 4638 787 4717; x_wconf 83' lang='grc' dir='ltr'>οὗ,</span> <span class='ocrx_word' id='word_1_386' title='bbox 825 4630 1023 4725; x_wconf 87' lang='lat' dir='ltr'>quod</span> <span class='ocrx_word' id='word_1_387' title='bbox 1069 4630 1443 4725; x_wconf 82' lang='lat' dir='ltr'>recepi.--</span> <span class='ocrx_word' id='word_1_388' title='bbox 1478 4633 1561 4699; x_wconf 92' lang='lat' dir='ltr'><strong>V.</strong></span> <span class='ocrx_word' id='word_1_389' title='bbox 1612 4627 1793 4724; x_wconf 83' lang='lat'>¹¹59</span> <span class='ocrx_word' id='word_1_390' title='bbox 1826 4630 2088 4699; x_wconf 88' lang='lat' dir='ltr'>mirum</span> <span class='ocrx_word' id='word_1_391' title='bbox 2119 4646 2224 4701; x_wconf 85' lang='lat' dir='ltr'>est</span> <span class='ocrx_word' id='word_1_392' title='bbox 2267 4630 2469 4727; x_wconf 91' lang='lat' dir='ltr'>quod</span> <span class='ocrx_word' id='word_1_393' title='bbox 2515 4630 2781 4727; x_wconf 81' lang='lat' dir='ltr'>legitur</span> <span class='ocrx_word' id='word_1_394' title='bbox 2807 4636 2913 4703; x_wconf 79' lang='grc' dir='ltr'>καὶ</span> <span class='ocrx_word' id='word_1_395' title='bbox 2951 4638 3351 4730; x_wconf 77' lang='grc' dir='ltr'><strong>μητροπάτωρ</strong></span> 
     </span>
     <span class='ocr_line' id='line_1_37' title="bbox 698 4750 3355 4849; baseline 0.002 -27"><span class='ocrx_word' id='word_1_396' title='bbox 698 4760 806 4822; x_wconf 76' lang='grc' dir='ltr'>οὐκ</span> <span class='ocrx_word' id='word_1_397' title='bbox 840 4750 956 4822; x_wconf 83' lang='grc' dir='ltr'><strong>οἷδ’</strong></span> <span class='ocrx_word' id='word_1_398' title='bbox 992 4760 1155 4832; x_wconf 82' lang='grc' dir='ltr'><strong>ὅπως</strong></span> <span class='ocrx_word' id='word_1_399' title='bbox 1188 4756 1456 4849; x_wconf 77' lang='grc' dir='ltr'><strong>γίνεται,</strong></span> <span class='ocrx_word' id='word_1_400' title='bbox 1492 4768 1826 4847; x_wconf 80' lang='lat' dir='ltr'>correpto</span> <span class='ocrx_word' id='word_1_401' title='bbox 1857 4752 2217 4823; x_wconf 84' lang='lat' dir='ltr'>vocabulo</span> <span class='ocrx_word' id='word_1_402' title='bbox 2255 4750 2388 4823; x_wconf 80' lang='grc' dir='ltr'><strong>οἷδ’.</strong></span> <span class='ocrx_word' id='word_1_403' title='bbox 2441 4756 2598 4824; x_wconf 85' lang='lat' dir='ltr'>Hoc</span> <span class='ocrx_word' id='word_1_404' title='bbox 2631 4753 2973 4849; x_wconf 87' lang='lat' dir='ltr'>equidem</span> <span class='ocrx_word' id='word_1_405' title='bbox 3013 4756 3355 4827; x_wconf 84' lang='lat' dir='ltr'>excidisse</span> 
     </span>
     <span class='ocr_line' id='line_1_38' title="bbox 700 4873 3353 4974; baseline 0 -27"><span class='ocrx_word' id='word_1_406' title='bbox 700 4890 881 4974; x_wconf 81' lang='lat' dir='ltr'>puto</span> <span class='ocrx_word' id='word_1_407' title='bbox 920 4874 1137 4945; x_wconf 87' lang='lat' dir='ltr'>Philae</span> <span class='ocrx_word' id='word_1_408' title='bbox 1177 4900 1304 4971; x_wconf 78' lang='lat' dir='ltr'>per</span> <span class='ocrx_word' id='word_1_409' title='bbox 1350 4873 1956 4946; x_wconf 79' lang='lat' dir='ltr'>consuetudinem</span> <span class='ocrx_word' id='word_1_410' title='bbox 2021 4875 2480 4971; x_wconf 77' lang='lat' dir='ltr'>politicorum</span> <span class='ocrx_word' id='word_1_411' title='bbox 2521 4901 2897 4965; x_wconf 80' lang='lat' dir='ltr'>versuum,</span> <span class='ocrx_word' id='word_1_412' title='bbox 2960 4879 3032 4947; x_wconf 92' lang='lat' dir='ltr'>in</span> <span class='ocrx_word' id='word_1_413' title='bbox 3091 4879 3353 4974; x_wconf 90' lang='lat' dir='ltr'>quibus</span> 
     </span>
     <span class='ocr_line' id='line_1_39' title="bbox 702 4995 3348 5101; baseline 0.003 -36"><span class='ocrx_word' id='word_1_414' title='bbox 702 4996 1056 5069; x_wconf 81' lang='lat' dir='ltr'>vocabula</span> <span class='ocrx_word' id='word_1_415' title='bbox 1088 4998 1158 5068; x_wconf 88' lang='lat' dir='ltr'>in</span> <span class='ocrx_word' id='word_1_416' title='bbox 1198 5021 1413 5068; x_wconf 89' lang='lat' dir='ltr'>unam</span> <span class='ocrx_word' id='word_1_417' title='bbox 1444 4995 1736 5094; x_wconf 73' lang='lat' dir='ltr'>phrasin</span> <span class='ocrx_word' id='word_1_418' title='bbox 1772 5012 1966 5068; x_wconf 81' lang='lat' dir='ltr'>arcte</span> <span class='ocrx_word' id='word_1_419' title='bbox 2005 5001 2394 5093; x_wconf 80' lang='lat' dir='ltr'>conjuncta</span> <span class='ocrx_word' id='word_1_420' title='bbox 2430 5024 2582 5070; x_wconf 89' lang='lat' dir='ltr'>uno</span> <span class='ocrx_word' id='word_1_421' title='bbox 2620 5016 2690 5070; x_wconf 76' lang='lat' dir='ltr'>et</span> <span class='ocrx_word' id='word_1_422' title='bbox 2727 5004 3026 5101; x_wconf 74' lang='lat' dir='ltr'>propt-in</span> <span class='ocrx_word' id='word_1_423' title='bbox 3053 5020 3348 5073; x_wconf 84' lang='lat' dir='ltr'>accentu</span> 
     </span>
     <span class='ocr_line' id='line_1_40' title="bbox 702 5118 3346 5217; baseline 0.002 -26"><span class='ocrx_word' id='word_1_424' title='bbox 702 5122 1172 5217; x_wconf 79' lang='lat' dir='ltr'>proferuntur</span> <span class='ocrx_word' id='word_1_425' title='bbox 1211 5134 1550 5215; x_wconf 85' lang='lat' dir='ltr'>tanquam</span> <span class='ocrx_word' id='word_1_426' title='bbox 1588 5119 2025 5191; x_wconf 76' lang='lat' dir='ltr'>vocabulum</span> <span class='ocrx_word' id='word_1_427' title='bbox 2075 5147 2300 5191; x_wconf 90' lang='lat' dir='ltr'>unum</span> <span class='ocrx_word' id='word_1_428' title='bbox 2328 5174 2346 5202; x_wconf 89' lang='lat'><strong>‚</strong></span> <span class='ocrx_word' id='word_1_429' title='bbox 2395 5118 2820 5204; x_wconf 77' lang='grc' dir='ltr'><strong>οὐκοιδόππως.</strong></span> <span class='ocrx_word' id='word_1_430' title='bbox 2881 5126 3146 5197; x_wconf 78' lang='lat' dir='ltr'>Struvii</span> <span class='ocrx_word' id='word_1_431' title='bbox 3181 5152 3346 5197; x_wconf 89' lang='lat' dir='ltr'>con·</span> 
     </span>
    </p>
   </div>
  </div>
 </body>
</html>
