3767 5825
1110 271 1372 330 PnlLAE
1420 271 1522 330 DE
1560 270 1831 331 VERME
1871 273 2160 334 SERICO.
3164 285 3240 334 67

380 429 565 490 ΠΕΡΙ
606 429 1245 488 ΣΗΡΟΣΚΩΛΗΚΟΣ.

180 604 341 666 Ὅταν
364 609 583 684 πυρωθῇ
601 649 617 677 ,
640 605 859 686 ῥηγνυσι
883 603 977 680 μὲν
1002 603 1090 663 τὸν
1117 603 1297 676 τόκον,

135 717 157 755 ῡ
173 697 298 753 ποιεῖ
318 693 373 752 δὲ
399 692 591 772 νωθρὸν
614 693 917 752 ἐκλεπισθὲν
938 693 997 751 τὸ
1024 692 1239 802 βρέφος·

180 781 205 840 ὃ
226 782 309 840 καὶ
332 782 507 861 τρέφει
531 779 596 838 τὰ
620 777 791 861 φυλλα
814 784 917 838 τῶν
942 779 1240 857 συκαμίνων

179 872 294 952 πρὸς
312 872 411 944 τὴν
428 870 820 952 ἐπιπρέπουσαν
844 869 1017 948 ἀκμὴν
1041 875 1117 952 τῷ
1139 870 1341 952 χρόνῳ·

180 961 463 1041 παχύνεται
491 958 545 1019 δὲ
576 969 680 1027 τοὶς
711 963 858 1040 ὀποῖς
885 968 990 1027 τοῖς
1022 959 1299 1040 ἓμφύτοις,

179 1047 224 1108 οἳ
249 1051 437 1126 δρῶσιν
464 1049 630 1130 ἁδρὰν
655 1049 749 1107 καὶ
776 1047 1023 1129 προμήκη
1054 1048 1147 1120 τὴν
1176 1049 1396 1120 πλάσιν,

118 1156 159 1196 tu
176 1141 238 1204 εἷς
259 1136 503 1212 εὖτόμους
524 1133 697 1204 ἕλικας
715 1132 1115 1216 ἐσπειραμένην.

178 1228 279 1296 Τῆς
300 1224 404 1305 γὰρ
428 1226 661 1305 κεφαλῆς
682 1223 859 1304 ἠρέμα
882 1223 1190 1300 κινουμένης

175 1313 295 1393 πρὸς
314 1312 413 1384 τὴν
435 1312 678 1384 ποθεινὴν
704 1311 965 1390 συλλογὴν
988 1317 1081 1384 τῆς
1108 1313 1346 1394 βρώσεως
1363 1359 1379 1384 ,

174 1410 335 1459 κεῖται
364 1399 425 1459 τὸ
453 1401 599 1460 κάτω
624 1404 781 1476 σῶμα
810 1400 1046 1480 καθάπερ
1072 1400 1238 1473 λίθος,

170 1488 234 1548 τὰ
254 1493 345 1562 τῆς
364 1487 491 1562 ὅλης
511 1489 683 1562 ἄδηλα
705 1489 953 1567 συλλέγον
980 1489 1141 1569 βάρη.

110 1596 153 1636 ιε
166 1573 330 1636 “Ovum
348 1573 406 1633 δὲ
424 1575 515 1633 καὶ
536 1575 598 1634 τὸ
614 1574 806 1656 φύλλον
822 1621 838 1649 ,
861 1575 890 1634 ὃ
908 1575 1083 1656 τρέφει
1102 1575 1230 1642 τέως
1242 1622 1257 1648 ,

172 1667 537 1744 ἄποτραχυνθῇ
560 1669 628 1744 τῇ
648 1670 910 1746 παρακμῇ
933 1669 1025 1723 τοῦ
1043 1664 1235 1745 χρόνου
1255 1710 1273 1742 ,

172 1753 255 1811 καὶ
276 1756 371 1823 τῆς
394 1754 579 1832 χλιδῆς
598 1752 660 1811 τὸ
689 1755 845 1826 σῶμα
869 1757 945 1832 τῷ
973 1751 1113 1833 κόρῳ
1146 1752 1343 1833 βλύσῃ,

172 1845 198 1900 ὁ
219 1838 352 1920 τρὼξ
376 1845 407 1899 ὁ
427 1840 593 1912 νωθὴς
617 1839 737 1908 τοὺς
761 1840 961 1920 χυμοὺς
986 1841 1240 1900 ἀναπτύει

169 1931 253 1987 καὶ
275 1931 373 2003 τὴν
398 1927 629 2009 κεφαλὴν
654 1931 725 1994 ὣς
744 1927 848 1986 ἀπὸ
871 1929 1035 2008 κάρου
1058 1929 1295 2010 στρέφει·

110 2039 157 2077 20
173 2019 229 2077 τὸ
248 2019 444 2078 λεπτὸν
474 2016 799 2097 ἀπόσφαγμα
828 2019 1005 2076 συνδεῖ
1026 2027 1132 2084 τοῖς
1161 2019 1371 2083 κλάδοις
1392 2063 1407 2092 ,

167 2106 253 2166 καὶ
275 2109 477 2187 γίνεται
498 2104 560 2164 τὸ
582 2109 727 2182 νῆμα
751 2105 899 2181 σῆμά
922 2131 973 2164 τι
1002 2105 1143 2175 ξένον

172 2195 525 2268 καταπιληθὲν
546 2197 642 2264 τῆς
664 2196 864 2264 πλοκῆς
885 2197 951 2273 τῇ
972 2194 1203 2254 συνθέσει
1219 2241 1237 2272 ‚

170 2287 220 2345 ἐν
244 2278 283 2366 ᾗ
308 2281 571 2366 παρευθὺς
596 2283 915 2362 ἀποληφθεὶς
939 2283 1145 2342 ἱκπνέει
1162 2307 1176 2321 ·

170 2375 256 2432 καὶ
278 2374 441 2433 πάλιν
466 2375 537 2438 εἰς
560 2375 668 2452 φῶς
692 2373 750 2429 ἐκ
770 2375 938 2452 ταφῆς
962 2370 1239 2452 ἀνατρέχει
1258 2417 1275 2449 ,

102 2467 373 2545 επτεροῖς
404 2461 588 2520 ἑαυτὸν
616 2463 645 2518 ὁ
672 2459 884 2540 φθαρεὶς
912 2459 1254 2526 καθοπλίσας.

164 2550 478 2620 Ἐξίπταται
498 2548 601 2630 γὰρ
632 2554 721 2608 τοῦ
748 2549 865 2607 καθ’
894 2548 1048 2608 αὑτὸν
1082 2546 1343 2628 θριγγίου,

164 2640 253 2698 καὶ
276 2639 591 2719 δημιουργεῖ
606 2639 683 2719 τῷ
703 2640 887 2719 τροφεῖ
897 2637 1041 2704 νέους
1062 2637 1309 2718 σπόρους,

166 2727 311 2810 ἄλλῳ
340 2725 621 2808 συναφθεὶς
646 2729 707 2786 ἐκ
733 2731 903 2805 πυγῆς
926 2724 1225 2807 ὗποπτέρῳ.

163 2817 231 2880 Ὁ
261 2821 307 2877 δ’
334 2815 661 2898 ὑπολειφθεὶς
685 2820 779 2875 τοῦ
800 2815 1093 2893 παλιμὸίου
1125 2813 1280 2891 δόμος

96 2909 495 2973 ωᾶναλυτικοῖς
524 2903 850 2985 ἐξυφαίνεται
878 2903 1142 2985 στρόφοις·

159 3005 347 3075 χαυνοῖ
381 2994 485 3075 γὰρ
512 2996 653 3075 αὐτῷ
673 2992 792 3061 τοὺς
817 2992 1130 3065 πιληθέντας
1160 2990 1339 3068 μίτους

164 3088 247 3146 ἐπ’
272 3084 558 3166 ἀνθράκων
579 3082 811 3160 νήματος
833 3082 994 3141 ὗπτία
1017 3080 1173 3150 ζέσις.

172 3178 472 3235 Κάντεῦθεν
495 3176 623 3249 ἡμῖν
651 3170 816 3243 ἡδέως
843 3170 1112 3253 ὑφαίνεται

158 3263 359 3329 πέπλος
388 3259 617 3339 καθαρὸς
643 3261 892 3338 τεχνικῶς
919 3258 1259 3334 νενησμένος,

95 3370 143 3408 ³⁵
162 3353 369 3423 μᾶλλον
392 3348 447 3407 δὲ
470 3346 562 3406 καὶ
580 3346 847 3423 παίδευμα
870 3344 1149 3427 σωφρόνως
1168 3344 1317 3425 ἔχον,

158 3430 203 3521 ῳ
221 3439 315 3498 τὸν
338 3434 585 3518 περιττὸν
611 3437 1015 3511 ἀποκοσμουμεν
1039 3432 1221 3514 τύφον,

158 3526 397 3587 ταλασία
427 3523 693 3597 σκώληκος
722 3521 1147 3632 ἒγκοσμούμενοι.

158 3619 375 3678 Οὐκοῦν
398 3616 671 3695 προσηνῶς
690 3612 835 3671 τόνδε
854 3611 945 3670 τὸν
968 3611 1165 3669 πέπλον
1189 3609 1358 3681 δίδου,

154 3704 323 3785 χιτὼν
345 3700 531 3781 λογικὲ
552 3704 846 3781 πρακτικῆς
865 3698 1161 3778 ἰστουργίας
1174 3744 1189 3769 ,

90 3816 141 3855 ιο
159 3794 250 3853 καὶ
272 3796 387 3851 τῶν
415 3791 553 3849 ὅλων
584 3790 761 3870 ἄριστε
784 3793 1049 3866 κοσμῆτορ
1078 3785 1275 3869 φύλων.

142 3874 510 3964 ’Περιστελεῖς
529 3878 633 3961 γὰρ
658 3878 820 3959 ἄνδρα
843 3885 1077 3954 γενναῖον
1106 3875 1280 3956 φίλον,

158 3972 213 4031 ὃν
242 3964 406 4037 οἶτος
429 3974 457 4029 δ
486 3966 637 4048 κλὼψ
661 3966 1010 4044 ἀπεγύμνωσε
1037 3964 1249 4047 χρόνος,

155 4062 229 4121 ὧν
258 4056 571 4131 ὓπολῃστὴς
594 4059 669 4139 τῷ
695 4060 871 4139 φθορεῖ
902 4054 1120 4114 πάντων
1149 4052 1341 4134 φθόρῳ.

2085 444 2185 502 ΒΕ
2227 444 2505 503 VERME
2547 443 2838 504 SERICO.

1684 615 1898 666 simulac
1919 615 2146 675 incaluit,
2169 615 2408 677 rumpitur
2426 615 2564 677 partu
2584 651 2598 674 ,

1686 705 1735 753 et
1761 705 2008 766 putamine
2035 703 2294 772 liberatum
2313 703 2413 752 edit
2435 703 2604 752 foetum
2631 701 2906 764 languidum
2922 738 2934 758 ,

1686 805 1829 854 quem
1853 791 1968 840 solia
1995 793 2119 840 mori
2146 793 2286 842 alunt

1684 879 1747 928 ad
1766 878 2125 942 adipiscendum
2145 880 2356 942 vigorem
2375 879 2578 942 tempori
2603 879 2966 928 convenientem
2985 897 2998 936 ;

1686 969 1736 1016 et
1754 969 2002 1017 crassescit
2020 981 2167 1017 succo
2184 967 2332 1017 insito
2345 1004 2360 1028 ,

1686 1069 1785 1118 quo
1805 1055 2022 1106 redditur
2043 1056 2220 1106 vermis
2241 1055 2432 1106 validus
2452 1058 2504 1106 et
2523 1057 2694 1118 longus
2713 1055 2998 1106 formatione

1687 1145 1735 1194 in
1764 1145 1931 1194 fissiles
1955 1146 2158 1196 annulos
2185 1145 2432 1195 circinata.

1688 1235 1813 1283 Dum
1834 1237 1981 1298 caput
2000 1235 2127 1284 enim
2145 1233 2322 1284 sensim
2340 1247 2393 1284 se
2410 1235 2690 1283 commovet

1684 1321 1744 1370 ad
1766 1323 2059 1383 carpendum
2081 1323 2246 1372 cibum
2263 1322 2357 1372 sibi
2375 1321 2642 1385 expetitum
2661 1356 2675 1379 ,

1685 1409 1879 1459 inferior
1899 1425 2008 1473 pars
2025 1411 2237 1474 corporis
2252 1411 2380 1472 jacet
2397 1410 2458 1459 ad
2477 1411 2625 1460 instar
2641 1409 2811 1473 lapidis
2823 1447 2838 1470 ,

1684 1498 1820 1548 siivae
1838 1512 1986 1548 onera
2008 1499 2196 1561 (folia)
2219 1501 2416 1549 latentia
2437 1500 2488 1549 in
2504 1513 2556 1550 se
2574 1499 2816 1561 colligens.

1686 1592 1849 1646 Quum
1868 1601 1986 1637 vero
2005 1588 2151 1638 etiam
2170 1587 2282 1638 folia
2295 1625 2309 1648 ‚
2335 1587 2514 1651 quibus
2537 1587 2752 1637 hucdum
2775 1587 2930 1636 fuerat
2947 1587 3158 1636 nutritus
3172 1623 3184 1646 ,

1686 1679 1966 1727 maturitate
1986 1676 2216 1740 temporis
2239 1676 2518 1739 diriguerint
2543 1676 2744 1737 durata,

1682 1767 1882 1828 jamque
1899 1779 2076 1830 corpus
2093 1765 2197 1826 ejus
2214 1766 2468 1816 saturitate
2483 1764 2776 1814 luxuriantis
2797 1763 3036 1826 turgucrit
3049 1799 3064 1824 ,

1685 1859 1792 1906 tum
1816 1856 1976 1905 lentus
1995 1856 2173 1904 vermis
2197 1855 2426 1903 humores
2445 1853 2645 1903 haustos
2667 1853 2863 1916 exspuit

1686 1947 1737 1994 et
1754 1949 1901 2007 capnt
1918 1943 2068 2006 agitat
2089 1945 2226 2005 quasi
2243 1955 2414 2005 sopore
2432 1943 2705 2004 gravatum.

1688 2037 1792 2083 Hoc
1814 2037 1958 2082 tenue
1983 2033 2398 2082 excrementorum
2423 2035 2609 2080 stamen
2637 2030 2688 2079 in
2710 2029 2858 2079 ramis
2881 2028 3157 2092 suspendit3

1686 2122 1831 2184 idque
1852 2123 2044 2171 textum
2068 2120 2123 2170 fit
2144 2119 2365 2168 mirabile
2385 2120 2690 2182 sepulcrum,

1688 2211 1878 2259 filorum
1906 2209 2038 2258 tricis
2059 2209 2345 2258 contextum
2372 2222 2386 2256 :

1688 2313 1785 2362 quo
1804 2299 1888 2348 ine
1907 2298 2128 2360 receptus
2145 2298 2310 2348 statim
2331 2297 2557 2361 exspirat.

1689 2389 1785 2440 Sed
1807 2403 1870 2438 ex
1895 2389 2116 2451 sepulcro
2138 2387 2223 2437 ille
2243 2400 2410 2436 rursus
2433 2387 2484 2436 in
2506 2387 2668 2436 lucem
2691 2385 2878 2449 prodit,

1686 2479 1775 2527 aiis
1791 2490 1843 2528 se
1858 2478 2044 2540 ipsum,
2063 2477 2150 2540 qui
2168 2477 2377 2539 perierat
2389 2512 2404 2538 ,
2425 2476 2680 2525 instruens.

1690 2567 1861 2617 Evolat
1878 2565 2008 2615 enim
2027 2579 2056 2616 e
2072 2566 2284 2614 claustro
2301 2577 2391 2613 suo
2403 2599 2418 2623 ,

1688 2657 1737 2704 et
1755 2653 1983 2704 nutritori
2007 2667 2097 2704 suo
2115 2654 2343 2718 procreat
2359 2665 2486 2700 nova
2509 2650 2692 2700 semina
2709 2687 2724 2713 ,

1689 2747 1945 2805 postquam
1962 2755 2014 2792 sc
2031 2741 2260 2790 clunibus
2279 2740 2392 2789 aiati
2414 2738 2663 2802 papilionis
2681 2737 2802 2786 alius
2818 2736 3080 2799 exaptavit.

1688 2833 1872 2880 Domus
1889 2831 2051 2880 autem
2067 2828 2167 2890 jam
2192 2827 2240 2876 in
2259 2827 2408 2876 vitam
2442 2824 2648 2875 restituti
2680 2824 2844 2874 relicta

1688 2918 1930 2968 evolvitur
1949 2917 2066 2967 fusis
2087 2919 2137 2967 et
2154 2918 2206 2965 in
2227 2916 2308 2964 tila
2324 2918 2572 2965 tenuatur.

1636 2974 1650 3065 Ι
1690 3012 1912 3072 Namque
1932 3007 2066 3056 laxat
2081 3006 2126 3055 ei
2145 3004 2356 3067 implexa
2373 3006 2422 3053 et
2445 3003 2737 3052 condensata
2761 3001 2838 3050 tila

1690 3096 1873 3147 textilis
1895 3095 2052 3159 operis
2078 3094 2294 3144 reclinati
2317 3106 2460 3155 super
2483 3090 2772 3140 carbonibus
2797 3089 2971 3140 coctio.

1690 3188 1846 3249 Atque
1868 3199 1933 3234 ex
1958 3184 2088 3233 hisce
2108 3183 2200 3232 tilis
2220 3182 2434 3232 suaviter
2461 3180 2646 3230 texitur
2672 3179 2808 3229 nobis

1693 3288 1867 3338 purum
1895 3273 2235 3323 vestimentum
2257 3270 2514 3320 artificiosa
2540 3269 2638 3319 teia
2654 3305 2669 3331 ,

1689 3364 1789 3413 sive
1804 3363 1966 3425 potius
1985 3362 2280 3436 praeceptum
2295 3357 2544 3409 modestiae
2559 3394 2576 3418 ‚

1690 3466 1791 3516 quo
1813 3450 2110 3513 superfluum
2131 3450 2308 3499 fastum
2331 3459 2598 3508 exuamus,

1690 3541 1883 3589 textura
1904 3534 2152 3587 vermimli
2177 3548 2265 3596 pro
2291 3536 2464 3583 ornatu
2495 3533 2666 3583 induti.

1692 3628 1841 3689 Igitur
1868 3627 2072 3687 benigne
2089 3623 2208 3675 mihi
2232 3623 2359 3673 dona
2385 3624 2478 3671 hoc
2499 3622 2843 3672 vestimentum
2857 3657 2872 3682 ,

1692 3730 1723 3765 o
1745 3715 1911 3764 tunica
1931 3714 2117 3777 spirans
2141 3714 2190 3762 et
2207 3712 2395 3775 sapiens
2417 3710 2642 3773 practicae
2663 3711 2888 3760 textrinae
2901 3745 2916 3771 ‚

1691 3806 1741 3853 et
1765 3803 1947 3865 optime
1970 3802 2305 3851 universarum
2328 3801 2593 3848 exornator
2615 3799 2846 3859 gentium.

1694 3893 1973 3942 Convcsties
1992 3891 2122 3939 enim
2141 3890 2322 3938 bonum
2348 3887 2508 3936 virum
2535 3900 2747 3949 eumque
2767 3885 2976 3934 amicum
2990 3920 3006 3946 ,

1691 3992 1835 4040 quem
1860 3978 2004 4027 furax
2029 3976 2159 4026 istud
2191 3978 2382 4037 tempus
2409 3970 2700 4035 denudavit,

1678 4068 1816 4119 ,latro
1838 4066 2144 4117 subserviens
2161 4062 2452 4113 destructori
2475 4063 2635 4111 omnia
2655 4061 2861 4110 vastanti
2878 4060 3096 4124 (morti).

2947 5182 3015 5223 ’.Ηι
