3767 5825
351 346 423 397 3²
1561 329 1993 393 GERMANIC!
2036 329 2373 393 CAESARIS

351 469 470 517 Nam
489 468 680 515 tantum
699 478 727 515 a
745 464 844 515 leto
857 500 870 525 ,
889 467 1128 527 quantum
1149 464 1252 515 rate
1271 462 1528 525 fluctibus,
1547 462 1740 513 absunt.
1789 428 1799 437 ¹
1831 468 1923 513 ³05

417 553 636 617 Belligeri
661 554 800 603 Titan
825 566 1054 615 magunum
1079 566 1232 615 quum
1257 552 1458 615 contigit
1479 564 1646 601 arcum

356 646 721 703 vacantemque
748 642 906 691 t'erum
933 641 1126 691 sinuato
1152 640 1339 703 spicula
1363 652 1547 704 nervo,

359 733 462 780 lam
484 730 703 779 clausum
733 728 918 777 ratione
945 740 1078 777 mare
1101 730 1203 789 est,
1223 727 1323 791 jam
1349 728 1512 777 navita
1537 728 1680 791 portu

353 817 581 869 lutatam
603 821 795 867 noctem
822 817 994 878 mgitat
1015 815 1279 879 longasque
1299 815 1540 867 tenebras.

355 906 554 968 Signum
579 905 673 955 erit
695 904 920 955 exoriens
943 904 1084 954 nobis
1105 906 1213 953 tum
1236 904 1382 953 nocte
1401 915 1630 966 suprema

354 994 600 1058 Scorpios3
623 993 706 1044 ille
725 994 877 1043 micat
891 1006 1040 1057 supra
1058 992 1182 1043 t'reta
1199 992 1380 1043 corula
1397 992 1549 1042 cauda
1572 1011 1586 1042 ε

359 1081 635 1147 Insequitur
657 1084 817 1145 pavis
840 1086 996 1131 Arcus
1019 1082 1069 1131 et
1091 1080 1140 1130 in
1165 1080 1328 1131 lucem
1351 1080 1506 1143 magis
1529 1078 1647 1131 exit.

357 1174 497 1222 Tunc
515 1171 614 1221 alto
633 1172 885 1234 cynosura
905 1169 1033 1220 redit
1046 1206 1062 1231 ,
1082 1172 1204 1220 tunc
1219 1170 1353 1219 totus
1373 1169 1421 1218 in
1440 1168 1598 1219 undas

357 1259 588 1321 mergitur
607 1258 757 1310 orion
772 1298 784 1316 ‚
807 1258 1023 1308 humeris
1039 1260 1091 1308 et
1107 1256 1292 1308 vertice
1307 1256 1546 1320 Cepheus.

417 1350 505 1397 Est
523 1346 669 1398 etiam
684 1383 700 1410 ,
725 1347 970 1397 incertum
987 1358 1088 1410 quo
1107 1358 1260 1396 cornu
1279 1344 1423 1395 missa
1436 1381 1453 1408 ,
1471 1345 1656 1407 sagina
1667 1379 1684 1409 ,

356 1441 512 1495 Quam
531 1436 692 1486 servat
709 1436 846 1486 Jovis
861 1435 989 1498 ales3
1008 1434 1164 1485 babet
1177 1434 1408 1484 miracula
1425 1434 1559 1483 nulla
1571 1470 1586 1495 ,

361 1524 410 1575 si
429 1524 603 1575 coelum
621 1523 837 1574 ascendit
853 1523 996 1574 sevis
1010 1522 1245 1586 armiger3
1265 1522 1345 1572 hic
1362 1522 1660 1572 Catamitum

359 1612 612 1676 Unguibus
636 1613 860 1663 innocuis
877 1612 1137 1675 Phrygium
1157 1612 1318 1674 rapuit
1337 1612 1652 1673 Ganymeden
1665 1646 1680 1673 ‚

357 1704 420 1752 Et
437 1702 533 1752 telo
553 1702 800 1765 appositus
817 1703 1009 1762 custos,
1029 1713 1183 1763 quum
1203 1700 1428 1762 luppiter
1447 1700 1566 1748 arsit

359 1792 418 1841 ln
435 1802 586 1854 puero
601 1826 614 1849 ,
635 1789 728 1840 luit
745 1789 934 1840 excidio
951 1802 1096 1852 quern
1117 1786 1262 1850 Troia
1284 1788 1509 1837 furorem.

422 1877 634 1941 Delphin
653 1876 766 1927 inde
783 1876 944 1927 brevis
967 1877 1096 1927 lucet
1111 1876 1254 1937 juxta
1273 1876 1627 1938 capricornum
1640 1912 1656 1938 ,

359 1966 536 2017 Paucis
557 1964 825 2025 sideribus;
847 1964 962 2013 tulit
985 1964 1067 2014 hic
1091 1962 1342 2013 Atlantida
1365 1963 1624 2026 Nymphon

362 2058 420 2106 In
439 2055 706 2115 thalamos,
725 2056 978 2116 Neptune,
997 2054 1137 2109 tuos,
1163 2052 1420 2103 miseratus
1437 2054 1700 2101 aniantera.

427 2142 594 2193 Sidera
607 2179 621 2204 ,
641 2154 754 2205 quo
773 2140 946 2192 mundi
965 2154 1078 2205 pars
1093 2138 1266 2191 celsior
1283 2140 1466 2191 aethere
1487 2140 1644 2190 volvit

362 2234 582 2293 Quaeque
603 2230 773 2281 videat
797 2232 986 2281 Borean
1007 2230 1172 2281 veritis
1197 2230 1390 2281 asnaa
1411 2229 1594 2279 serenis
1609 2264 1625 2289 ,

365 2318 603 2369 Diximus.
632 2318 759 2369 Hiuc
784 2318 909 2369 alius
933 2316 1138 2369 declivis
1163 2316 1360 2367 ducitur
1383 2316 1530 2378 ordo,

361 2405 519 2457 Sentit
540 2408 591 2455 et
611 2383 812 2455 insanos·
825 2404 1044 2455 obscuris
1061 2404 1258 2455 llatlbus
1275 2406 1484 2455 austros.

431 2494 622 2543 Primus
638 2495 688 2543 in
707 2492 968 2557 obliquum
983 2494 1173 2557 rapitur
1188 2492 1282 2543 sub
1301 2494 1493 2556 pectore
1513 2492 1662 2544 Tauri

365 2582 546 2645 Orlon;
567 2595 664 2633 non
685 2582 788 2633 ulla
805 2582 960 2644 magis
977 2580 1142 2632 vicina
1162 2581 1354 2632 notabit

366 2671 514 2721 Stella
531 2670 693 2721 virum
705 2706 722 2731 ,
739 2682 921 2735 sparso
937 2682 1086 2733 quam
1105 2672 1214 2721 toto
1231 2682 1433 2733 corpore
1451 2668 1661 2720 flamine
1683 2683 1698 2719 ε

365 2759 482 2809 Tale
501 2760 676 2821 caput,
693 2758 978 2823 magnisque
993 2758 1210 2809 humeris
1225 2758 1296 2808 sic
1317 2758 1505 2809 balteus
1523 2758 1655 2820 exit,

363 2847 445 2897 Sic
463 2846 634 2909 vagina
649 2844 802 2910 anaia,
827 2846 1009 2911 pet-niel
1029 2846 1102 2899 sic
1123 2846 1246 2911 pede
1267 2846 1409 2897 ludit·

365 2936 496 2986 Talis
514 2936 558 2986 ei
577 2938 742 2986 custos
758 2935 913 2987 aderit
931 2936 1080 2988 Oanis
1104 2949 1192 2987 ore
1213 2935 1432 2987 timendo
1442 2951 1460 2998 ς

367 3025 465 3074 Ore
482 3024 638 3073 vomit
655 3023 929 3088 flammam3
947 3024 1178 3076 membris
1195 3025 1518 3088 contemptior
1535 3021 1656 3088 ignis
1679 3043 1694 3075 t

365 3112 521 3163 Sirion
543 3113 672 3162 bunc
692 3113 824 3164 Graii
849 3113 1045 3178 proprio
1067 3113 1158 3164 sub
1185 3113 1380 3164 nomine
1401 3113 1588 3164 dicunt.

370 3204 536 3259 Quum
554 3201 711 3265 tetigit
728 3201 854 3254 solis
873 3201 1034 3252 radios
1051 3237 1065 3260 ,
1081 3201 1364 3252 accenditur
1379 3203 1552 3264 αἴας

372 3287 707 3353 Discernitque
722 3291 838 3338 ortu
859 3289 1002 3352 longe
1018 3291 1123 3340 sata
1143 3308 1158 3339 z
1180 3289 1344 3339 vivida
1365 3289 1554 3350 tirmat;

369 3379 432 3427 At
450 3377 630 3440 quibus
645 3378 836 3428 aiiectae
854 3377 1050 3428 frondes
1067 3380 1153 3429 aut
1171 3378 1395 3441 languida
1413 3377 1555 3426 radix
1570 3413 1586 3439 ‚

371 3464 656 3526 Exanimat3
683 3463 822 3514 nullo
844 3464 1024 3537 gaudet
1041 3465 1260 3527 majusve
1283 3466 1504 3515 minusve

370 3552 592 3615 Agricola
608 3554 658 3602 et
673 3550 806 3602 sidus
821 3553 978 3615 primo
994 3553 1274 3616 speculatur
1289 3553 1354 3602 ab
1371 3555 1501 3602 ortu.

433 3640 660 3691 Aur-itum
681 3642 912 3704 Leporem
931 3641 1154 3704 sequitur
1171 3642 1319 3691 cauis
1332 3677 1345 3700 ,
1365 3644 1415 3692 et
1437 3641 1556 3703 sugit
1573 3641 1654 3690 illc
1665 3657 1680 3702 ς

369 3729 452 3780 Sic
469 3733 731 3793 utrumque
747 3729 922 3792 oritur,
941 3729 1013 3780 sic
1030 3729 1210 3780 occidit
1233 3730 1282 3778 in
1303 3730 1427 3779 t'reta
1448 3729 1600 3779 sidus.

371 3820 444 3869 Tu
467 3829 672 3880 parvum
698 3819 932 3881 Leporem
959 3817 1140 3869 rimare
1166 3817 1260 3868 sub
1283 3819 1478 3868 orione.

435 3907 498 3956 At
519 3919 622 3968 qua
641 3906 798 3956 cauda
813 3907 962 3958 canis
985 3906 1229 3970 languenti
1249 3906 1426 3958 desinit
1443 3910 1601 3970 astro,

373 3995 580 4058 Fulgent
598 4001 766 4059 Argooe
783 3996 936 4047 stellis
957 3997 1192 4061 aplustria
1213 3999 1416 4061 puppis3

373 4086 538 4147 Puppe
557 4083 738 4134 etenim
758 4086 992 4148 trahitur,
1015 4099 1115 4136 non
1143 4089 1278 4137 recto
1299 4087 1452 4137 libera
1477 4100 1622 4136 cursu

373 4173 442 4222 Ut
463 4185 616 4235 quum
637 4171 900 4224 decurrens
921 4173 1111 4224 inhibet
1127 4175 1230 4236 jam
1253 4175 1419 4224 navita
1443 4190 1604 4226 remos
1617 4213 1631 4238 ,

373 4265 698 4322 Aversumque
721 4263 873 4311 ratem
901 4261 1029 4312 votis
1051 4261 1312 4313 damnatus
1335 4263 1396 4314 ad
1421 4277 1558 4313 oram

375 4347 588 4410 Perligat
603 4384 619 4409 ,
637 4350 853 4410 optatam
873 4349 1072 4413 cupiens
1089 4350 1369 4415 contingere
1387 4355 1564 4401 terram
1588 4371 1601 4402 ε

377 4433 470 4484 sed
489 4447 600 4497 quat
617 4447 730 4497 pars
748 4435 928 4486 violata
946 4437 1064 4492 luit.
1089 4439 1320 4488 coeuntia
1343 4451 1458 4488 saxa

373 4521 582 4573 Numine
608 4524 813 4580 Iunonis
833 4527 971 4574 tutus
987 4539 1142 4589 quum
1161 4525 1280 4589 rugit
1300 4529 1440 4577 lason
1459 4563 1476 4589 ‚

373 4610 492 4660 Haec
509 4611 658 4661 micat
675 4610 724 4660 in
750 4613 872 4662 caelo
901 4612 1078 4663 zlateri
1108 4626 1203 4663 non
1227 4615 1435 4676 amplior
1454 4618 1662 4677 auctuS,

373 4701 535 4756 Quam
554 4698 706 4762 surgit
721 4701 896 4750 malus.
920 4707 1028 4761 Qua
1055 4701 1200 4752 debet
1223 4702 1424 4752 reddere
1448 4717 1638 4766 proram
1652 4741 1666 4764 ,

376 4787 645 4850 Intercepta
663 4788 788 4851 perit
807 4789 943 4838 nulla
959 4789 1050 4840 sub
1069 4789 1275 4853 imagine
1299 4792 1480 4850 formu

378 4874 560 4936 Puppis
573 4873 782 4927 demine
803 4879 996 4928 tantum
1015 4881 1114 4929 stat
1133 4879 1318 4930 roscida
1339 4881 1494 4929 clavo.

443 4961 585 5011 Haud
607 4964 776 5025 procul
797 4965 1068 5028 expositam
1089 4968 1309 5030 sequitur
1335 4948 1504 5018 Nereia
1529 4969 1694 5018 Pistris

385 5047 775 5112 Andromedam
795 5053 953 5104 media
969 5055 1045 5106 cst
1061 5055 1186 5106 Solis
1203 5057 1281 5106 via
1293 5093 1308 5120 ‚
1331 5069 1479 5119 quum
1499 5059 1663 5107 tamen
1681 5057 1764 5106 ilia

381 5137 610 5187 Terretur
633 5142 848 5190 monstm
866 5143 1048 5206 pelagi,
1071 5143 1346 5208 gaudetque
1367 5144 1462 5195 sub
1483 5157 1576 5196 axe

1833 906 1928 953 310

1840 1350 1932 1394 315

1843 1794 1933 1838 320

1839 2234 1935 2279 325

1843 2676 1937 2719 ³³0

1843 3119 1937 3164 885

1848 3555 1943 3602 3⁴0

1854 4002 1945 4048 :345

1854 4447 1945 4490 ³⁵0

1854 4887 1949 4932 355

2018 463 2217 513 Diverso
2238 462 2395 527 posita
2418 464 2467 512 et
2490 464 2656 513 Boreoe
2677 462 2835 509 vicina
2854 459 3059 521 legente.

2020 552 2192 601 Auster
2212 549 2387 601 Pistrtn
2406 549 2529 611 agit3
2556 548 2657 597 duo
2678 548 2835 597 sidera
2854 546 3051 609 perlegit
3070 558 3255 605 unum;

2020 640 2240 701 Namque
2260 638 2395 688 Aries
2414 650 2561 702 supra
2582 636 2759 686 Pistrin
2780 637 3035 697 Piscesque
3057 634 3309 693 seruatum

2024 728 2192 777 Bellua
2208 726 2293 777 sed
2313 726 2449 789 ponti
2466 739 2563 776 non
2584 724 2793 775 multum
2810 724 3027 787 praeterit
3046 730 3250 773 Amnem
3264 756 3281 780 ,

2028 821 2231 866 Amnem
2245 850 2261 873 ,
2278 814 2365 878 qui
2390 814 2689 865 Phaethonta
2710 826 2823 862 suas
2838 811 3033 862 deflevit
3055 811 3115 861 ad
3140 812 3297 859 undas
3312 846 3329 870 ,

2020 906 2283 967 Postquam
2298 904 2449 966 patris
2470 915 2622 965 equos
2638 914 2737 951 non
2758 914 2904 963 aquo
2926 900 3137 963 pondere
3159 899 3313 959 rexit,

2020 991 2235 1041 Vulnere
2256 990 2537 1041 reddentem
2558 989 2778 1040 flammas
2796 990 2960 1049 Jovis;
2982 989 3139 1047 hunc,
3162 1000 3287 1037 nova
3304 986 3462 1047 silva,
3502 991 3585 1037 36⁵

2025 1080 2262 1131 Planxere
2276 1080 2455 1143 ignotis
2474 1082 2661 1130 moestae
2686 1077 3059 1129 Phaethontides
3082 1078 3223 1127 ulnis.

2086 1166 2327 1218 Eridanus
2352 1167 2542 1218 medius
2564 1165 2758 1229 liquidis
2784 1166 3036 1227 interjacet
3060 1164 3218 1215 astris.

2025 1256 2180 1319 Hujus
2198 1270 2311 1320 pars
2328 1255 2473 1307 undae
2490 1256 2669 1305 laevum
2690 1256 2805 1305 terit
2820 1253 3013 1305 orionis

2027 1346 2179 1407 Lapsa
2197 1344 2369 1408 pedam
2382 1382 2397 1406 ,
2417 1344 2585 1407 procul
2604 1342 2843 1394 ambobus
2858 1355 2955 1405 qna
2976 1340 3188 1391 Pisdbus
3206 1354 3335 1390 unns

2024 1433 2233 1484 vineola
2251 1434 2498 1486 connectit
2512 1431 2699 1493 nodus,
2719 1432 2917 1481 oeiatarn
2934 1444 3080 1494 super
3096 1431 3247 1493 ipsam

2026 1522 2281 1584 AEquoreae
2301 1521 2469 1572 Pistris
2494 1520 2711 1583 radians;
2732 1522 2847 1569 sunt
2869 1519 3021 1570 libera
3038 1518 3158 1569 celo

2026 1609 2216 1671 Sidera,
2238 1623 2335 1661 non
2359 1610 2509 1659 ullam
2530 1608 2690 1672 specie
2712 1608 2963 1659 reddentia
2985 1610 3195 1658 tonnam
3208 1644 3223 1669 ,

2026 1698 2129 1749 Sub
2148 1700 2348 1761 Leporis
2364 1698 2495 1748 latus
2506 1734 2523 1761 ,
2541 1710 2761 1747 aversam
2780 1700 2892 1761 post
2908 1696 3117 1760 dmiquc
3136 1696 3337 1759 puppim
3348 1733 3369 1756 ,

2030 1790 2157 1837 luter
2175 1790 2228 1837 et
2247 1786 2441 1837 Eridani
2463 1786 2620 1836 tlexus
2638 1787 2933 1849 clavumque
2954 1785 3161 1847 carlnn;

2029 1880 2187 1939 Atque
2206 1877 2311 1925 haec
2328 1876 2429 1939 ipsa
2448 1879 2563 1925 nota
2578 1878 2652 1925 est
2668 1876 2853 1925 nullam
2871 1875 3087 1937 pmbere
3106 1874 3311 1937 liguram
3334 1888 3347 1921 :

2027 1968 2150 2015 sunt
2166 1966 2346 2015 etenim
2362 1966 2469 2015 toto
2488 1963 2639 2027 sparsi
2658 1964 2761 2014 sine
2776 1964 2975 2013 nomine
2992 1962 3177 2012 mundo

2028 2056 2161 2105 luter
2181 2054 2314 2117 signa
2335 2052 2471 2117 ime·
2483 2069 2499 2114 ;
2521 2053 2701 2116 quibua
2722 2053 2815 2103 etsi
2840 2052 3033 2115 propria
3060 2050 3184 2101 desit

2028 2146 2203 2193 Forma
2216 2180 2232 2204 ,
2254 2156 2343 2207 per
2362 2142 2566 2206 appositi
2590 2144 2859 2192 noscuntur
2880 2142 3067 2191 lumina
3088 2140 3225 2203 signi.

2094 2232 2177 2281 Est
2194 2230 2340 2280 etiam
2364 2243 2395 2281 a
2416 2229 2617 2293 geminis
2638 2229 2861 2280 diversus
2884 2229 3101 2280 Piscibus
3122 2234 3251 2278 unus

2028 2320 2125 2379 Qui
2146 2320 2331 2369 Borean
2349 2319 2549 2382 Μαί,
2570 2319 2707 2369 totus
2722 2319 2933 2369 directus
2950 2319 3001 2367 in
3021 2320 3249 2379 Austros,

2027 2408 2211 2456 Venire
2232 2405 2325 2455 sub
2347 2406 2597 2468 AEssoccri,
2620 2404 2795 2455 Pistrin
2820 2417 3081 2454 conversus
3100 2403 3161 2453 ad
3188 2404 3357 2453 imam.

2031 2494 2231 2544 intimus
2248 2492 2561 2558 Hydrochoos
2578 2492 2662 2543 sed
2680 2506 2779 2556 qna
2800 2492 3001 2555 vestigia
3024 2492 3126 2555 figit
3139 2528 3156 2552 ‚

2034 2584 2159 2632 Sunt
2182 2582 2291 2632 aliae
2309 2581 2465 2632 stello
2477 2618 2493 2644 ,
2512 2594 2613 2645 qua
2629 2580 2836 2630 caudam
2854 2580 3014 2630 bellua
3032 2580 3212 2642 flectit,

2030 2672 2236 2733 Quaque
2250 2672 2398 2733 caput
2416 2670 2582 2720 Piscis.
2606 2669 2761 2720 Media
2786 2670 2979 2731 regione
2998 2668 3167 2719 locatae

2032 2758 2233 2809 Nullum
2252 2770 2429 2809 nomen
2448 2756 2656 2819 babent,
2674 2771 2768 2807 nec
2784 2770 2931 2807 causa
2948 2760 3022 2808 cst
3039 2756 3247 2807 nominis
3268 2758 3395 2819 ulla;

2032 2846 2113 2897 Sic
2129 2847 2289 2897 tenuis
2304 2848 2493 2897 cunctis
2506 2850 2611 2909 jam
2629 2860 2767 2910 paene
2782 2846 2986 2896 evanuit
3004 2846 3163 2895 ardor.

2032 2939 2133 2986 Nec
2154 2936 2325 3000 procul
2348 2936 2463 2985 hinc
2486 2935 2659 2986 dextra
2683 2935 2905 2986 defundit
2935 2937 3172 2999 Aquarius
3200 2935 3355 2987 undas

2032 3027 2191 3087 Atque
2210 3024 2401 3074 imitata
2423 3023 2605 3074 cadunt
2626 3025 2835 3073 errantis
2855 3024 2991 3086 signa
3014 3025 3231 3087 liquoris.

2032 3115 2073 3163 E
2090 3112 2273 3176 quibus
2290 3126 2389 3162 una
2406 3112 2559 3174 magis
2574 3113 2667 3162 sub
2689 3113 2845 3162 cauda
2862 3111 3059 3162 flamma
3082 3116 3265 3162 relucet

2032 3202 2359 3265 squamiger-re
2383 3202 2575 3263 Pistris3
2598 3200 2801 3264 pedibus
2820 3201 2953 3251 subit
2973 3203 3125 3251 altera
3145 3203 3268 3263 signi

2034 3289 2299 3340 Fundentis
2316 3291 2499 3342 latices.
2524 3293 2609 3342 Est
2624 3293 2675 3340 et
2691 3289 2795 3340 sine
2812 3290 2995 3340 bonore
3012 3293 3206 3340 corona

2036 3381 2159 3430 Ante
2180 3378 2441 3442 Sagittiferi
2464 3379 2685 3443 paullum
2708 3379 2921 3442 pernicia
2946 3392 3105 3428 crura.

2097 3467 2321 3532 Scorpios
2343 3471 2503 3518 erecta
2526 3469 2725 3530 torquet
2744 3479 2845 3529 qua
2864 3467 3050 3530 spicula
3078 3464 3237 3516 cauda
3250 3504 3267 3530 ,

2034 3555 2361 3606 'thuribulum
2382 3555 2601 3606 vicinum
2620 3555 2808 3606 Austris
2826 3569 2965 3606 sacro
2982 3558 3091 3618 igne
3110 3556 3296 3606 videbis

2035 3647 2299 3694 Arcturum
2318 3649 2517 3706 contra;
2536 3643 2621 3694 sed
2640 3646 2825 3706 quanto
2848 3643 3037 3693 tardius
3056 3644 3135 3693 ille

2036 3735 2285 3782 Oceanum
2312 3745 2489 3783 occasu
2512 3732 2690 3794 tangit,
2710 3734 2849 3782 tanto
2872 3733 3025 3792 magis
3046 3735 3169 3782 artoe

2037 3821 2291 3871 Thuribuli
2314 3824 2472 3872 meto.
2494 3820 2592 3871 Vix
2616 3821 2795 3871 caelum
2816 3820 3043 3882 suspicit,
3066 3823 3116 3870 et
3134 3821 3237 3882 jam

2040 3911 2275 3973 Praecipitl
2295 3913 2453 3961 tractu
2474 3911 2623 3960 vastis
2638 3908 2914 3960 demittitur
2932 3909 3091 3959 undis.

2038 4000 2195 4049 Multa
2214 3999 2348 4050 dedit
2366 4001 2541 4049 natura
2558 3998 2744 4048 homini
2764 4002 2871 4048 rata
2888 3999 3021 4061 signa
3037 3997 3207 4048 salutis

2038 4090 2405 4151 venturamque
2430 4087 2560 4137 notis
2586 4087 2773 4138 cladem
2796 4086 3037 4150 depellere
3060 4079 3229 4137 suasit.

2037 4179 2167 4226 Inter
2184 4177 2318 4226 certa
2334 4175 2448 4226 licet
2464 4189 2689 4226 numeres
2702 4175 2797 4226 sub
2812 4178 2957 4225 nocte
2972 4175 3190 4225 cavenda

2040 4265 2391 4328 Thuribulum;
2414 4278 2530 4314 nam
2542 4301 2557 4326 ,
2576 4265 2616 4314 si
2634 4264 2902 4314 sordebunt
2918 4267 3077 4314 cetera
3100 4265 3208 4314 coeli

2038 4352 2255 4403 Nubibus
2272 4353 2493 4403 obductis
2505 4392 2520 4417 ‚
2540 4352 2623 4402 illo
2641 4353 2921 4415 splendente
2934 4389 2947 4413 ,
2971 4352 3141 4402 timeto
3156 4389 3172 4414 ,

2038 4444 2111 4490 Ne
2133 4454 2299 4504 pacem
2325 4441 2476 4505 pelagi
2504 4441 2664 4491 solvat
2690 4441 2949 4491 violentior
2978 4445 3169 4491 Auster.

2039 4532 2177 4579 'runc
2198 4530 2317 4579 mihi
2336 4530 2601 4593 epissentur
2622 4530 2887 4580 substricto
2910 4543 3094 4582 cornua
3121 4531 3255 4591 velo,

2039 4621 2100 4668 Et
2116 4618 2252 4680 rigidi
2270 4605 2496 4670 emittant
2513 4618 2657 4668 ssatus
2674 4631 2760 4681 per
2777 4619 2925 4668 inane
2941 4617 3192 4669 rudentes.

2041 4710 2181 4765 Quod
2199 4707 2240 4754 si
2262 4706 2511 4768 deprensoe
2532 4705 2753 4755 turbavit
2776 4706 2922 4756 lintea
2946 4707 3118 4769 puppis

2039 4793 2361 4856 Incubuitque
2385 4795 2494 4845 sinu
2514 4794 2631 4844 laxo
2643 4831 2659 4856 ‚
2687 4794 2767 4843 vel
2786 4795 3019 4857 mergitur
3035 4794 3179 4844 undis

2042 4885 2201 4931 Prona
2222 4883 2339 4932 ratis
2358 4883 2623 4946 sorbetque
2640 4883 2891 4932 inimicum
2912 4885 3063 4933 Nerea
3082 4897 3221 4946 prora
3242 4921 3255 4944 ,

2040 4970 2131 5020 Vel
2148 4971 2189 5021 si
2208 4971 2417 5034 respexit
2432 4975 2649 5021 servator
2666 4974 2696 5022 J
2700 4972 2907 5035 uppiter,
2926 4985 3053 5035 ogre

2040 5059 2222 5110 Ultima
2236 5061 2521 5122 persolvunt
2533 5061 2701 5122 jactati
2722 5063 2835 5110 vota
2852 5059 3049 5114 salutk:

2042 5151 2143 5200 Nec
2162 5153 2322 5200 metus
2340 5152 2453 5200 ante
2478 5149 2603 5213 lusit
2614 5183 2628 5210 ‚
2648 5161 2797 5214 quam
2814 5161 2927 5213 pars
2942 5149 3183 5201 etit-‘tserit
3202 5147 3356 5210 orbb,

3502 1432 3585 1481 370

3504 1877 3589 1924 375

3504 3647 3594 3697 ³3⁵

3509 4089 3595 4138 42⁸ss

3499 4973 3595 5024 4⁰1⁵
