3767 5825
1154 489 1472 552 OPPIANI
1513 492 1614 552 DE
1654 489 2102 552 VENATIONE
2141 491 2285 550 LIB.
2329 489 2408 551 11.
3311 497 3382 550 Π

319 630 422 711 ῥεῖα
445 623 569 683 ποτὶ
596 622 842 704 γλυκερὸν
866 622 1021 700 δόμον
1048 623 1253 695 ἤλυθεν,
1282 617 1358 704 ἧχ
1361 647 1377 680 ι
1405 623 1658 700 ναίεσκεν,

319 715 411 773 οὐδ’
443 713 572 784 ἔτλη
603 712 763 780 ξεῖνός
788 735 865 779 τις
893 712 973 770 ἐπ’
1004 713 1372 771 ἀλλοδατωῑσιν
1399 715 1639 772 ἀλᾶσθαι.

319 804 425 862 Οὔκ
452 801 559 880 ἄρα
586 823 667 860 τοι
691 797 1071 880 μούνοισι”φίλη
1095 798 1270 881 πάτρη
1298 799 1467 882 μερόπ
1470 824 1599 851 -----

320 889 401 948 καὶ
426 889 628 969 βαλίων
654 886 709 946 δὲ
733 886 885 953 πόθος
907 911 984 954 τις
1007 887 1312 946 ἐνέστακται
1335 897 1484 970 φρεσὶ
1509 892 1696 968 θηρῶν.

234 1001 299 1038 ³15
382 977 491 1038 Ναὶ
516 976 621 1054 μὴν
652 975 935 1034 ὧκυτάτων
970 975 1165 1056 δόρκων
1194 975 1417 1057 ἀρίδηλα
1441 976 1657 1056 γένεθλα

320 1063 517 1146 μορφήν
526 1064 575 1123 τ’
588 1063 736 1140 ἴδμεν
750 1061 975 1130 ἅπαντες
986 1109 1001 1136 ,
1014 1067 1155 1143 ὁμῶς
1168 1063 1379 1142 μέγεθός
1387 1089 1445 1123 τε
1460 1065 1552 1124 καὶ
1565 1063 1749 1136 ἀλκήν.

326 1153 576 1232 Πέρδικες
600 1157 771 1232 θοῦροι
800 1149 853 1210 δὲ
875 1149 1148 1232 πυρώπεες
1164 1197 1179 1223 ,
1210 1151 1541 1234 αῖολόδειροι,

326 1239 549 1318 δόρκοισι
577 1237 753 1321 φιλίην
776 1235 921 1318 παρὰ
948 1236 1201 1315 τέμπεσιν
1226 1239 1560 1313 ἐσπείσαντο,

329 1325 533 1398 ἠθαλέοι
564 1349 623 1384 τε
645 1325 864 1384 πέλουσι
885 1326 975 1384 καὶ
1003 1325 1309 1398 ἀλλήλοισιν
1335 1327 1556 1405 ὅμαυλοι
1572 1373 1587 1398 ,

238 1433 305 1471 ³20
320 1413 461 1480 εὔνάς
486 1413 533 1472 τ’
562 1411 715 1492 ἐγγὺς
741 1411 947 1492 ἔχουσι,
972 1412 1063 1471 καὶ
1085 1415 1180 1472 οὐκ
1209 1413 1463 1473 ἀπάνευθε
1490 1411 1754 1490 νέμονται.

322 1493 394 1561 ’Ἦ
422 1501 571 1574 μάλα
602 1499 668 1572 δὴ
703 1499 1010 1578 μετόπισθεν
1038 1501 1291 1582 ἑταιρείης
1316 1501 1458 1583 τάχα
1487 1505 1675 1584 πικρῆς

326 1590 413 1649 καὶ
443 1589 617 1672 φιλίης
644 1588 949 1648 ἀπέλαυσαν
979 1588 1247 1667 ἀμειδέος,
1276 1589 1473 1649 ὁππότε
1502 1595 1665 1672 φῶτες

324 1675 590 1759 κερδαλέοι
618 1677 859 1736 δειλοῖσιν
889 1675 1140 1760 ἐπίφρονα
1173 1677 1510 1756 μητίσαιντο,
1583 1717 1591 1726 ·

324 1765 569 1845 πέρδικας
594 1765 827 1880 δόρκοισι
853 1764 1019 1848 φίλοις
1044 1764 1317 1836 ἀπατήλια
1356 1763 1524 1832 θέντες
1542 1810 1559 1837 ,

238 1874 303 1914 ³25
322 1853 516 1932 ἔμπαλι
538 1853 583 1912 δ’
614 1877 681 1912 αυ
710 1853 919 1936 δόρκους
947 1852 1148 1935 ἑτάροις
1170 1852 1261 1912 ἴσα
1286 1852 1635 1934 περδίκεσσιν.

399 1945 575 2020 Αἰγῶν
590 1942 635 2000 δ’
646 1934 770 2000 αὖτε
780 1940 1216 2022 πέλειπροὸάτων
1231 1965 1287 2000 τε
1312 1941 1577 2023 πανάγρια
1592 1943 1729 2022 φῦλα
1742 1986 1757 2015 ,

326 2032 381 2087 οὗ
406 2027 597 2088 πολλὸν
623 2033 850 2088 τιθασῶν
880 2023 1001 2088 ὀΐων
1028 2029 1228 2087 λασίων
1258 2054 1312 2087 τε
1340 2033 1601 2110 χιμαιρῶν

329 2117 573 2192 μείζονες,
590 2115 870 2176 &uitatem
890 2117 1133 2198 κραιπνοὶ
1151 2117 1387 2194 σθεναροί
1402 2141 1457 2174 τε
1480 2116 1761 2196 μάχεσθαι,

329 2210 625 2286 στρεπτοῖσι
652 2209 917 2286 κεφαλῇφι
940 2204 1311 2284 κορυσσόμενοι
1333 2204 1595 2286 κεράεσσι.

244 2312 311 2352 :m
332 2292 532 2372 Κάρτος
562 2294 605 2351 δ’
634 2283 700 2351 αὖ
712 2293 749 2350 t’
778 2289 974 2351 ὀΐεσσιν
1002 2296 1054 2350 ἐν
1077 2292 1377 2374 ἀργαλέοισι
1408 2291 1680 2370 μετώποις·

334 2379 557 2441 πολλάκι
585 2380 631 2437 δ’
658 2379 965 2460 ὁρμηθέντες
996 2380 1069 2438 ἐνὶ
1096 2379 1386 2461 ξυλόχοισιν
1413 2379 1603 2451 ἔθηκαν

328 2469 413 2526 καὶ
436 2471 562 2535 σύας
592 2471 905 2548 αἷθυκτῆρας
936 2467 1022 2526 ἐπὶ
1049 2468 1233 2549 χθονὸς
1266 2467 1637 2550 ἀσπαίροντας.

328 2553 481 2616 Ἔστι
506 2555 549 2616 δ’
578 2555 653 2616 ὅτ’
684 2557 988 2628 ἀλλήλοισιν
1020 2555 1249 2615 ἐναντίον
1278 2551 1513 2625 ἀίξαντες

332 2643 637 2725 μάρνανται·
662 2645 909 2726 κρατερὸς
933 2643 987 2703 δὲ
1015 2645 1143 2724 πρὸς
1169 2644 1347 2726 αἰθέρα
1372 2647 1557 2711 δοῦπος
1578 2644 1762 2702 ἱκάνει·

250 2751 315 2790 π
332 2733 441 2790 οὐδέ
468 2733 515 2791 τ’
544 2731 835 2792 ἀλεύασθαι
864 2731 1007 2810 θέμις
1037 2731 1220 2791 ἔπλετο
1250 2732 1391 2803 δήϊον
1422 2734 1619 2804 αὐτοῖς,

332 2820 472 2890 νίκην
503 2819 547 2878 δ’
578 2820 824 2890 ἀλλήλοις
845 2819 1046 2900 φορέειν
1076 2819 1343 2888 ἀτίνακτος
1370 2819 1571 2900 ἀνάγκη

331 2907 389 2980 ἠὲ
412 2909 561 2969 νέκυν
589 2914 809 2967 κεῖσθαι·
839 2910 981 2969 τοῖον
1019 2907 1164 2988 σφίσι
1193 2914 1354 2975 νεῖκος
1382 2908 1593 2990 ὄρωρεν.

330 2997 608 3077 Αἷγάγροις
637 2996 695 3056 δέ
714 2996 790 3064 τίς
813 3000 924 3055 ἐστι
949 2998 1013 3056 δι’
1038 3001 1207 3055 αὐτῶν
1233 2997 1384 3063 αὐλὸς
1410 2996 1629 3055 ὀδόντων

330 3082 607 3151 λεπταλέος
630 3089 848 3161 πνοιῆς,
879 3084 1079 3165 κεράων
1114 3082 1290 3163 μέσον,
1320 3085 1459 3143 ἔνθεν
1484 3082 1665 3143 ἔπειτα

253 3192 317 3231 ²⁴0
338 3170 491 3244 αὐτὴν
524 3174 574 3240 ἐς
600 3171 819 3253 κραδίην
844 3171 935 3229 καὶ
957 3171 1253 3249 πνεύμονας
1282 3171 1428 3238 εὐθὺς
1452 3171 1636 3230 ἱκάνει·

333 3258 451 3317 εἶδέ
478 3284 555 3326 τις
578 3258 831 3339 αἷγάγρου
858 3258 1017 3339 κηρὸν
1046 3258 1258 3340 κέρασιν
1286 3258 1553 3339 περιχεόοι
1570 3306 1586 3335 ,

334 3350 457 3417 ζωῆς
480 3344 765 3415 ἐξέκλεισεν
790 3344 933 3411 ὀδοὺς
956 3350 1135 3416 πνοιῆς
1162 3369 1219 3403 τε
1248 3346 1504 3413 διαύλους.

405 3433 611 3513 Ἔξοχα
640 3434 685 3491 δ’
715 3424 783 3491 αὗ
813 3432 987 3513 μήτηρ
1018 3432 1241 3501 ἀταλοὺς
1264 3432 1343 3494 ἔτι
1362 3434 1720 3513 νηπιάχοντας

333 3521 411 3589 οὓς
433 3524 625 3588 παῖδας
652 3518 849 3597 κομέει·
873 3520 1011 3601 γήρᾳ
1042 3520 1087 3579 δ’
1116 3519 1190 3579 ἔνι
1226 3520 1429 3603 μητέρα
1457 3524 1655 3588 παῖδες.

256 3628 318 3668 ³45
332 3609 416 3678 Ὡς
442 3608 495 3668 δὲ
527 3609 703 3690 βροτοὶ
730 3608 941 3688 γενέτην
970 3610 1329 3687 πεπεδημένον
1364 3609 1666 3689 ἀργαλέοισι

332 3696 515 3777 γήραος
540 3700 594 3756 ἐν
627 3698 898 3775 δεσμοῖσι,
927 3695 1091 3764 πόδας
1116 3697 1299 3777 βαρὺν,
1332 3698 1470 3777 ἅψεα
1501 3697 1688 3778 ῥικνὸν,

338 3784 594 3865 ἀὸληχρὸν
607 3784 863 3861 παλάμας
874 3829 889 3855 ,
904 3783 1153 3866 τρομερὸν
1169 3782 1332 3862 δέμας
1343 3830 1359 3857 ,
1382 3784 1499 3865 ὄψιν
1515 3784 1768 3865 ἀμαυρὸν,

337 3870 833 3951 ἀμφαγαπαζόμενοι
854 3871 975 3951 περὶ
1001 3871 1063 3943 δὴ
1105 3872 1221 3953 περὶ
1248 3872 1474 3948 πάμπαν
1508 3870 1717 3952 ἔχουσι,

336 3960 586 4037 τινύμενοι
607 3959 831 4037 κομιδὴν
859 3961 1229 4041 παιδοτροφίης
1258 3963 1541 4038 ἀλεγεινῆς·

256 4066 323 4106 ³50
340 4047 404 4115 ὣς
430 4052 591 4128 αἰγῶν
626 4055 802 4129 κοῦροι
827 4048 1025 4129 φιλίους
1050 4046 1299 4124 κομέουσι
1325 4052 1519 4121 τοκῆας

340 4136 649 4219 γηραλέους,
678 4134 765 4195 ὅτε
796 4135 967 4213 δεσμὰ
997 4134 1293 4194 πολύστονα
1319 4144 1441 4214 γυῖα
1470 4136 1691 4217 πεδήσῃ·

344 4224 551 4305 βρώμην
582 4222 679 4300 μέν
705 4223 753 4280 τ’
775 4222 1037 4304 ὀρέγουσιν
1064 4220 1308 4303 ἐῦδροσον
1338 4224 1715 4299 ἀνθεμόεσσαν,

341 4312 646 4394 δρεψάμενοι
661 4310 997 4388 στομάτεσσι·
1014 4310 1172 4369 ποτὸν
1185 4312 1229 4369 δ’
1248 4310 1349 4391 ἄρα
1359 4310 1589 4391 χείλεσιν
1600 4310 1775 4392 ἄκροις

341 4404 395 4459 ἐκ
418 4406 659 4479 ποταμοῦ
681 4398 949 4481 φορέουσιν
971 4397 1329 4479 ἀφυσσάμενοι
1349 4399 1513 4477 μέλαν
1539 4400 1692 4480 ὕδωρ·

256 4488 539 4567 ass-{mmm
565 4490 610 4547 δ’
647 4486 993 4569 ἀμφιέποντες
1019 4484 1136 4545 ὅλον
1174 4485 1309 4567 χρόα
1340 4488 1717 4567 φαιδρύνουσιν.

346 4578 410 4637 Εἰ
436 4575 490 4635 δέ
515 4576 575 4634 νύ
597 4598 679 4634 τοι
710 4574 1011 4656 βροχίδεσσι
1042 4572 1207 4651 μόνην
1233 4574 1523 4655 γενέτειραν
1554 4576 1775 4655 ἀείραις,

342 4664 522 4723 αὐτίκα
545 4664 637 4723 καὶ
658 4664 973 4745 παλάμηφιν
1007 4660 1144 4729 ἕλοις
1164 4661 1436 4733 νεοθηλέας
1460 4663 1667 4739 ἀμνούς·

342 4751 431 4823 τὴν
459 4750 553 4829 μὲν
576 4750 682 4833 γὰρ
711 4750 905 4818 δοκέοις
930 4752 1124 4817 παῖδας
1151 4750 1355 4827 μύθοισι
1383 4751 1607 4825 δίεσθαι,

346 4840 653 4918 λισσομένην
682 4838 895 4899 τοίοισιν
923 4839 1176 4920 ἀπόπροθι
1211 4844 1551 4917 μηκηθμοῖσι·

256 4926 569 5005 οωΦεύγετέ
597 4950 713 5004 μοι,
744 4926 869 5007 φίλα
893 4925 1077 4997 τέκνα,
1110 4924 1391 4993 δυσαντέας
1417 4930 1738 5007 ἀγρευτῆρας
1761 4972 1776 5002 ,

356 5014 427 5089 μή
452 5037 516 5091 με
541 5013 741 5094 λυγρὴν
771 5013 1048 5090 δμηθέντες
1071 5012 1314 5093 ἀμήτορα
1340 5012 1541 5093 μητέρα
1572 5018 1709 5083 ozee.

350 5104 481 5161 Τοῖα
508 5101 679 5183 φάμεν
705 5100 923 5167 δοκέοις·
946 5099 1063 5168 τοὺς
1092 5101 1135 5158 δ’
1162 5099 1416 5167 ἑσταότας
1449 5101 1769 5180 προπάροιθε

356 5194 530 5269 πρῶτα
559 5188 653 5269 μὲν
678 5189 867 5248 ἀείδειν
895 5190 1099 5248 στονόεν
1131 5188 1284 5267 μέλος
1312 5190 1449 5270 ἀμφὶ
1475 5188 1730 5268 τεκούσῃ,

361 5276 513 5357 αὐτὰρ
537 5276 697 5337 ἔπειτ’
721 5276 916 5336 ἐνέπειν
942 5276 1096 5358 φαίης
1119 5276 1402 5356 μεροπήῖον
1426 5274 1586 5356 ἠχὴν,

1830 633 1966 684 facile
1985 633 2042 682 ad
2069 633 2206 683 dulce
2224 629 2521 683 domicilium
2538 627 2812 692 revertitur,
2831 628 2916 678 ubi
2943 627 3202 690 habitavit,

1830 735 1986 783 neque
2003 721 2232 782 sustinet,
2251 721 2424 783 hospes
2443 719 2614 782 aliquis
2627 754 2642 780 ‚
2665 718 2788 767 inter
2811 720 2999 766 exteros
3017 717 3255 766 oberrare.

1832 813 1938 859 Non
1953 809 2096 868 igitur
2110 809 2223 857 solis
2234 819 2345 857 cara
2362 809 2440 856 est
2452 807 2604 870 patria
2617 805 2892 855 hominibus
2903 841 2919 866 ‚

1830 896 1925 946 sed
1949 896 2092 946 etiam
2121 895 2394 959 rapidamm
2419 893 2708 944 desiderium
2738 892 2984 956 quoddam
3012 891 3390 944 instillatum-est

1832 984 2003 1034 animis
2025 978 2263 1048 ferarum]
2328 985 2466 1034 certe
2493 981 2685 1046 quidem
2709 981 3116 1032 velocissimi-um
3144 981 3392 1033 damarum

1832 1072 2031 1134 insignia
2048 1071 2236 1136 genera]
2260 1071 2558 1134 formamque
2576 1069 2801 1120 novimus
2831 1083 3001 1120 omnes
3012 1107 3027 1132 ,
3045 1069 3189 1120 simul
3220 1071 3395 1132 magni-

1832 1160 2145 1223 tudinemque
2160 1162 2211 1210 et
2228 1159 2414 1223 robur.]
2431 1157 2649 1209 Perdices
2662 1171 2779 1208 vero
2794 1171 3050 1222 pugnaces,
3070 1157 3237 1220 ignem,
3257 1159 3394 1208 collo·

1834 1247 2142 1297 versicolores
2155 1248 2190 1313 ,]
2215 1247 2498 1296 cum-damis
2519 1245 2774 1296 amicitiam
2798 1246 2847 1294 in
2867 1245 3068 1296 saltibus
3087 1251 3371 1308 sanxerunt,

1836 1336 2182 1399 familiaresque
2201 1336 2315 1386 sunt
2337 1336 2385 1385 et
2399 1333 2684 1385 sihi-mutuo
2701 1333 3066 1385 contubernales
3078 1370 3093 1395 ,

1835 1422 2104 1487 cubiliaqoe
2121 1423 2282 1472 vicina
2303 1421 2508 1486 habent,
2531 1435 2688 1487 neque
2705 1433 2922 1472 seorsum
2941 1424 3225 1486 pascuntur.

1836 1511 2054 1561 Profecto
2075 1511 2241 1574 postea
2262 1511 2539 1560 societatem
2563 1509 2691 1559 illico
2710 1523 2921 1558 amar-am

1837 1604 1886 1648 et
1902 1599 2158 1670 amicitiam
2181 1599 2490 1662 experiuntur
2506 1597 2813 1660 iniucundum
2827 1634 2842 1660 ,
2856 1598 3048 1661 quando
3065 1598 3282 1650 homines

1837 1687 1984 1737 astuti
2001 1687 2276 1737 in·miseros
2296 1685 2788 1736 callida-vaframenta
2807 1686 3103 1748 excogitant,

1838 1776 2053 1840 perdices
2074 1775 2307 1826 in-damas
2325 1775 2506 1825 amicas
2525 1773 2720 1824 insidias
2737 1777 2966 1838 ponentes
2978 1811 2995 1836 ‚

1838 1867 1890 1914 et
1904 1867 2070 1914 contra
2089 1864 2255 1914 damas
2274 1863 2322 1912 in
2341 1863 2495 1913 socias
2513 1863 2730 1912 similiter
2751 1862 2982 1926 perdices.

1903 1956 2166 2017 caprarum
2190 1965 2306 2002 vero
2327 1951 2472 2002 etiam
2502 1954 2616 2001 sunt
2633 1951 2892 2013 oviumque
2919 1949 3302 2001 admodum-fera
3332 1963 3406 2014 go

1840 2056 1953 2091 nera
1967 2041 2001 2103 ‚]
2021 2055 2115 2091 non
2139 2040 2342 2090 multum
2362 2039 2640 2089 domesticis
2657 2037 2834 2088 ovibus
2853 2038 3141 2102 hirsutisque
3157 2039 3313 2103 capris

1842 2132 2071 2194 majores,
2096 2129 2182 2179 sed
2198 2127 2569 2178 ad·currendum
2592 2127 2806 2191 pernices
2829 2125 3096 2189 validaeque
3115 2127 3406 2191 ad-pugnan-

1841 2220 1958 2268 dum
1972 2218 2006 2282 ,]
2031 2217 2256 2268 nexuosis
2273 2216 2498 2280 incapite
2519 2217 2716 2266 armatae
2730 2213 2972 2265 cornibus.

1842 2307 2008 2356 Robur
2023 2320 2165 2369 porro
2182 2305 2354 2355 ovibus
2377 2309 2454 2355 est
2475 2305 2526 2354 in
2545 2303 2680 2354 duris
2703 2303 2973 2365 stontibusg

1844 2405 1970 2455 saepe
1993 2406 2107 2442 vero
2129 2391 2463 2455 impetu-racto
2489 2391 2538 2439 in
2559 2390 2690 2440 silvis
2709 2393 3043 2454 postraverunt

1844 2461 1989 2532 etiam
2008 2495 2149 2544 apros
2167 2481 2406 2531 violentos
2428 2480 2482 2528 in
2497 2486 2623 2529 terra
2645 2479 2948 2542 palpitantes.
2999 2505 3002 2508 ·

1845 2570 2093 2621 Interdum
2116 2583 2231 2620 vero
2252 2567 2650 2619 in·sese-invioem
2668 2567 2948 2619 ex-adverso
2971 2569 3205 2618 irruentes

1846 2661 2055 2721 oertant;
2081 2659 2245 2720 ingens
2266 2670 2378 2707 vero
2396 2656 2457 2706 ad
2475 2657 2652 2706 coelum
2675 2655 2834 2718 fragor
2853 2659 3082 2718 penetrat.

1846 2752 2012 2810 Neque
2030 2747 2208 2796 evitare
2232 2745 2303 2794 l'as
2321 2749 2397 2794 est
2418 2744 2608 2794 hostem
2633 2743 2755 2804 illis,

1847 2835 1932 2884 sed
1957 2834 2206 2883 victoriam
2228 2831 2592 2882 alterum-alteri
2614 2829 2872 2880 concedere
2893 2829 3096 2882 immota
3116 2833 3196 2880 est
3213 2833 3410 2883 necessi·

1846 2928 1923 2973 tas
1935 2923 1970 2986 ‚]
1993 2924 2075 2972 aut
2095 2926 2334 2970 mortuum
2353 2921 2512 2983 jacere
2523 2936 2539 2982 ;
2563 2920 2673 2969 talis
2689 2920 2809 2982 ipsis
2833 2919 3075 2969 contentio
3096 2924 3368 2971 coena-est.

1849 3010 2155 3062 Silvestribus
2174 3008 2466 3072 vero-capris
2491 3012 2566 3057 est
2583 3008 2777 3070 quidam
2795 3020 2883 3070 per
2896 3007 3029 3070 ipsos
3045 3008 3224 3059 canalis
3244 3009 3410 3060 dentes

1850 3099 2007 3149 tenuis
2029 3097 2377 3161 respirationis,
2403 3108 2638 3145 cornuum
2654 3095 2878 3145 ln·medio
2891 3130 2906 3157 ‚
2931 3094 3060 3146 unde
3079 3095 3258 3147 deinde

1850 3187 1912 3237 ad
1935 3188 2092 3251 ipsum
2112 3200 2196 3235 cor
2212 3190 2262 3234 et
2286 3186 2536 3247 pulmonoe
2557 3190 2688 3233 recta
2709 3183 2955 3247 pervenlt3

1849 3276 1976 3338 quod
1993 3276 2032 3325 si
2048 3274 2156 3336 quis
2164 3272 2566 3335 capras-silvestris
2584 3272 2808 3321 cornibus
2825 3284 2982 3322 ceram
2997 3272 3356 3325 circumfuderit
3367 3310 3382 3335 ‚

1770 3358 1779 3367 ”
1850 3364 1897 3411 is
1917 3360 2026 3410 vitae
2050 3358 2366 3409 intercluserit
2381 3358 2486 3407 vias
2509 3357 2928 3421 respirationisqne
2947 3364 3150 3409 meatus.

1911 3448 2097 3498 Eximie
2114 3460 2230 3496 vero
2248 3449 2402 3496 mater
2423 3450 2615 3497 teneros
2631 3444 2791 3496 adhuc
2805 3445 3013 3497 infantes
3041 3514 3046 3519 .

1850 3550 1964 3587 suos
1981 3535 2157 3585 liberos
2174 3537 2337 3595 curat,
2357 3532 2408 3582 in
2429 3532 2562 3582 senio
2578 3537 2743 3583 contra
2763 3534 2966 3583 matrem
2984 3533 3141 3583 liberi.

1852 3622 2266 3685 Quemadmodum
2276 3626 2438 3672 autem
2449 3619 2668 3670 homines
2675 3623 2862 3684 patrem
2875 3618 3190 3683 prepeditum
3201 3619 3415 3670 unlestis

1852 3710 2110 3761 senectutis
2129 3710 2359 3770 vinculis,
2382 3708 2585 3773 pedibus
2607 3720 2803 3771 gravem
2818 3744 2833 3769 ,
2853 3706 3056 3759 artubus
3073 3720 3307 3769 curvum,

1852 3801 2057 3851 debilem
2077 3798 2298 3848 manibus
2311 3834 2326 3859 ,
2343 3796 2602 3847 tremulum
2620 3808 2843 3859 corpore,
2863 3796 2972 3847 visu
2991 3795 3271 3858 caligantem
3283 3832 3300 3859 ,

1852 3888 2384 3955 pietate-prosequentes
2419 3896 2609 3933 summo
2645 3884 2839 3931 omnino
2869 3882 3413 3947 amore-amplectuntur,

1853 3978 2106 4042 pensantes
2123 3986 2290 4024 curam
2314 3970 2858 4035 puerilis-nutricationis
2881 3970 3123 4030 molestae3

1855 4066 1924 4114 sic
1943 4075 2193 4128 caprarum
2212 4059 2348 4111 liberi
2364 4072 2502 4108 caros
2526 4059 2686 4107 fovent
2707 4060 2928 4121 parentes

1856 4166 1994 4203 senes
2005 4188 2020 4213 ‚
2045 4148 2236 4214 quando
2255 4146 2448 4197 vincula
2470 4144 2734 4209 suspiriosa
2751 4150 2884 4195 artus
2898 4145 3226 4207 constringunt

1854 4242 2018 4291 cibum
2042 4238 2235 4303 quidem
2257 4236 2476 4300 praebent
2497 4233 2766 4297 roscidum,
2791 4233 3040 4294 floridum,

1854 4330 2130 4393 decerptum
2151 4336 2260 4387 ore,
2279 4327 2447 4387 potum
2467 4335 2582 4372 vero
2599 4322 2738 4371 labiis
2755 4322 2993 4385 supremis

1854 4431 1918 4467 ex
1938 4416 2135 4466 flumine
2158 4413 2316 4463 ferunt
2329 4448 2344 4473 ,
2363 4410 2536 4461 hausta
2553 4410 2688 4472 nigra
2706 4422 2831 4473 aqua
2842 4444 2858 4471 ,

1855 4506 2016 4567 lingna
2037 4517 2152 4553 vero
2173 4501 2442 4552 ambientes
2465 4500 2622 4550 totum
2646 4510 2820 4561 corpus
2837 4494 3157 4560 splendidant.

1859 4593 2000 4652 Quod
2023 4593 2064 4642 si
2081 4591 2267 4655 laqueis
2290 4590 2443 4639 solam
2463 4592 2666 4637 matrem
2683 4584 2868 4649 cepada
2881 4621 2898 4646 ,

1860 4681 1986 4731 illico
2008 4680 2154 4729 etiam
2177 4676 2400 4727 manibus
2425 4674 2608 4739 ceperis
2627 4676 2822 4724 teneros
2845 4686 3022 4736 agnos;

1860 4770 1993 4819 illam
2015 4768 2144 4818 enim
2167 4766 2310 4829 putes
2332 4764 2510 4814 liberos
2528 4762 2690 4813 verbis
2707 4760 2873 4825 fugare
2885 4797 2901 4822 ,

1862 4856 2209 4920 supplicantem
2221 4852 2402 4903 talibus
2419 4850 2609 4901 elninus
2634 4849 2872 4901 balatibus
2897 4864 2910 4899 ε

1861 4945 2030 5005 Fugite
2053 4942 2170 4992 mihi
2183 4978 2197 4999 ,
2218 4940 2314 4990 cari
2336 4939 2478 4990 liberi
2489 4975 2504 5001 ,
2523 4938 2722 4989 hostiles
2737 4940 3017 4999 venatores,

1862 5047 1925 5082 ne
1943 5044 2019 5080 me
2038 5030 2257 5079 miseram
2280 5026 2449 5077 domiti
2467 5026 2633 5077 orbam
2657 5030 2856 5076 matrem
2880 5026 3114 5075 ciliciolis.

1863 5120 1995 5169 Talia
2013 5121 2184 5181 ipsam
2203 5114 2334 5177 loqui
2355 5115 2630 5175 existimes3
2655 5114 2745 5163 hos
2766 5120 2925 5164 autem
2945 5118 3128 5162 stantes
3145 5122 3308 5167 corun

1865 5208 2072 5271 primum
2096 5204 2290 5268 quidem
2313 5216 2483 5254 canere
2504 5202 2662 5253 flebile
2683 5214 2872 5251 carmen
2891 5204 3016 5251 circa
3039 5205 3267 5263 matrem,

1868 5285 1952 5335 sed
1973 5288 2137 5348 postea
2158 5280 2336 5347 profari
2354 5280 2534 5333 dixeris
2550 5281 2811 5332 humanam
2839 5293 3027 5342 vocem,
