3767 5825
1434 401 1950 554 ΦΙΑΗ

706 678 1124 773 ΣΤΙΧΟΙ
1204 680 1494 774 ΠΕΡΙ
1570 683 1931 778 ΖΩΩΝ
1997 683 2704 788 ΙΔΙΟἹῊΤΟΣ.

324 1050 529 1128 Ἐχρῆν
558 1044 653 1124 μὲν
680 1044 847 1123 Ἀδὰμ
871 1044 960 1105 τὸν
980 1045 1242 1126 γενάρχην
1269 1045 1355 1104 τὸν
1386 1044 1568 1126 μέγαν,

245 1133 343 1206 τὴν
374 1133 685 1206 δεσποτικὴν
712 1132 925 1206 ἐντολὴν
945 1132 1267 1212 δεδεγμένον,

238 1230 418 1304 τηρεῖν
444 1221 677 1305 καθαρὰν
699 1227 793 1295 τῆς
813 1225 987 1305 ψυχῆς
1011 1221 1106 1294 τὴν
1136 1221 1304 1295 ἀξίαν,

246 1311 341 1371 καὶ
366 1309 559 1392 θηρίων
574 1310 803 1392 ἄρχοντα
825 1309 1086 1370 παντοίων
1120 1309 1311 1388 με’νειν.

232 1399 393 1460 Ἐπεὶ
415 1399 471 1458 δὲ
494 1398 674 1482 φαγὼν
701 1404 791 1459 τοῦ
819 1397 969 1469 ξύλου
995 1403 1088 1472 τῆς
1104 1395 1343 1478 γνώσεως
1356 1441 1373 1472 ,

244 1485 384 1566 ἔγνω
408 1486 667 1568 παρευθὺς
691 1486 787 1558 τὴν
816 1485 973 1563 τιμὴν
988 1485 1335 1569 καθυὸρίσαςξ,

243 1575 441 1652 ἤμειψε
470 1575 561 1635 καὶ
587 1575 647 1636 τὸ
670 1580 855 1656 σχῆμα
875 1579 970 1647 τῆς
992 1573 1250 1652 ἐξουσίας,

254 1662 349 1722 καὶ
370 1667 521 1745 θῆρες
547 1664 719 1732 αἰδοῦς
746 1661 1089 1743 ἀγνοήσαντες
1114 1662 1302 1742 νόμους
1316 1709 1333 1736 ,

243 1755 317 1819 ὥς
344 1753 577 1829 δυσμενῆ
599 1749 842 1834 φεύγουσι
867 1749 955 1810 τὸν
982 1749 1105 1831 πρὶν
1129 1749 1402 1822 δεσπότην·

152 1859 199 1897 ιο
237 1837 329 1898 καὶ
356 1837 449 1912 τὸν
479 1838 693 1920 χαλινὸν
728 1837 1025 1906 ἐνδακόντες
1046 1843 1135 1897 τοῦ
1164 1838 1409 1920 κράτους,

246 1926 529 2008 ῥήσσουσιν
553 1924 639 1994 οὓς
664 1924 902 2008 ἔστεργον
928 1926 1123 1994 εὐνοίας
1165 1925 1409 2008 βρόχους,

240 2015 333 2073 καὶ
363 2017 493 2084 ζῶσι
528 2014 709 2074 λοιπὸν
736 2016 809 2082 εἰς
835 2014 1059 2096 ἐρήμους
1082 2019 1179 2094 γῆς
1205 2014 1409 2082 τόπους.

319 2101 473 2181 Ἐγὼ
495 2101 552 2162 δέ
574 2125 657 2162 σοι
681 2100 933 2184 θήρατρον
957 2102 1155 2170 εὐνοίας
1182 2101 1409 2176 πλέκων,

242 2191 448 2270 ἤνεγκα
473 2189 593 2257 τοὺς
619 2189 851 2272 φυγάδας
878 2189 932 2259 ἐξ
960 2189 1198 2271 ἐρημίας.

154 2298 200 2336 ιε
230 2281 341 2339 Σοῦ
374 2277 477 2360 γὰρ
504 2277 871 2346 ἀνατέλλοντος
896 2277 1046 2350 ἡλίου
1067 2278 1232 2352 δίκην,

138 4502 191 4540 ⁴0

141 4940 199 4979 ⁴5

236 2370 308 2434 ὣς
338 2356 459 2425 εἶπε
484 2364 650 2426 Δαυὶδ
672 2364 1017 2448 ζωγραφήσας
1041 2364 1136 2438 τὴν
1164 2363 1349 2438 κτίσιν,

238 2457 311 2521 εἷς
340 2452 581 2536 μάνδραν
606 2455 765 2535 ἐχρῆν
794 2454 1101 2534 συνδραμεῖν
1150 2452 1362 2520 τούτους
1376 2449 1563 2530 λόγων·

241 2541 337 2600 καὶ
360 2543 485 2601 λῖνα
508 2543 701 2623 ῥυθμοῦ
723 2544 971 2622 τεχνικῶς
1004 2541 1336 2623 ὗφαρμόσας,

240 2631 459 2690 πολλῶν
483 2633 733 2688 πετεινῶν
760 2631 819 2688 οὐ
841 2627 1176 2711 παρέδραμον
1203 2628 1395 2712 φύσεις·

239 2719 335 2777 καὶ
360 2716 539 2776 πάντα
569 2716 722 2797 βυθὸν
748 2716 1080 2798 ἐξερευνήσας
1101 2717 1267 2796 λόγῳ,

239 2805 503 2888 συνέσχον
526 2809 671 2886 ἰχθῦς
695 2811 763 2886 τῇ
784 2807 955 2886 πλοκῇ
979 2810 1073 2878 τῆς
1093 2805 1293 2875 λέξεως·

238 2899 310 2963 ὣς
334 2893 405 2954 ἂν
434 2893 573 2975 ἔχοις
601 2894 692 2954 καὶ
722 2900 920 2969 ταῦτα,
946 2899 1161 2955 κάκεῖνα
1193 2894 1426 2975 βλέποις,

234 2983 329 3042 καὶ
355 2982 529 3043 τᾶλλα
555 2982 734 3061 μαθὼν
764 2983 986 3063 εὖτυχῇς
1006 2984 1359 3065 αὐτοκράτωρ.

236 3071 407 3137 Ποῖος
430 3067 535 3150 γὰρ
564 3070 718 3137 ἄλλος
742 3071 1010 3150 προσφυὴς
1039 3072 1235 3148 μᾶλλον
1264 3070 1415 3152 φόρος

236 3157 459 3230 ἄνακτι,
485 3158 685 3239 πατρὸς
707 3158 1047 3238 Αὖσονάρχου
1075 3158 1307 3241 φιλτάτῳ
1316 3182 1335 3232 3

240 3237 301 3305 οὗ
328 3244 431 3317 τὴν
450 3248 687 3327 ὑπερφυῆ
709 3268 766 3305 τε
793 3245 883 3305 καὶ
906 3245 1053 3319 ξένην
1080 3247 1251 3327 φύσιν,

235 3334 335 3395 καὶ
356 3334 449 3395 τὸν
476 3336 797 3415 γλυκασμὸν,
820 3335 911 3395 καὶ
941 3334 1003 3395 τὸ
1028 3336 1156 3417 πρὸς
1176 3336 1351 3395 πάντα
1372 3334 1559 3417 κράτος
1576 3356 1603 3414 ,·

234 3424 333 3483 καὶ
360 3422 457 3483 τὸν
484 3422 789 3502 πλατυσμὸν
810 3428 904 3497 τῆς
930 3425 1102 3505 ψυχῆς
1116 3468 1133 3502 ,
1161 3421 1252 3483 καὶ
1279 3422 1367 3481 τὸν
1393 3422 1604 3505 τρόπον,

238 3515 489 3572 ὀκνοῦσιν
517 3515 691 3590 ὑμνεῖν
720 3515 769 3572 οἱ
792 3510 909 3571 κατ’
938 3510 1205 3593 ἄνθρωπον
1232 3511 1393 3591 λόγοι.

242 3603 399 3681 Nun&
421 3598 523 3680 γὰρ
546 3598 757 3673 αὐτοὺς,
781 3597 880 3659 κᾶν
908 3597 1088 3681 παρὼν
1114 3598 1297 3683 φράζοι
1324 3596 1551 3660 Πλάτων

234 3693 311 3755 ὡς
334 3687 581 3767 αἰγυπιὸς
608 3690 714 3755 τοῖς
736 3696 943 3769 πτεροῖς
965 3685 1060 3755 τὰς
1084 3686 1321 3766 ἐμπίδας.

234 3777 469 3837 Μᾶλλον
488 3774 543 3833 δὲ
565 3774 665 3834 κᾶν
693 3773 747 3834 ἓν
770 3778 953 3856 εὖρεθῇ
976 3774 1149 3835 πάντα
1177 3774 1376 3852 στόμα,

235 3863 489 3945 καὶπρὸς
512 3862 682 3942 λόγων
710 3862 923 3922 ἅπασαν
949 3862 1143 3945 ἀρκέσῃ
1173 3862 1350 3943 χάριν,

233 3956 513 4034 προσῆκον
534 3950 678 4010 οὐδὲν
706 3954 783 4031 τὶζι
806 3950 1006 4011 τεκόντι
1035 3973 1094 4010 σε
1122 3950 1331 4034 φράσει.

233 4044 331 4121 Τῇ
356 4037 462 4120 γὰρ
485 4042 657 4117 σιωπῇ
696 4043 875 4099 τοῦτον
906 4038 1125 4115 ὖμνήσει
1150 4039 1324 4111 πλέον,

238 4130 289 4186 εἰ
322 4125 405 4207 μὴ
428 4124 705 4207 θρασυνθὲν
735 4128 806 4193 εἰς
836 4124 1011 4192 κενοὺς
1033 4125 1146 4209 ᾅδει
1167 4124 1408 4193 κτύπους.

239 4212 409 4287 Πλὴν
432 4212 483 4273 εἴ
504 4238 559 4273 τι
583 4212 759 4275 καινὸν
782 4218 817 4285 ἡ
846 4212 1085 4293 διήγησις
1104 4211 1275 4296 φέροι,

233 4307 338 4375 τῆς
418 4299 571 4369 ’σεως
594 4301 685 4361 καὶ
714 4306 865 4361 τοῦτο
894 4307 989 4375 τῆς
1006 4300 1352 4383 πολυτρόπου·

232 4382 299 4463 ’ἧς
324 4413 359 4449 ο
382 4390 437 4447 δε
465 4392 640 4471 σαφῶς
658 4388 776 4457 τοὺς
794 4387 1118 4471 ἀποκρύφους
1132 4388 1315 4469 λόγους

234 4483 265 4539 ὃ
293 4476 395 4539 καὶ
418 4482 699 4559 προμηθῶς
725 4478 817 4537 καὶ
847 4482 1015 4560 σοφῶς
1034 4479 1207 4537 πάντα
1235 4477 1428 4543 κτίσας.

232 4565 415 4629 Ὀσον
442 4589 503 4647 γε
522 4566 627 4644 μὴν
660 4564 825 4625 ἔνεστι
844 4570 951 4634 τοῖς
970 4565 1139 4645 λόγοις
1159 4564 1337 4647 τέρας,

234 4660 341 4727 τῆς
372 4657 476 4714 τῶν
493 4655 735 4715 παλαιῶν
762 4660 913 4714 τοῦτο
936 4653 1249 4737 φιλοτιμίας·

236 4743 296 4812 ἐξ
321 4734 499 4823 ὅνπερ
522 4741 687 4823 εὑρὼν
707 4740 801 4810 τὰς
822 4742 1061 4824 ἀφορμὰς
1080 4746 1182 4801 τῶν
1204 4741 1397 4823 λόγων,

236 4832 337 4890 τὸν
364 4831 541 4905 εῑριιὸν
568 4830 862 4913 ὤργάνωσα
888 4836 981 4901 τῆς
1002 4829 1295 4912 εὐρυθμίας.

238 4916 487 4991 Ἕλλησι
512 4917 606 4997 μὲν
631 4918 733 5000 γὰρ
767 4926 872 4985 τοῖς
903 4926 1102 4999 σοφοῖς,
1130 4917 1221 4977 καὶ
1255 4916 1567 4999 βαρὸάροις,

235 5011 317 5075 ὣς
346 5007 676 5087 δημιουργοῖς
703 5005 792 5073 καὶ
823 5007 1080 5087 βραὸεῦσι
1104 5009 1211 5065 τῶν
1241 5005 1436 5083 μύθων,

237 5098 303 5155 οὗ
331 5095 572 5177 φορτικὸν
593 5094 655 5153 τὸ
677 5095 888 5176 ψεῦδος,
917 5094 1032 5153 ἀλλ’
1054 5091 1345 5153 ἀνεύθυνον·

238 5187 378 5262 ἡμῖν
396 5182 453 5243 δὲ
477 5182 638 5243 δεινὸν
662 5186 769 5250 τοῖς
789 5185 983 5259 τιμῶσι
1002 5181 1091 5242 τὸν
1117 5181 1292 5261 λόγον,

238 5270 303 5339 ὅς
332 5272 447 5333 ἔστι
470 5274 577 5354 φῶς
607 5269 803 5332 ἄνωθεν
824 5271 989 5331 ὠθοῦν
1009 5268 1070 5330 τὸ
1098 5268 1294 5339 σκότος.

426 5404 607 5443 mla„-

1839 1052 2099 1116 oportebat
2107 1051 2301 1115 quidem
2311 1050 2548 1102 Adamum
2557 1052 2741 1114 generis
2749 1043 2946 1103 humani
2965 1064 3188 1115 magnum
3207 1052 3330 1100 sato·

3179 1137 3299 1204 [rem
3311 1172 3326 1201 ι

1771 1139 1961 1192 Domini
1985 1141 2209 1191 mandato
2228 1143 2451 1204 accepto,

1772 1241 1962 1280 servare
1976 1228 2206 1291 integram
2224 1227 2373 1278 animi
2393 1228 2672 1291 dignitatem
2682 1264 2699 1291 ,

1771 1320 1819 1368 et
1841 1317 2118 1368 animalium
2139 1317 2498 1380 omnigenorum
2520 1331 2679 1380 regem
2701 1330 2910 1368 manere.

1771 1409 2028 1470 Postquam
2053 1419 2169 1457 vero
2194 1407 2404 1468 gustavit
2420 1405 2482 1456 de
2499 1405 2667 1456 arbore
2689 1405 2900 1456 scientim

1772 1495 2090 1558 cognovitque
2109 1495 2273 1545 statim
2291 1494 2522 1544 honorem
2545 1507 2600 1545 se
2617 1507 2761 1544 suum
2785 1493 3090 1558 proculcasse

1772 1585 1978 1634 mutavit
1998 1581 2144 1633 etiam
2171 1585 2394 1633 naturam
2412 1596 2514 1634 suae
2535 1581 2808 1648 potestatis,

1770 1673 1821 1721 et
1840 1672 1955 1722 seroe
1975 1670 2169 1735 pudoris
2191 1672 2319 1734 leges
2335 1685 2430 1722 non
2445 1671 2546 1734 jam
2569 1674 2879 1734 agnoscentes

1770 1759 1903 1808 velut
1923 1758 2112 1808 hostem
2129 1758 2317 1821 tugiunt
2341 1741 2592 1821 pristinum
2607 1758 2884 1819 dominum;

1772 1850 1821 1896 et
1842 1847 2032 1896 frenum
2054 1846 2238 1898 roboris
2261 1845 2533 1896 mordentes

1770 1935 2001 1996 rumpunt
2017 1933 2360 1985 benevolentiae
2383 1933 2600 1995 vincula,
2619 1911 2732 1998 qtfae
2749 1935 3030 1984 amaverant
3041 1970 3056 1995 ‚

1770 2023 1821 2072 et
1836 2020 2009 2072 vivunt
2023 2021 2076 2072 in
2097 2026 2341 2085 posterum
2357 2021 2408 2072 in
2431 2021 2633 2072 desertis
2654 2027 2794 2073 terroe.
2808 2022 3096 2084 regionibus·

1836 2113 1936 2172 Ego
1957 2112 2120 2160 autem
2143 2110 2230 2160 tibi
2251 2115 2352 2162 rete
2369 2110 2712 2162 benevolentia
2729 2113 2922 2162 nectens

1770 2197 1942 2248 reduxi
1967 2197 2155 2260 fugaces
2177 2211 2237 2248 ex
2260 2197 2466 2248 deserto.

1773 2288 1842 2336 Tc
1863 2284 1994 2336 enim
2014 2285 2198 2336 oriente
2213 2285 2328 2336 solis
2349 2285 2517 2351 instar,

1780 2377 1836 2422 ut
1852 2372 1976 2424 dixit
1995 2373 2147 2424 David
2171 2375 2370 2438 pingens
2387 2375 2694 2438 creationem,

1770 2460 1821 2510 in
1839 2464 2030 2524 septum
2052 2461 2308 2513 verborum
2329 2464 2584 2527 oportebat
2605 2477 2686 2515 eas
2705 2478 3016 2516 concurrere:

1771 2554 1820 2599 et
1839 2548 1938 2598 lina
1956 2551 2145 2600 numeri
2167 2551 2346 2601 affabre
2366 2552 2537 2602 texens

1770 2635 2030 2687 multarum
2051 2637 2216 2688 avium
2239 2638 2486 2702 diiigenter
2503 2639 2668 2690 notavi
2685 2642 2934 2703 naturam3

1769 2727 1819 2772 et
1834 2724 1987 2772 totum
2010 2722 2212 2774 fundum
2233 2723 2523 2788 investigans
2541 2729 2732 2789 mente,

1772 2809 1928 2874 pisces
1948 2811 2078 2874 coegi
2092 2812 2140 2862 in
2156 2817 2254 2864 rete
2274 2813 2534 2864 orationis:

1772 2903 1829 2950 ut
1846 2899 2094 2952 habeaset
2115 2901 2247 2963 haec,
2271 2904 2321 2953 et
2341 2902 2422 2953 illa
2437 2902 2625 2967 videas,

1771 2988 2024 3053 etreliqua
2041 3003 2127 3053 per
2145 2991 2408 3043 doctrinam
2429 2996 2714 3059 assequaris,
2740 3000 3022 3059 Imperator.

1772 3076 1918 3133 Quod
1935 3078 2061 3128 enim
2081 3079 2212 3131 aliud
2229 3082 2466 3132 tributum
2481 3084 2629 3141 magis
2646 3086 2900 3136 conveniat

1774 3164 1898 3227 regi,
1917 3164 2064 3228 patris
2082 3164 2130 3215 in
2148 3164 2358 3216 Ausonia
2379 3165 2619 3229 regnantis
2622 3165 2742 3229 fillo
2762 3167 3012 3217 carissimo
3023 3170 3045 3215 i·

1773 3256 1912 3319 cujus
1927 3256 2146 3305 eximiam
2166 3268 2222 3305 ac
2239 3267 2394 3305 raram
2417 3257 2634 3304 naturam
2648 3291 2664 3317 ,

1773 3346 1822 3393 et
1839 3345 2120 3395 suavitatem
2133 3382 2148 3407 ,
2174 3346 2224 3395 et
2242 3344 2456 3395 omnium
2476 3355 2638 3395 rerum
2654 3342 3026 3396 dominationem
3042 3382 3057 3407 ‚

1773 3434 1823 3480 et
1839 3430 1986 3480 animi
2009 3430 2380 3493 magnitudinem
2393 3468 2408 3494 ,
2426 3433 2476 3482 et
2495 3444 2652 3483 mores

1776 3530 1948 3567 canere
1971 3506 2183 3568 humana
2203 3518 2347 3569 verba
2363 3518 2601 3570 dubitant.

1773 3606 1937 3657 Vincit
1953 3606 2081 3657 enim
2101 3620 2158 3657 ea
2169 3641 2186 3669 ,
2204 3607 2395 3658 etiamsi
2411 3620 2628 3671 praesens
2640 3608 2774 3660 Plato
2795 3608 3088 3673 loqueretur,

1775 3696 1910 3746 velut
1930 3696 2094 3747 vultur
2110 3696 2274 3747 volatu
2293 3696 2471 3761 culices
2493 3710 2509 3747 ε

1774 3785 1925 3835 immo
1943 3784 1984 3835 si
2014 3784 2090 3835 vei
2107 3786 2284 3835 cuncta
2300 3798 2397 3835 ora
2418 3798 2572 3835 unum
2592 3799 2701 3837 esse
2716 3785 3042 3837 invenirentur
3063 3800 3146 3850 os,

1778 3873 1912 3937 quod
1933 3873 1995 3924 ad
2013 3887 2206 3924 omnem
2229 3872 2485 3923 verborum
2497 3873 2700 3935 gratiam
2723 3874 2964 3925 sufficeret
2976 3910 2992 3937 ,

1775 3962 1892 4011 nihii
1911 3964 1997 4013 tuo
2015 3963 2228 4025 genitore
2244 3961 2440 4025 dignum
2464 3962 2686 4026 proteret.

1776 4051 1977 4101 Silentio
1993 4051 2121 4101 enim
2140 4050 2268 4099 hune
2287 4049 2414 4099 dicet
2431 4049 2605 4100 meiius
2614 4086 2631 4111 ,

1776 4138 1817 4189 si
1840 4138 1959 4189 nihii
1981 4138 2110 4189 canit
2131 4138 2307 4188 elatum
2335 4140 2516 4189 temere
2537 4138 2588 4187 in
2610 4150 2761 4187 vanos
2781 4138 3029 4189 clamores.

1776 4229 2000 4277 Ceterum
2018 4225 2060 4277 si
2083 4226 2199 4289 quid
2219 4226 2332 4275 novi
2353 4225 2456 4277 iiaec
2474 4228 2681 4277 narratio
2704 4228 2848 4289 ferat,

1776 4316 1962 4364 naturas
1984 4313 2034 4363 id
2053 4312 2196 4363 etiam
2221 4314 2492 4363 multifariae
2515 4326 2706 4365 munus
2728 4317 2806 4365 est
2814 4328 2836 4372 ,-

1775 4401 1914 4465 eujus
1931 4400 2146 4452 occultas
2168 4412 2339 4451 causas
2361 4400 2482 4451 bene
2501 4400 2637 4450 novit

1776 4491 1859 4555 qui
1880 4494 1930 4541 et
1949 4490 2210 4554 prudenter
2234 4494 2284 4539 et
2307 4488 2546 4552 sapienter
2561 4488 2722 4539 omnia
2740 4488 2968 4539 condidit.

1777 4583 2022 4639 Quantum
2042 4590 2156 4629 sane
2175 4577 2284 4627 miri
2303 4578 2428 4627 inest
2446 4576 2522 4627 his
2540 4577 2842 4653 sermonibus
2853 4614 2870 4641 ,

1774 4667 1825 4717 id
1844 4666 2004 4719 studio
2031 4672 2245 4717 veterum
2269 4664 2497 4728 debetur3

1775 4770 1804 4805 e
1822 4756 1998 4819 quibus
2015 4758 2210 4818 sumpto
2236 4757 2517 4817 argumento
2538 4753 2768 4804 orationis

1776 4857 1954 4893 nexum
1973 4843 2252 4893 concinnavi
2273 4841 2486 4893 decentis
2504 4842 2663 4892 metri.

1776 4930 1958 4982 Graeris
1975 4932 2103 4981 enim
2123 4929 2442 4994 sapientibus,
2463 4932 2514 4979 et
2537 4928 2750 4979 barbaris
2763 4966 2778 4992 ,

1777 5026 1833 5070 ut
1854 5020 2180 5070 conditoribus
2202 5024 2252 5069 et
2270 5019 2460 5068 arbitris
2481 5018 2750 5067 fabularum
2765 5052 2782 5079 ,

1776 5122 1873 5157 non
1892 5107 2111 5158 dedecori
2129 5108 2202 5156 e'st
2225 5105 2527 5157 mendacium
2542 5142 2557 5167 ‚
2577 5106 2662 5157 sed
2687 5106 3001 5169 impunitum;

1776 5196 1916 5246 nobis
1935 5202 2096 5247 autem
2111 5198 2276 5260 turpe,
2299 5194 2626 5247 reverentibus
2647 5194 2860 5246 Verbum
2875 5231 2889 5256 ,

1778 5283 1910 5349 qnod
1933 5288 2011 5337 est
2025 5283 2110 5336 lux
2125 5282 2331 5349 desuper
2346 5282 2522 5335 tollens
2541 5278 2806 5346 caliginem.

2951 5416 3006 5460 19
