3767 5825
1108 429 1192 487 IN
1233 428 1692 490 ΜΑΝΕΤΗΟΝ.

149 558 264 635 493.
301 553 520 636 πρώτως
557 567 616 614 et
651 551 856 633 πλήρης
891 552 1001 611 Gn
1021 594 1039 623 ,
1071 552 1283 630 πρώτας
1304 565 1365 610 et
1391 551 1606 631 πλήρεις

85 666 188 706 nos.
210 645 274 703 Et
295 643 443 703 illud
463 642 586 721 jam
613 642 958 701 invenerant
977 641 1244 699 editores.

151 736 266 792 501.
293 730 483 811 πλήρει
499 729 588 789 ἐπὶ
607 729 785 810 κύκλῳ
811 728 920 787 GH
934 774 950 801 ,
974 727 1152 807 κύκλῳ
1170 728 1259 787 ἐπὶ
1275 728 1470 808 πλήρει
1489 728 1604 801 ed.,

81 824 164 882 sed
183 821 358 900 πλήρει
373 819 486 878 ἐπεὶ
509 818 711 899 κύκλῳ,
736 819 892 896 quod
917 838 1026 893 ego
1049 819 1314 895 reposui,
1345 819 1461 897 ipsi
1485 818 1610 877 edi·

83 925 212 973 tores
227 910 344 988 jam
372 906 803 988 proposuerunt
830 908 996 986 praes.
1035 928 1094 985 p.
1127 927 1219 965 xn
1240 920 1298 965 et
1319 928 1444 967 xm.

535 1207 759 1267 LIBER
802 1205 1156 1267 TERTIUS.

149 1376 536 1443 Argumentum
559 1389 578 1423 .·
601 1368 654 1424 ἐν
680 1364 826 1445 ἄλλῳ
845 1364 945 1423 τινὶ
965 1366 1068 1422 τῶν
1092 1363 1250 1434 edd.,
1273 1370 1431 1441 quod
1446 1371 1609 1421 inso-

78 1457 237 1515 lenter
254 1455 662 1535 explicandum
675 1466 826 1513 esset
841 1475 856 1511 2
881 1460 936 1509 t’n
956 1456 1072 1513 alio
1089 1473 1442 1528 quocumque.
1465 1452 1628 1509 Hinc·

75 1546 190 1603 dedi
218 1548 268 1601 ἐν
293 1541 454 1601 παντὶ
475 1544 578 1601 τῶν
622 1541 814 1601 ἄλλων.
845 1575 924 1585 -
945 1540 1008 1599 τὸ
1036 1564 1087 1601 τ.
1119 1542 1174 1597 ἀ.
1204 1538 1608 1615 ἀποτέλεσμα...

75 1631 402 1697 ἅπαλλᾶκτως
433 1629 738 1710 εὑρίσκομεν
771 1628 897 1687 ὄντα
931 1628 982 1686 G
999 1674 1016 1705 ‚
1045 1627 1172 1685 πότε
1201 1652 1248 1685 τ.
1277 1631 1328 1685 ἀ.
1357 1627 1613 1685 ἀποτελέ-

73 1742 233 1795 σματα
273 1722 328 1777 ἀ.
369 1722 478 1799 εὕρ.
509 1717 560 1778 ὄ.
590 1718 817 1777 emend.
864 1717 963 1774 AR
984 1760 1001 1789 ,
1035 1716 1133 1774 sed
1160 1715 1368 1774 melius
1391 1714 1450 1772 τὸ
1472 1736 1521 1775 τ.
1557 1718 1610 1774 ἀ.

73 1808 386 1882 ἀποτέλεσμα
421 1806 840 1888 ἀπαραλλάκτως
881 1804 1265 1894 εὑρισκόμενον,
1309 1804 1466 1881 quod
1509 1824 1616 1863 re-

73 1899 204 1975 cepi.
221 1933 292 1944 —
303 1896 364 1957 'A
373 1920 498 1975 ρεως
521 1896 611 1954 καὶ
629 1895 866 1966 Σελήνης
883 1895 1016 1954 edd.
1027 1938 1044 1971 ,
1066 1907 1270 1953 contra
1287 1897 1609 1954 veritatem.

69 1984 274 2065 Scripsi
303 1984 494 2047 Ἡλίου
519 1984 611 2043 καὶ
639 1982 893 2055 Σελήνης.

142 2074 230 2131 33.
269 2077 529 2152 πατρῇσιν
558 2070 659 2130 ὑπὸ
687 2071 824 2143 GH,
851 2074 1114 2151 πάτρῃσιν
1155 2069 1255 2129 ὑπὸ
1279 2071 1370 2130 ed.
1399 2091 1432 2129 e
1460 2091 1612 2130 corr.
1631 2132 1636 2135 ,

73 2162 114 2217 D
133 2163 244 2238 649
259 2207 276 2233 ,
301 2163 405 2239 qui
433 2163 604 2219 etiam
633 2162 833 2219 nescio
853 2181 958 2219 cur
975 2160 1325 2239 πραπίδεσσιν
1344 2158 1432 2218 ἔπι
1459 2160 1616 2237 conj.

68 2248 166 2307 Sed
197 2248 572 2308 scribendum
601 2248 778 2307 fuisse
805 2246 1039 2327 πάτρῃσί
1065 2245 1112 2303 τ’
1131 2246 1204 2305 ἐνὶ
1228 2248 1416 2306 miror
1433 2249 1617 2306 nemi-

67 2356 182 2394 nem
205 2337 424 2396 vidisse
451 2360 465 2394 z
496 2337 618 2397 vid.
645 2344 744 2407 74,
783 2357 913 2411 109,
944 2336 1079 2392 225.
1102 2334 1204 2407 vl,
1239 2337 1375 2394 365.

135 2426 228 2483 36.
260 2430 432 2483 ταῦτα
450 2424 581 2483 edd.
593 2470 609 2497 ‚
621 2423 789 2481 ταύτὰ
801 2442 929 2494 nos,
943 2424 1085 2499 quia
1099 2443 1215 2481 non
1229 2425 1492 2500 sequitur
1505 2424 1593 2482 καί
1602 2468 1613 2481 .

131 2522 221 2581 42.
253 2512 513 2583 κηδεστὰς
546 2513 676 2572 edd.
694 2556 711 2586 ,
738 2514 1016 2590 κηδεστῶνι
1038 2532 1175 2583 nos,
1201 2532 1276 2569 ex
1301 2513 1533 2573 emend.
1568 2515 1621 2572 D

66 2600 164 2657 315
193 2614 252 2661 et
280 2603 420 2677 649.

134 2689 228 2754 48.
268 2688 516 2747 Lacutm
534 2688 701 2763 signa
714 2707 826 2764 ego
845 2699 977 2745 ante
993 2686 1148 2745 hunc
1172 2707 1406 2747 versum
1429 2688 1619 2764 posui,

65 2778 150 2851 qui
173 2776 336 2835 nude
351 2820 368 2849 ,
393 2777 480 2834 uti
501 2775 822 2851 legebatur,
854 2777 1012 2833 omni
1031 2796 1202 2834 sensu
1222 2788 1397 2833 caret.
1427 2775 1623 2850 Neque

65 2861 200 2919 enim
219 2908 236 2935 ,
263 2862 414 2941 quid
433 2862 544 2922 sibi
565 2864 709 2922 velit
733 2862 952 2942 ἕσχατίῃ
974 2862 1189 2942 γενέθλη
1205 2908 1222 2940 ‚
1247 2876 1368 2921 tum
1393 2863 1620 2940 perspi·

65 2953 218 3022 citur,
247 2967 308 3011 et
331 2965 573 3031 propter
595 2952 988 3010 antecedentia
1019 2952 1211 3030 potius
1239 2951 1450 3031 ἀμέρδει
1488 2952 1623 3028 quis

65 3059 220 3113 quam
252 3041 444 3109 ὀπάζει
466 3043 908 3118 exspectaverit.
937 3040 1086 3098 Male
1105 3040 1156 3097 A
1178 3060 1250 3098 ex
1269 3038 1325 3096 11
1345 3083 1360 3110 ‚
1396 3039 1534 3112 425,
1557 3053 1626 3099 ut

65 3128 307 3200 videtur,
347 3129 514 3206 cujus
549 3129 664 3187 loci
705 3128 878 3205 plane
917 3129 1032 3186 alia
1074 3141 1160 3187 est
1200 3129 1381 3198 ratio,
1418 3127 1620 3205 ἠματίη

65 3217 320 3276 tentavit.
355 3215 484 3274 Non
512 3215 718 3274 dubito
747 3217 891 3294 quin
917 3218 1114 3294 plures
1145 3235 1350 3274 versus
1381 3217 1624 3274 interci-

65 3301 268 3375 ierint‚
297 3303 524 3381 quibus
543 3305 705 3363 aliud
727 3305 856 3382 ejus
889 3303 1345 3364 constellationis
1366 3305 1625 3362 testimo-

66 3391 206 3447 mium
251 3391 789 3462 demonstraverat,
839 3411 956 3470 quo
985 3405 1298 3470 apparente
1322 3389 1624 3466 prioribus

66 3476 252 3536 'iberis
296 3478 581 3536 omnibus
631 3478 956 3558 absumptis
999 3493 1096 3538 aut
1134 3478 1381 3557 perditis
1414 3483 1626 3534 ultimoe

66 3579 270 3623 antum
313 3571 474 3642 proli
511 3574 640 3624 vita
679 3581 736 3625 et
771 3569 950 3626 bonor
987 3571 1426 3644 portenderetur.
1471 3565 1624 3624 Illud

65 3653 270 3734 ἑσχατίῃ
293 3651 514 3732 γενέθλη
537 3654 778 3713 fortasse
801 3655 1059 3732 respexit
1077 3653 1336 3711 imitator
1353 3652 1452 3727 IV,
1481 3654 1621 3730 459,

65 3741 574 3823 ιούρη-τεχθήσεται
597 3743 930 3820 ἐσχατόωσα.

123 3831 218 3890 50.
258 3831 532 3889 Fortasse
557 3833 690 3908 quis
714 3833 982 3909 praeferat
1008 3829 1326 3912 Θαρσαλέους
1348 3829 1394 3888 τ’
1423 3827 1580 3910 ἔρδει.

120 3918 222 3976 55.
274 3919 384 3976 αἰεὶ
418 3919 580 3977 δῶκεν
613 3918 770 3990 edd.,
792 3919 902 3976 αἰὲν
931 3919 1120 3978 ἔδωκεν
1146 3939 1276 3979 nos.

121 4007 218 4079 57.
254 4030 317 4065 τε
349 4007 509 4076 edd.,
534 4005 588 4064 δὲ
618 4026 742 4065 nos.

117 4094 220 4153 58.
245 4093 415 4172 πάτρ’
436 4093 552 4170 ἐνὶμ
570 4095 622 4152 G
637 4140 654 4171 ‚
673 4094 831 4173 πάτρ’
860 4095 936 4154 ἐνὶ
957 4096 1026 4167 Η,
1056 4095 1216 4173 πατρὶ
1239 4095 1294 4152 ἐν
1317 4096 1434 4172 ed.,
1461 4095 1623 4155 hiatu

73 4183 192 4257 pud
215 4181 504 4241 Nostrum
533 4182 915 4254 intolerabili,
936 4205 1037 4263 περ
1058 4185 1134 4242 ἐνὶ
1159 4202 1265 4241 nos
1285 4203 1316 4240 e
1343 4184 1497 4261 conj.
1524 4187 1573 4240 Α
1602 4205 1616 4242 :

69 4269 104 4327 f.
138 4269 217 4327 VI
233 4313 252 4342 ,
295 4271 416 4337 485
445 4269 800 4348 ἇλίπλαγκτόν
827 4293 926 4352 περ
949 4269 1148 4344 ἔθηκεν.
1173 4272 1460 4329 Praeterea
1489 4283 1548 4329 et
1573 4271 1620 4328 R

65 4359 189 4435 onj.
205 4357 420 4436 πατρὸς
435 4359 508 4429 ἐν,
522 4372 581 4430 et
592 4359 803 4416 tentari
817 4373 1012 4437 posset
1026 4358 1171 4417 παῖδ’
1185 4360 1256 4418 ἐν.
1270 4359 1381 4416 Sed
1397 4374 1619 4418 utrum-

66 4465 148 4504 ·ue
177 4446 280 4504 illi
313 4445 782 4524 posthabuimus.

109 4537 215 4592 60.
266 4537 529 4611 γυναῖκας
568 4533 730 4612 edd.,
766 4533 1007 4612 γυναικὸς
1035 4556 1162 4596 nos.
1198 4537 1400 4594 Sermo
1429 4539 1583 4595 enim
1601 4581 1616 4608 ‚

69 4635 90 4677 t
114 4642 194 4680 ex
225 4620 520 4680 omnibus
541 4634 726 4700 patet,
751 4624 824 4682 de
840 4623 1124 4682 dedecore
1151 4625 1282 4682 viro
1305 4645 1340 4682 a
1359 4625 1620 4684 mulieris

65 4725 198 4769 me
221 4710 426 4769 illato.

103 4797 212 4856 65.
255 4819 360 4855 και
379 4795 568 4867 Θηκτὸν
589 4797 719 4857 edd.
727 4797 1006 4872 ,εὗθηκτον
1023 4820 1148 4871 nos,
1167 4801 1430 4878 quiahoc
1445 4823 1621 4862 versu

65 4885 278 4945 abitus
299 4873 772 4964 σωματοφυλάκων
791 4886 1163 4948 describitur.
1187 4889 1336 4947 Tum
1353 4893 1458 4948 vix
1477 4905 1622 4948 tem-

65 4993 248 5033 erare
277 4971 437 5030 mihi
460 4975 657 5052 potui,
681 4976 825 5053 quin
856 4996 963 5053 pro
988 4975 1069 5035 ἑὸν
1097 4977 1410 5035 scriberem
1437 4977 1535 5038 ἀεί.

99 5083 206 5134 70.
261 5059 364 5138 βίῃ
407 5061 535 5119 edd.
557 5107 573 5134 ‚
608 5059 758 5141 φίλης
801 5083 938 5136 nos,
986 5067 1126 5142 quia
1169 5065 1292 5122 haec
1329 5068 1618 5144 appositio

65 5163 238 5207 ›ntra
288 5147 609 5224 Epioorum
649 5168 816 5208 usum
857 5165 961 5209 est.
1005 5153 1270 5210 Poteram
1312 5155 1482 5211 etiam
1529 5156 1616 5236 βίῃ

65 5239 239 5318 >oapi-:2
297 5258 368 5293 τε
410 5236 610 5316 σιδήρῳ
658 5239 750 5297 vel
810 5239 896 5318 βίῃ
938 5243 1176 5320 κρυεροῖο
1229 5240 1465 5319 σ’δήρου,
1518 5245 1618 5303 sed

1737 430 2042 489 LIBRUM
2083 430 2195 490 ΠΙ.

1695 555 1842 612 illud
1887 568 1945 613 et
1972 555 2217 633 propius
2244 568 2397 626 erat,
2441 567 2501 613 et
2539 554 3051 615 commendabatur
3081 558 3261 617 simili

1697 663 1901 701 versus
1924 643 2319 702 modulatione
2347 641 2425 713 11,
2456 646 2563 718 193
2600 641 2843 714 ἧλαλιῆς
2860 642 3061 723 ἤμερσε
3086 646 3259 725 φίλης.

1697 730 1868 789 Nulla
1890 745 2077 791 autem
2100 733 2162 789 in
2191 750 2261 789 eo
2282 732 2531 789 offensio
2549 775 2565 804 ‚
2592 732 2752 809 quod
2771 734 3067 812 praecessit
3092 733 3265 815 φιλίης

1698 840 1874 878 versu
1900 821 2291 879 antecedente.

1786 930 1881 982 77.
1926 908 2040 974 ταῖς
2069 910 2114 965 δ’
2138 898 2253 966 αὖτ’
2279 907 2488 986 ἀλόχοις
2513 908 2673 979 edd.,
2698 910 2805 975 τοῖς
2838 910 2883 966 δ’
2916 900 3031 967 αὖτ’
3058 911 3267 991 ἀλόχων

1699 995 1852 1073 conj.
1880 996 2005 1069 AR,
2031 1016 2204 1073 quam
2223 997 2573 1075 perfecimus
2593 996 2902 1057 scribendo
2924 1000 3149 1077 ἐσθλῶν;
3170 1020 3265 1058 ne·

1699 1104 1812 1161 que
1829 1084 1985 1144 enim
2002 1089 2165 1143 bonoe
2184 1105 2316 1145 cum
2338 1084 2625 1146 uxoribus
2645 1088 2885 1165 nuptiae,
2917 1087 3018 1147 sed
3034 1108 3158 1146 cum
3178 1092 3271 1145 bo·

1699 1179 1787 1228 πίε
1809 1171 2095 1231 uxoribus
2117 1175 2338 1252 nuptia}
2360 1174 2619 1233 dicendae
2636 1186 2803 1234 erant
2830 1196 2844 1231 :
2872 1175 2947 1233 cf.
2965 1176 3039 1233 ad
3056 1197 3115 1233 v.
3139 1197 3160 1232 1
3177 1178 3266 1249 78.

1782 1262 1876 1320 80.
1912 1259 2113 1340 ἵδρυσε,
2136 1264 2239 1319 τῶν
2260 1262 2351 1320 καὶ
2376 1262 2452 1337 G,
2472 1259 2680 1339 ἵδρυσεν
2704 1261 2776 1333 Η,
2788 1263 2965 1342 -tapuc’
2983 1262 3036 1332 ἐξ
3053 1254 3125 1321 ὧν
3144 1263 3267 1334 ed.,

1703 1369 1808 1425 pro
1839 1370 1957 1427 quo
1987 1353 2038 1407 A
2061 1351 2236 1409 efiam
2261 1347 2469 1430 ἵδρυσεν
2498 1350 2589 1407 καὶ
2614 1352 2882 1410 tentavit.
2919 1351 3073 1411 Illud
3104 1372 3269 1410 oom-

1702 1437 1966 1495 mendari
1997 1438 2267 1496 videatur
2290 1437 2372 1511 11,
2400 1448 2513 1507 242
2545 1456 2636 1515 sq.

1825 1569 1909 1627 ἠδὲ
1932 1570 2011 1618 καὶ
2036 1569 2200 1634 ἄνδρας
2219 1569 2370 1631 ἔτευξε
2394 1569 2724 1633 γυναικείοισιν
2746 1570 2819 1619 ἐπ’
2838 1570 2983 1632 ἔργοις
2998 1608 3011 1629 ,

1826 1640 1872 1696 ἐξ
1892 1640 1958 1690 ὧν
1973 1642 2190 1704 χρήματα
2215 1642 2365 1691 πολλὰ
2381 1643 2462 1690 καὶ
2484 1641 2767 1706 εὐφροσύνην
2789 1641 2927 1705 πόρεν
2950 1642 3134 1701 ἐσθλήν.

3100 447 3260 493 XXXI

1705 1757 1815 1814 Sed
1829 1776 1904 1815 ex
1926 1776 1995 1815 eo
2017 1759 2149 1836 ipso
2172 1759 2303 1817 loco
2321 1771 2499 1835 patet,
2516 1757 2789 1817 Nostrum
2804 1778 3093 1817 metarum
3108 1770 3273 1837 repe-

1705 1848 1977 1904 titionum
2021 1867 2141 1906 non
2182 1867 2307 1907 esse
2350 1860 2657 1908 amantem.
2706 1850 2861 1907 Hinc
2897 1849 3147 1949 propius
3194 1849 3270 1907 ad

1704 1926 1994 2001 vulgatam
2035 1924 2227 2007 repud,
2267 1916 2311 2007 ᾧ
2344 1927 2433 1985 καὶ
2484 1928 2845 2006 scripsimus.
2877 1960 2960 1975 -
2981 1926 3069 1985 ἐπὶ
3110 1928 3272 2002 edd.,

1707 2030 1950 2092 prorsus
1971 2015 2197 2091 inepte3
2225 2014 2303 2074 ἰδὲ
2324 2035 2452 2077 nos.

1788 2105 1856 2161 81
1871 2149 1888 2163 .
1920 2102 2017 2163 ἐὼν
2040 2104 2169 2179 GH,
2190 2108 2289 2164 ἑῶν
2311 2105 2431 2179 ed.,
2450 2105 2610 2183 quod
2631 2125 2749 2165 non
2771 2106 2978 2184 placet,
3000 2108 3111 2165 etsi
3134 2109 3275 2167 novi

1705 2192 1854 2251 illud
1871 2192 2077 2263 Quinti
2095 2192 2274 2265 νηίδας
2288 2185 2365 2252 οἷο
2377 2192 2571 2271 γάμοιο
2591 2206 2651 2253 et
2668 2194 2801 2253 alia.
2820 2193 3063 2253 Videtur
3082 2193 3181 2253 ἐὼν
3200 2196 3275 2255 ab

1705 2280 1944 2341 bomine
1967 2281 2399 2341 inconsiderato
2424 2282 2716 2354 additum,
2742 2301 2923 2361 quum
2958 2286 3273 2360 genuinum

1706 2368 2047 2439 excidisset,
2077 2368 2135 2426 id
2165 2388 2307 2429 vero
2338 2368 2419 2429 ἀεὶ
2453 2370 2633 2443 ,ἣιὶοεο
2668 2392 2683 2429 z
2710 2370 2834 2430 vid.
2857 2369 2949 2445 11,
2981 2372 3117 2439 480.
3150 2370 3275 2449 111,

1712 2478 1810 2532 72,
1845 2458 1977 2517 105.
1999 2456 2109 2533 Vl,
2144 2467 2275 2527 114.

1789 2549 1889 2606 82.
1915 2545 2005 2604 καὶ
2030 2545 2083 2605 δὲ
2111 2547 2269 2618 edd.,
2296 2546 2387 2607 καί
2416 2572 2473 2607 τε
2497 2548 2580 2624 Η,
2608 2547 2703 2620 ἡδὲ
2725 2568 2851 2607 nos,
2874 2580 2956 2595 --
2982 2545 3161 2624 μέντοι
3188 2548 3275 2624 G,

1711 2633 1804 2710 μέν
1831 2658 1915 2693 τοι
1939 2636 2008 2707 Η,
2038 2633 2133 2709 μέν
2156 2657 2213 2694 τε
2240 2657 2349 2696 nos
2374 2657 2450 2696 ex
2477 2650 2779 2697 constante
2806 2638 3112 2716 scriptoris
3140 2659 3275 2712 usu,

1709 2724 1814 2801 qui
1843 2721 2019 2800 μέντοι
2039 2725 2271 2800 ignorat
2292 2744 2308 2785 ε
2332 2725 2454 2785 vid.
2474 2724 2567 2804 11,
2589 2728 2693 2797 64,
2724 2726 2859 2797 150,
2884 2734 3019 2793 412.
3047 2724 3159 2799 ΠΙ,
3182 2728 3277 2785 61.

1710 2809 1821 2887 vl,
1849 2812 1945 2871 63.

1792 2920 1891 2976 99.
1936 2896 2354 2979 ἀργυραμοιὸοὺς
2391 2900 2522 2961 edd.
2549 2944 2566 2973 ,
2597 2900 2769 2978 quasi
2798 2900 2911 2960 uni·
2930 2920 3176 2975 mensae,
3206 2902 3281 2962 de

1711 3006 1827 3066 qua
1843 2986 1945 3047 hic
1962 3008 2151 3046 sermo
2168 3032 2183 3062 ,
2210 2990 2383 3046 etiam
2406 2991 2481 3048 ad
2507 2989 2669 3047 aliud
2690 3008 2902 3050 munus
2922 2989 3151 3068 imponi
3174 3011 3277 3070 po·

1711 3076 1952 3135 tuerint.
1986 3075 2373 3134 Scribendum
2396 3077 2509 3136 fuit
2532 3074 2927 3156 ἀργυραμοιὸοὔ
2968 3098 2983 3134 :
3012 3079 3139 3145 vid.
3173 3099 3278 3139 su-

1711 3185 1818 3243 pra
1847 3163 1929 3237 ll,
1957 3166 2095 3223 256.
2128 3163 2226 3236 Vl,
2260 3166 2398 3226 361.

1798 3273 1928 3312 102.
1963 3252 2146 3333 σοφίην
2188 3253 2351 3328 edd.,
2381 3251 2563 3332 σοφίης
2590 3273 2697 3312 nos
2736 3273 2806 3320 ex
2854 3252 2948 3326 II,
2997 3255 3131 3330 296.
3166 3254 3279 3329 vl,

1715 3340 1851 3410 452.
1888 3373 1959 3384 -
1984 3363 2043 3399 τε
2064 3340 2226 3413 edd.,
2253 3336 2307 3397 δὲ
2330 3359 2473 3412 nos,
2494 3353 2560 3400 ut
2571 3359 2693 3419 Jam
2722 3342 2916 3400 voluit
2936 3341 3197 3402 Holsten.

1800 3451 1823 3486 1
1839 3451 1862 3487 1
1875 3432 1926 3487 3.
1956 3428 2033 3487 ἐνὶ
2052 3426 2229 3506 πάτρῃ
2249 3427 2406 3500 edd.,
2434 3430 2592 3503 quod
2613 3427 2713 3488 hic
2740 3430 2977 3507 quidem
2998 3431 3147 3490 mire
3166 3434 3279 3491 lan·

1714 3534 1862 3594 guet.
1894 3520 2126 3596 Neque,
2159 3519 2318 3577 unde
2346 3519 2466 3597 apti
2499 3520 2617 3578 sint
2639 3521 2921 3595 genitivi,
2951 3533 3073 3579 tum
3103 3523 3275 3580 intel-

1712 3607 1817 3683 ligi
1842 3621 2065 3686 potest3
2095 3607 2211 3664 nisi
2232 3605 2331 3665 hic
2350 3627 2616 3682 quoque,
2636 3621 2703 3666 ut
2730 3606 2815 3680 11,
2851 3610 2986 3681 278,
3014 3609 3089 3667 ad
3116 3611 3280 3685 geni-

1713 3695 1865 3753 tivos
1886 3695 2184 3773 qualitatis
2201 3696 2521 3772 confugias.
2544 3694 2715 3765 Quod
2736 3715 2913 3772 quum
2929 3715 3133 3775 parum
3156 3719 3282 3756 cre-

1712 3782 1896 3840 dibile
1924 3785 2033 3854 sit,
2065 3781 2138 3841 ἐνὶ
2178 3784 2355 3862 πάτρῃ
2383 3780 2482 3841 hic
2509 3782 2745 3860 quidem
2786 3803 2861 3841 ex
2886 3803 2946 3840 v.
2986 3803 3095 3858 109
3130 3786 3281 3843 irre-

1715 3871 1899 3946 psisse
1922 3871 2125 3941 credo,
2158 3882 2395 3928 extruso
2420 3871 2677 3947 genuino
2701 3869 3010 3929 vocabulo·
3039 3870 3106 3929 ld
3138 3891 3279 3932 vero

1713 3961 1818 4015 vix
1845 3958 2006 4016 aliud
2032 3977 2158 4017 esse
2186 3969 2443 4034 poterat,
2474 3976 2647 4034 quam
2679 3955 2902 4034 ἐπινοίη.
2926 3955 3082 4039 Usus
3104 3973 3191 4018 est
3209 3981 3280 4019 eo

1710 4047 1971 4103 imitator
1990 4044 2088 4116 lv,
2112 4045 2227 4102 262
2244 4067 2262 4116 3
2278 4044 2407 4122 ipse
2426 4056 2598 4123 poeta
2608 4056 2797 4102 autem
2815 4044 3117 4104 simillime
3138 4069 3281 4126 πρα-

1710 4133 1874 4190 πίδων
1904 4132 2092 4208 μανίην
2120 4130 2228 4205 VI,
2271 4131 2406 4205 557,
2447 4145 2506 4189 et
2532 4131 2808 4210 πραπίδων
2837 4130 2950 4191 νόον
2978 4131 3129 4192 ibid.
3162 4134 3275 4204 564

1710 4221 1880 4279 dixit.

1797 4317 1925 4375 124.
1952 4305 2016 4378 ἢν
2051 4307 2201 4380 edd.,
2230 4311 2274 4366 εἰ
2300 4327 2407 4366 nos
2441 4329 2453 4364 :
2485 4307 2611 4366 vid.
2646 4328 2843 4386 supra.
2871 4341 2952 4353 —
2986 4307 3083 4385 μὲν
3118 4309 3274 4382 edd.,

1712 4420 1799 4471 μιν
1825 4395 1876 4452 Η
1891 4440 1905 4467 ,
1930 4396 2087 4473 quod
2115 4398 2310 4475 recepi
2334 4397 2560 4473 fuitque
2580 4397 3001 4474 recipiendum,
3020 4399 3136 4457 nisi
3159 4398 3278 4456 vel-

1712 4484 1792 4542 les
1812 4497 1945 4562 post
1959 4505 2015 4543 v.
2050 4484 2158 4541 125
2180 4485 2443 4560 quaedam
2465 4484 2751 4544 excidisse
2764 4485 2838 4543 de
2856 4486 3052 4544 noxiis
3076 4486 3275 4558 stellis,

1709 4572 2195 4648 quemadmodum
2245 4586 2504 4647 utraeque
2550 4573 2743 4630 statim
2787 4594 2847 4634 v.
2899 4575 3008 4630 126
3054 4587 3113 4632 et
3162 4576 3273 4632 128

1709 4674 2107 4738 opponuntur.

1794 4749 1920 4807 130.
1944 4751 2141 4827 ἀφῆκεν
2166 4747 2323 4822 edd.,
2350 4750 2541 4829 ἐφῆκεν
2564 4768 2693 4808 nos.

1798 4858 1819 4893 1
1832 4838 1930 4894 32.
1966 4837 2108 4896 Post
2124 4836 2282 4896 hunc
2298 4855 2531 4895 versum
2550 4835 2953 4913 hujuscemodi
2967 4837 3147 4898 verba
3166 4859 3272 4898 ex-

1709 4925 1921 4984 cidisse
1948 4945 1961 4984 t

1830 5040 2017 5103 ἀστέρες
2040 5039 2165 5089 ὄσσα
2181 5039 2367 5088 τελοῦσι
2379 5076 2395 5101 ,
2412 5039 2511 5088 τάδ’
2535 5040 2706 5089 αὐτίκα
2726 5045 2807 5089 νῦν
2830 5043 3095 5102 καταλέξω,

1707 5169 1978 5215 constans
2002 5170 2185 5235 poetae
2210 5177 2349 5216 usus
2378 5157 2616 5216 evincit.
2644 5157 2775 5220 vid.
2809 5177 3010 5238 supra,
3038 5157 3144 5218 ubi
3168 5179 3269 5217 ar·-

1706 5259 2039 5322 gumentum
2065 5247 2359 5306 enarravi.
