3767 5825
487 364 560 416 54
1542 343 1994 405 ΘΕΟΚΡΙΤΟΥ
2038 342 2110 403 ΕΙ
2120 338 2453 402 Ammon
2493 341 2614 400 ΚΕ.

406 488 733 571 ιωλαοφόρου
760 487 805 546 δ’
828 485 1091 558 ἐπέδησαν
1112 484 1190 544 ὅθι
1216 481 1489 563 πρώτιστα
1510 480 1757 540 κελεύθου
1770 525 1788 552 ,

478 577 674 647 λεπτὴν
700 573 1077 656 καρπαλίμοισι
1104 569 1278 651 τρίὸον
1306 567 1459 629 ποσὶν
1485 567 1847 646 ἐξανύσαντες,

482 666 519 740 ἥ
546 673 611 745 ῥα
636 665 702 724 δι’
730 664 1062 739 ἀμπελεῶνος
1083 664 1189 718 ἀπὸ
1214 661 1458 736 σταθμῶν
1477 657 1756 718 τετάνυστο

486 753 598 814 οὔτι
627 753 746 824 λίην
773 750 1026 832 ἄρίσημος
1054 750 1107 807 ἐν
1130 746 1229 826 ὕλῃ
1258 746 1442 828 χλωρὰ
1469 746 1656 826 θεούσῃ
1674 770 1688 783 ·
1714 801 1719 806 ,

483 846 551 922 τῇ
578 841 670 919 μὲν
700 839 803 921 ἄρα
835 838 1103 918 προςέειπε
1131 836 1252 902 Διὸς
1277 835 1427 912 γόνον
1448 834 1683 916 ὗψίστοιο

412 928 695 1008 ιουΑὖγείω
723 927 866 1009 φίλος
886 924 991 992 υἱὸς
1018 925 1127 984 ἕθεν
1159 923 1467 1002 μετόπισθεν
1494 921 1638 981 ἰόντα
1652 966 1669 996 ,

487 1009 592 1090 ἦκα
622 1014 946 1095 παρακλίνας
969 1009 1199 1094 κεφαλὴν
1225 1009 1368 1070 κατὰ
1390 1008 1551 1080 δεξιὸν
1579 999 1741 1088 ὦμον·

568 1104 723 1177 ξεῖνε,
744 1101 913 1162 πάλαι
936 1099 1052 1160 τινὰ
1075 1099 1255 1179 πάγχυ
1278 1097 1423 1158 σέθεν
1452 1097 1572 1179 πέρι
1603 1103 1763 1176 μῦθον
1792 1095 2046 1170 ἀκούσας,

487 1201 556 1260 ὡς
583 1183 632 1251 εἷ
649 1213 775 1271 περ,
800 1189 1107 1271 σφετέρῃσιν
1135 1187 1211 1246 ἐνὶ
1238 1187 1389 1268 φρεσὶ
1420 1186 1682 1265 βάλλομαι
1711 1185 1846 1268 ἄρτι.

488 1281 643 1352 ἤλυθε
666 1278 767 1360 γὰρ
802 1276 1025 1355 στείχων
1050 1299 1129 1343 τις
1156 1277 1249 1333 ἀπ’
1270 1273 1483 1355 Ἄργεος
1514 1278 1583 1342 ὥς
1610 1274 1768 1352 μέσος
1797 1276 1968 1352 ἀκμῆς

415 1368 656 1430 ια’-ἐνθάδ’
682 1367 887 1447 Ἀχαιὸς
910 1363 1041 1446 ἀνὴρ
1066 1363 1281 1437 Ἑλίκης
1314 1363 1365 1432 ἐξ
1396 1364 1689 1444 ἀγχιάλοιο·

486 1460 541 1525 ὅς
573 1457 617 1539 ῥ’
644 1457 761 1528 ἤτοι
788 1455 997 1532 μυθεῖτο
1021 1452 1111 1512 καὶ
1141 1453 1193 1510 ἐν
1221 1451 1523 1510 πλεόνεσσιν
1552 1451 1799 1526 Ἐπειῶν,

490 1543 695 1604 οὕνεκεν
722 1541 963 1624 Ἀργείων
994 1564 1068 1607 τις
1102 1539 1213 1600 ἕθεν
1240 1539 1521 1622 παρεόντος
1541 1539 1755 1600 ὄλεσσεν

489 1633 683 1715 θηρίον,
719 1630 1017 1692 αἷνολέοντα
1034 1675 1050 1702 ,
1072 1628 1232 1688 κακὸν
1259 1628 1410 1709 τέρας
1437 1628 1776 1710 ἀγροιώταις,

491 1723 669 1793 κοίλην
702 1712 849 1780 α’ύλιν
875 1718 1063 1800 ἔχοντα
1090 1717 1211 1784 Διὸς
1237 1715 1465 1795 Νεμέοιο
1489 1720 1622 1798 παρ’
1650 1717 1838 1789 ἄλσος,

419 1814 587 1871 ιτοοῦκ
613 1802 708 1870 οἶδ’
738 1808 1020 1890 ἀτρεκέως,
1048 1805 1085 1878 ἢ
1112 1803 1325 1886 Ἄργεος
1352 1806 1405 1875 ἐξ
1431 1809 1589 1887 ἱεροῖο

493 1899 705 1960 αὐτόθεν
727 1897 763 1970 ἢ
786 1897 1018 1978 Τίρυνθα
1043 1894 1216 1973 νέμων
1242 1893 1394 1954 πόλιν
1420 1893 1485 1967 ἠὲ
1514 1895 1793 1968 Μυκήνην,

492 1993 561 2056 ὣς
582 1986 745 2053 κεῖνός
769 1989 821 2063 γ’
855 1983 1088 2066 ἀγόρευε·
1115 1983 1259 2063 γένος
1287 1981 1346 2042 δέ
1369 2007 1458 2061 μιν
1488 1974 1620 2043 εἶναι
1654 1983 1898 2065 ἔφασκεν,

496 2079 539 2136 εἰ
567 2075 706 2137 ἐτεόν
728 2097 826 2154 περ
855 2071 958 2150 ἐγὼ
992 2071 1391 2150 μιμνήσκομαι,
1423 2073 1485 2130 ἐκ
1512 2073 1775 2153 Περσῆος.

496 2166 725 2242 ἔλπομαι
752 2165 854 2242 οὐχ
880 2162 1051 2242 ἕτερον
1075 2161 1191 2220 τόδε
1219 2159 1477 2238 τλήμεναι
1509 2159 1814 2238 Αἰγιαλήων

424 2251 559 2326 ιτεήὶ
588 2253 679 2327 σε’,
707 2249 874 2332 δέρμα
900 2248 954 2308 δὲ
982 2249 1135 2330 θηρὸς
1158 2247 1481 2331 ἀριφραδέως
1508 2245 1742 2328 ἀγορεύει

494 2344 684 2423 χειρῶν
712 2337 963 2419 καρτερὸν
994 2337 1166 2419 ἔργον,
1194 2335 1228 2396 ὅ
1244 2359 1324 2397 τοι
1348 2335 1471 2418 περὶ
1500 2335 1703 2417 πλευρὰ
1730 2333 2006 2396 καλύπτει.

497 2429 600 2489 εἴπ’
629 2427 724 2506 ἄγε
754 2433 844 2486 νῦν
875 2448 963 2504 μοι
990 2429 1218 2507 πρῶτον,
1246 2423 1333 2482 ἶνα
1361 2423 1513 2502 γνώω
1540 2422 1678 2483 κατὰ
1703 2423 1887 2500 θυμόν,

502 2516 663 2598 ἥρως,
693 2515 786 2574 εἴτ’
817 2513 1019 2593 ἐτύμως
1045 2511 1371 2592 μαντεύομαι
1399 2510 1501 2569 εἴτε
1530 2510 1620 2569 καὶ
1642 2511 1782 2583 οὐκί,

501 2607 545 2664 εἶ
574 2604 637 2664 σύ
663 2605 711 2683 γ’
742 2605 931 2670 ἐκεῖνος
947 2647 962 2676 ,
987 2602 1042 2660 ὃν
1074 2601 1200 2679 ἡμὶν
1230 2599 1595 2659 ἀκουόντεσσιν
1627 2598 1793 2658 ἔειπεν

427 2690 585 2760 ιευοῦξ
613 2689 887 2760 Ἑλίκηθεν
916 2687 1123 2769 Ἀχαιός
1141 2733 1158 2760 ,
1188 2685 1291 2765 ἐγὼ
1318 2687 1375 2745 δέ
1404 2711 1463 2745 σε
1486 2686 1748 2768 φράζομαι
1776 2689 1956 2767 ὀρθῶς.

501 2778 614 2840 εἰπὲ
642 2781 708 2853 δ’,
732 2777 869 2845 ὅπως
889 2776 1035 2836 ὀλοὸν
1063 2775 1181 2835 τόδε
1209 2774 1383 2857 θηρίον
1409 2775 1563 2842 αὐτὸς
1588 2775 1799 2857 ἔπεφνες
1816 2819 1837 2856 ,

500 2867 680 2936 ὅππως
706 2865 753 2925 τ’
778 2864 986 2948 εὔυδρον
1016 2864 1227 2943 Νεμέης
1254 2861 1482 2937 εἰςήλυθε
1508 2865 1701 2945 χῶρον·

501 2960 557 3016 οὗ
591 2955 685 3034 μὲν
712 2954 815 3037 γάρ
840 2977 901 3014 κε
928 2954 1137 3014 τοσόνδε
1161 2952 1281 3012 κατ’
1306 2950 1494 3012 Ἀπίὸα
1522 2950 1789 3011 κνώδαλον
1820 2952 1986 3034 εὕροις

501 3045 715 3128 ἱμείρων
743 3045 914 3117 ἰδέειν,
942 3042 1055 3101 ἐπεὶ
1078 3044 1136 3101 οὗ
1169 3040 1316 3119 μάλα
1343 3041 1532 3112 τηλίκα
1559 3040 1736 3120 βόσκει
1752 3087 1769 3115 ,

429 3133 624 3192 ιειοάλλ’
654 3130 874 3213 ἄρκτους
900 3153 959 3189 τε
986 3128 1114 3197 σύας
1136 3152 1193 3188 τε
1216 3128 1385 3190 λύκων
1419 3131 1467 3189 τ’
1493 3128 1741 3210 ὀλοφώιον
1770 3129 1930 3209 ἔρνος.

501 3224 579 3301 τῷ
604 3217 695 3279 καὶ
723 3216 1081 3296 θαυμάζεσκον
1110 3216 1383 3282 ἀκούοντες
1408 3214 1526 3274 τότε
1552 3221 1733 3293 μῦθον·

504 3312 552 3368 οἱ
578 3306 636 3367 δέ
661 3331 722 3366 νυ
750 3306 842 3366 καὶ
867 3303 1148 3387 ψεύδεσθαι
1175 3304 1439 3384 ὁδοιπόρον
1473 3303 1611 3385 ἀνέρ’
1638 3303 1826 3386 ἔφαντο

504 3394 746 3474 γλώσσης
770 3392 1038 3475 μαψιδίοιο
1063 3391 1401 3472 χαριζόμενον
1430 3398 1732 3472 παρεοῦσιν.

586 3483 657 3551 ὣς
684 3480 844 3541 εἰπὼν
873 3480 1071 3559 μέσσης
1096 3478 1358 3559 ἐξηρώησε
1387 3478 1631 3539 κελεύθου

436 3570 749 3645 ιυυψυλεύς,
778 3570 912 3651 ὄφρα
943 3574 1138 3628 κιοῦσιν
1169 3567 1281 3644 ἅμα
1311 3568 1483 3650 σφίσιν
1514 3566 1689 3646 ἄρκιος
1712 3568 1792 3642 εἴη
1810 3615 1826 3643 ,

508 3660 600 3719 καί
624 3658 691 3742 ῥά
716 3680 776 3717 τε
802 3656 1034 3738 ῥηίτερον
1060 3654 1293 3737 φαμένου
1320 3656 1468 3715 κλύοι
1496 3656 1800 3737 Ἡρακλῆος
1816 3702 1831 3731 ,

511 3746 565 3815 ὅς
592 3770 681 3858 μιν
709 3745 1015 3827 ὁμαρτήσας
1036 3743 1162 3826 τοίῳ
1189 3744 1527 3826 προςελέξατο
1557 3743 1721 3826 μύθῳ·

590 3858 636 3895 ω
662 3832 939 3912 Αὖγηιάδη
956 3878 971 3907 ,
1000 3830 1061 3890 τὸ
1088 3831 1182 3909 μὲν
1210 3830 1321 3892 ὅττι
1349 3856 1416 3910 με
1438 3835 1645 3913 πρῶτον
1676 3833 1897 3916 ἀνήρευ,

513 3922 667 3991 αὖτὸς
695 3922 786 3982 καὶ
820 3920 967 4001 μάλα
997 3924 1110 4001 ῥεῖα
1140 3919 1278 3979 κατὰ
1306 3920 1545 4000 στάθμην
1574 3921 1806 3995 ἐνόησας.

440 4012 647 4095 ιεεῡάμφὶ
672 4010 727 4071 δέ
756 4034 839 4071 σοι
865 4009 932 4069 τὰ
962 4007 1161 4067 ἕκαστα
1189 4008 1395 4088 λέγοιμί
1421 4033 1481 4069 κε
1513 4011 1663 4069 τοῦδε
1690 4010 1955 4091 πελώρου,

512 4101 696 4166 ὅππως
728 4096 1022 4178 ἐκράανθεν,
1050 4096 1163 4157 ἐπεὶ
1189 4096 1430 4171 λελίησαι
1453 4097 1679 4174 ἀκούειν,

514 4189 689 4269 νόσφιν
712 4187 760 4267 γ’
792 4184 828 4257 ἢ
852 4184 964 4245 ὅθεν
988 4176 1129 4258 ἦλθε·
1152 4186 1212 4244 τὸ
1238 4186 1363 4267 γάρ,
1393 4185 1595 4247 πολέων
1621 4211 1721 4268 περ
1750 4188 1936 4249 ἐόντων

515 4275 775 4357 Ἀργείων,
798 4274 961 4342 οὐδείς
986 4298 1075 4333 κεν
1104 4274 1215 4354 ἔχοι
1239 4274 1381 4355 σάφα
1405 4276 1756 4353 μυθήσασθαι·

514 4356 617 4425 οἷον
642 4362 689 4423 δ’
715 4362 985 4423 ἀθανάτων
1010 4360 1109 4421 τιν’
1132 4361 1370 4440 ἐίσκομεν
1395 4364 1616 4445 ἀνδράσι
1642 4369 1797 4443 πῆμα

439 4455 644 4533 ;·.“ι)ἱρῶν
680 4451 974 4530 μηνίσαντα
998 4450 1391 4532 Φορωνείδῃσιν
1422 4454 1641 4534 ἐφεῖναι.

516 4538 715 4605 πάντας
741 4536 844 4619 γὰρ
867 4540 1087 4609 πεδιῆας
1111 4536 1401 4608 ἐπικλύζων
1430 4538 1664 4617 ποταμὸς
1691 4541 1761 4608 ὥς

519 4626 597 4694 λὶς
620 4625 813 4705 ἄμοτος
838 4623 1071 4707 κεράιζε,
1096 4625 1328 4703 μάλιστα
1357 4625 1412 4684 δὲ
1447 4627 1822 4708 Βεμὸιναίους,

519 4710 572 4775 οἶ
596 4712 707 4773 ἕθεν
732 4713 1010 4793 ἀγχίμολοι
1038 4716 1181 4774 ναῖον
1208 4712 1499 4795 πάσχοντες
1527 4715 1751 4789 ἄτλητα.

520 4800 608 4863 τὸν
636 4800 730 4880 μὲν
758 4801 877 4883 ἐμοὶ
904 4800 1175 4883 πρώτιστα
1198 4804 1363 4861 τελεῖν
1392 4802 1636 4875 ἐπέταξεν
1661 4804 1843 4866 ἄεθλον

446 4888 841 4972 εωΕὗρυσθεύς,
864 4898 1062 4949 κτεῖναι
1095 4889 1151 4949 δέ
1173 4894 1231 4968 μ’
1262 4891 1432 4973 ἐφίετο
1459 4893 1635 4975 θηρίον
1667 4894 1827 4954 αἷνόν.

524 4978 688 5059 αὐτὰρ
710 4976 815 5057 ἐγὼ
846 4978 1002 5060 κέρας
1022 4978 1176 5058 ὑγρὸν
1201 4978 1330 5038 ἑλὼν
1360 4980 1540 5053 κοίλην
1568 5004 1625 5039 τε
1656 4980 1912 5063 φαρέτρην

524 5067 616 5124 ἰῶν
639 5064 893 5143 ἐμπλείην
921 5063 1139 5143 νεόμην,
1166 5064 1377 5147 ἑτέρηφι
1404 5065 1460 5126 δὲ
1486 5066 1711 5148 βάκτρον

526 5152 775 5232 εὐπαγές,
798 5152 1101 5234 αὖτόφλοιον
1129 5152 1413 5233 ἐπηριφέος
1438 5154 1658 5213 κοτίνοιο

2130 495 2260 546 viam
2277 495 2438 544 autem
2457 491 2698 555 publicam
2715 490 2800 541 ubi
2817 489 3240 554 primumjngreoei
3257 490 3397 540 erant
3409 526 3424 551 ,

2127 584 2328 644 angusta
2345 579 2514 631 semita
2530 579 2773 630 velocibus
2789 577 2990 644 pedibm
3007 579 3222 629 confecta
3237 614 3254 638 ,

2131 684 2242 736 quoe
2257 683 2343 735 per
2359 670 2522 719 vineta
2537 681 2568 717 a
2583 667 2781 718 stabulis
2795 667 3017 731 porrecta
3041 667 3144 716 erat

2133 772 2232 808 non
2246 757 2506 808 admodum
2519 757 2776 818 conspicua
2791 755 2844 804 in
2859 753 2980 804 silva
2993 752 3235 804 viriditate
3253 752 3439 814 cinctu

2133 847 2201 897 ibi
2218 847 2361 910 igitur
2377 849 2406 897 J
2409 846 2513 895 ovis
2529 843 2747 894 altissimi
2763 842 2921 893 fllium
2938 842 3178 892 allocutus
3193 843 3268 892 est

2134 937 2300 999 Augiae
2322 933 2526 986 dilectus
2547 931 2674 982 filius
2691 933 2800 994 post
2817 943 2870 980 se
2885 929 3213 992 incedentem,

2134 1023 2386 1087 paululum
2401 1021 2629 1072 inclinato
2647 1020 2802 1082 capite
2817 1018 2870 1068 ln
2885 1018 3114 1068 dextrum
3130 1018 3418 1078 humerum;

2199 1109 2378 1172 amice,
2388 1112 2491 1170 jam
2506 1108 2623 1158 olim
2641 1106 2837 1158 omnino
2853 1105 2917 1156 de
2935 1107 2987 1156 te
3003 1105 3182 1156 famam
3204 1103 3424 1155 audilam
3435 1141 3452 1166 ,

2134 1199 2402 1261 utcumque
2417 1197 2482 1246 sis
2493 1233 2508 1258 ,
2527 1209 2656 1246 nunc
2671 1195 2834 1245 animo
2850 1207 2960 1244 meo
2977 1194 3156 1244 recolo.

2137 1284 2272 1336 venit
2289 1285 2421 1336 enim
2447 1284 2618 1349 aliquis
2643 1283 2888 1347 protectus
2907 1282 2972 1332 ab
2993 1282 3195 1346 Argisin
3217 1281 3376 1332 medio
3399 1282 3550 1331 aetatis
3571 1281 3658 1330 flore

2140 1376 2236 1425 huc
2253 1375 2456 1424 Achaeus
2473 1387 2538 1424 ex
2553 1373 2718 1424 Helice
2734 1371 2976 1422 maritima
2985 1387 3002 1434 ;

2140 1463 2439 1528 quiquidem
2455 1475 2569 1513 sane
2585 1461 2812 1511 narrabat
2827 1460 2972 1510 etiam
2989 1471 3153 1510 coram
3169 1459 3392 1522 pluribus
3407 1459 3565 1522 Epeis,

2145 1552 2372 1624 Argivum
2389 1549 2631 1614 quendam
2647 1547 2756 1613 ipso'
2765 1549 3003 1612 praesente
3023 1547 3318 1597 interfecisse

2145 1640 2320 1702 ieram,
2343 1651 2530 1690 saevnm
2545 1638 2762 1700 leonem,
2779 1635 2918 1688 triste
2934 1637 3208 1687 monstrum
3231 1635 3478 1698 agricolis,

2144 1741 2318 1778 cavum
2334 1727 2544 1777 lustrum
2559 1725 2817 1776 habentem
2837 1725 2888 1774 in
2910 1737 3108 1774 nemore
3123 1723 3258 1776 lovis
3274 1723 3444 1773 Ncmei
3459 1761 3475 1786 ,

2144 1830 2242 1867 non
2259 1817 2393 1866 carto
2409 1815 2508 1864 scio
2521 1851 2537 1876 ,
2565 1815 2734 1864 utrum
2749 1826 2815 1864 ex
2831 1817 2961 1876 Argo
2978 1825 3116 1862 sacro

2146 1905 2356 1956 indidem
2385 1906 2561 1954 ortum
2591 1915 2711 1953 cum
2743 1901 2961 1960 diceret,
2992 1913 3056 1951 an
3070 1901 3304 1963 Tirynthe
3329 1899 3610 1950 habitantem
3625 1913 3673 1948 an

2121 1998 2128 2006 '
2147 1997 2196 2046 Μ
2198 1991 2397 2058 ycenis‚]
2407 1993 2462 2041 ut
2471 1991 2552 2042 ille
2563 1990 2756 2054 quidem
2775 1989 2992 2052 dicebat3
3007 2001 3277 2053 genereque
3288 2003 3405 2039 eum
3419 2001 3516 2040 ense
3530 1989 3672 2048 aiebat,

2147 2083 2186 2134 si
2204 2084 2332 2132 recte
2349 2079 2548 2144 quidem
2566 2093 2653 2142 ego
2677 2077 2900 2142 memini,
2921 2091 2986 2129 ex
3007 2081 3198 2129 Perseo.

2148 2171 2354 2220 arbitror
2371 2182 2468 2219 non
2485 2168 2638 2218 alium
2655 2167 2749 2217 hoc
2765 2179 2941 2217 ausum
2957 2179 3061 2217 esse
3078 2165 3422 2229 AEglalensium

2150 2271 2298 2322 quam
2314 2260 2363 2308 te
2379 2275 2394 2318 ;
2413 2269 2526 2306 nam
2543 2255 2681 2320 pellis
2701 2253 2878 2305 beuuae
2900 2253 3154 2304 manifesto
3179 2252 3362 2303 indicat

2153 2359 2386 2396 manuum
2406 2345 2528 2394 sorte
2546 2357 2694 2407 opus,
2715 2356 2828 2406 quie
2848 2343 2940 2394 tibi
2955 2343 3109 2393 latera
3125 2342 3355 2404 contegit.

2151 2435 2229 2484 dic
2245 2447 2332 2497 aga
2351 2446 2484 2484 nunc
2500 2431 2620 2482 mihi
2642 2431 2854 2495 primum
2867 2467 2884 2494 ,
2906 2430 2994 2495 (ut
3013 2431 3180 2480 animo
3197 2443 3482 2494 cognoscam
3495 2467 3510 2492 ,

2151 2538 2182 2574 o
2205 2524 2371 2586 heros,
2396 2523 2563 2571 utrum
2584 2533 2756 2570 verum
2777 2533 2985 2583 augurer
3001 2533 3064 2569 an
3083 2533 3182 2570 non
3199 2520 3249 2582 ,)

2152 2615 2269 2660 tune
2289 2610 2368 2660 ille
2386 2623 2438 2660 ea
2449 2646 2464 2672 ,
2482 2609 2544 2659 de
2559 2622 2659 2672 quo
2677 2609 2814 2658 nobis
2837 2607 3142 2658 audientibus
3165 2607 3406 2658 referebat

2156 2699 2235 2751 ille
2251 2712 2316 2749 ex
2335 2698 2500 2749 Helice
2518 2697 2726 2749 Achaeus
2736 2734 2752 2759 ,
2776 2710 2958 2760 egoque
2973 2699 3105 2747 recte
3117 2698 3170 2746 te
3186 2696 3411 2758 coniecto

2155 2801 2296 2838 narra
2309 2824 2324 2850 ‚
2343 2787 2589 2850 quomodo
2607 2785 2851 2836 exitialem
2869 2785 2994 2835 hanc
3013 2786 3165 2835 ieram
3181 2786 3283 2848 ipse
3301 2783 3532 2834 occideris
3545 2820 3558 2843 ,

2155 2878 2204 2928 et
2221 2874 2467 2940 quomodo
2484 2876 2536 2925 in
2553 2887 2788 2938 aquosam
2804 2877 2997 2926 Nemeoe
3013 2873 3286 2938 pervenerit
3309 2873 3549 2937 regionem
3563 2887 3578 2933 ς

2156 2979 2252 3016 non
2266 2965 2394 3015 enim
2404 2978 2518 3015 sane
2529 2965 2680 3014 talem
2691 2964 2742 3013 in
2755 2964 3083 3027 Peloponneso
3095 2964 3312 3014 belluam
3323 2962 3538 3013 invenire
3550 2958 3688 3023 possis,

2155 3056 2196 3104 ai
2212 3054 2376 3105 videre
2393 3054 2556 3117 cupias
2567 3090 2582 3114 ‚
2601 3051 2992 3115 quandoquidem
3014 3063 3116 3100 non
3134 3050 3256 3100 taloe
3271 3050 3361 3100 alit
3371 3086 3388 3111 ,

2156 3142 2242 3192 sed
2259 3156 2395 3192 ursos
2411 3144 2462 3191 et
2477 3154 2617 3204 apros
2633 3142 2684 3190 et
2703 3139 3024 3203 perniciosum
3041 3138 3267 3203 luporum
3285 3152 3470 3189 semen.

2156 3233 2447 3294 quapropter
2459 3231 2606 3281 etiam
2627 3229 2948 3292 mirabantur,
2963 3228 3050 3292 qui
3063 3228 3220 3279 illum
3231 3230 3344 3278 tum
3357 3240 3614 3280 maionem
3627 3239 3691 3274 au·

2157 3318 2398 3383 diehant3]
2415 3318 2564 3380 aliqui
2587 3318 2732 3367 etiam
2755 3316 2947 3367 mentiri
2965 3316 3204 3367 viatorem
3220 3315 3452 3367 dicebant
3464 3355 3479 3378 ,

2158 3408 2242 3471 qui
2258 3420 2384 3456 vana
2399 3406 2562 3469 lingua
2579 3405 2926 3469 gratificaretur
2941 3404 3274 3471 praenimis.

2219 3495 2288 3545 sic
2307 3496 2499 3545 locutus
2515 3506 2544 3544 e
2561 3494 2722 3544 media
2736 3494 2941 3543 excoesit
2956 3493 3036 3542 via

2162 3583 2393 3647 Phyleus,
2425 3584 2482 3633 ut
2506 3582 2742 3632 ambobus
2761 3581 2906 3631 simul
2933 3578 3263 3629 incedentibus
3295 3578 3550 3629 commoda
3573 3582 3696 3635 oeset.

2161 3674 2210 3722 et
2227 3671 2413 3721 facilius
2429 3671 2687 3721 Herculem
2705 3670 2984 3732 loquentem
3001 3668 3253 3717 exauditet
3263 3706 3280 3731 ,

2161 3760 2245 3823 qui
2267 3773 2382 3810 eum
2399 3760 2594 3810 secutus
2609 3759 2686 3808 his
2704 3758 2862 3808 verbis
2878 3758 3122 3807 allocutus
3139 3758 3211 3806 est
3234 3776 3246 3805 ε

2222 3863 2253 3898 ο
2272 3848 2481 3911 Augiada
2493 3885 2509 3911 ,
2527 3846 2664 3912 quod
2679 3861 2758 3897 me
2780 3846 2990 3911 primum
3005 3844 3334 3908 interrogabas
3345 3885 3364 3909 ,

2165 3937 2257 3985 hoc
2273 3936 2374 3999 ipse
2391 3948 2623 3999 perquam
2643 3936 2784 3987 facile
2805 3936 2866 3985 ad
2887 3936 3119 3986 amussim
3137 3934 3454 3999 perpendisti.

2163 4027 2322 4074 dicam
2341 4038 2458 4075 vero
2476 4024 2566 4074 tibi
2584 4024 2770 4088 singula
2787 4024 2848 4074 de
2863 4024 2958 4074 hoc
2973 4026 3218 4087 monstro,

2163 4112 2408 4176 quomodo
2425 4098 2619 4177 peracta
2643 4112 2764 4177 sint,
2783 4112 3016 4175 quoniam
3032 4113 3169 4176 cupis
3185 4113 3356 4165 audire
3371 4152 3387 4177 ,

2164 4202 2486 4265 praeterquam
2503 4201 2634 4252 unde
2649 4202 2836 4251 venerit
2849 4218 2864 4263 3
2877 4201 2978 4251 hoc
2994 4202 3125 4251 enim
3137 4240 3154 4265 ,
3174 4204 3403 4267 quamvis
3423 4206 3562 4255 multi
3581 4204 3682 4259 sint.

2165 4290 2448 4352 Argivorum
2464 4303 2607 4340 nemo
2626 4290 2774 4353 possit
2791 4292 2922 4339 certo
2941 4289 3100 4341 dicere
3109 4306 3126 4353 ;

2164 4378 2498 4428 tantimimodo
2515 4378 2720 4428 deorum
2737 4378 2948 4442 aliquem
2973 4378 3259 4441 conjicimus
3275 4380 3470 4431 malum

2165 4467 2360 4529 propter
2381 4479 2516 4517 sacra
2536 4466 2715 4515 iratum
2732 4466 3116 4517 Phoronensibus
3131 4466 3414 4520 immismse.

2167 4566 2334 4604 omnes
2351 4554 2480 4605 enim
2497 4554 2712 4618 planitiei
2727 4554 2911 4605 incolas
2927 4568 3018 4605 ceu
3035 4555 3276 4606 inundans
3291 4556 3486 4607 fluvius

2167 4642 2244 4691 leo
2263 4642 2539 4692 insatiabilis
2553 4643 2806 4706 vastabat,
2825 4643 3136 4707 maximeque
3157 4644 3474 4697 Bembinaeos
3487 4684 3504 4708 ,

2167 4729 2252 4792 qui
2271 4742 2418 4794 prope
2445 4744 2556 4780 eum
2577 4730 2860 4782 habitabant
2875 4730 3190 4781 intolerabilia
3206 4732 3530 4796 perferentes.

2170 4817 2261 4867 hoc
2278 4817 2394 4866 mihi
2414 4818 2624 4880 primum
2642 4821 2886 4869 certamen
2905 4816 3250 4883 perficiendum
3269 4821 3596 4875 mandaverat

2173 4905 2465 4969 Eurystheus
2477 4943 2491 4967 ,
2517 4908 2566 4955 et
2587 4906 2854 4957 interficere
2870 4920 2950 4957 me
2963 4906 3105 4970 iussit
3121 4920 3305 4957 soevam
3323 4908 3560 4961 bestiam.

2170 4994 2332 5055 itaque
2355 5006 2442 5056 ego
2465 4995 2659 5057 sumpto
2677 4994 2874 5045 flexibili
2893 5009 3010 5045 arcu
3025 5008 3239 5059 cavaque
3263 4996 3512 5058 pharetra

2170 5080 2351 5142 sagittis
2367 5080 2508 5143 plena
2524 5081 2714 5131 abibam
2727 5119 2743 5143 ,
2763 5083 3010 5146 alteraque
3031 5096 3196 5133 mnu
3212 5085 3472 5145 aer-ebant
3489 5088 3656 5137 datam

2169 5166 2374 5217 somam
2425 5182 2522 5219 nna
2539 5183 2650 5219 cum
2669 5184 2756 5220 suo
2777 5172 2959 5223 cortice
2976 5184 3041 5223 ex
3057 5170 3184 5222 flexo
3201 5171 3426 5223 oleastm
3435 5211 3454 5238 ,
