3767 5825
534 373 606 426 δ’
1592 363 1797 425 ΘΕΟΚ
1807 360 2040 424 ΡῙΤΟΥ
2083 365 2492 428 ΕῙΔΥΛΛΙΟΝ
2539 367 2630 426 ΙΕ.

1080 492 1246 538 ml!
1284 490 1528 539 ᾸΟῙΔΟΣ.

455 563 780 636 εωδὲσποιν’,
804 563 839 620 ἃ
860 561 1069 640 Γολγώς
1096 587 1151 621 τε
1172 562 1261 621 καὶ
1280 563 1501 623 Ἰδάλιον
1527 563 1777 643 ἕφίλασας

531 650 767 709 αἰπεινάν
789 650 843 708 τ’
866 647 1121 731 Ἐρύκαν,
1150 652 1329 730 χρυσῷ
1350 649 1578 718 παίζοισ’
1602 650 1893 731 Ἀφροδίτα,

532 729 636 806 οἶόν
658 761 737 796 τοι
756 737 841 796 τὸν
881 735 1095 797 Ἄδωνιν
1126 737 1216 796 ἀπ’
1242 738 1429 796 ἀενάου
1460 737 1757 818 Ἀχέροντος

532 826 657 901 μηνὶ
686 825 993 906 δυωδεκάτῳ
1023 824 1411 902 μαλακαίποδες
1431 825 1627 903 ἄγαγον
1652 817 1841 906 ῗΩραι.

532 913 807 992 βάρδισται
833 914 1084 992 μακάρων
1110 903 1280 994 τΩραι
1302 912 1479 994 φίλαι,
1516 912 1652 971 ἀλλὰ
1675 912 1911 972 ποθειναί

453 999 769 1080 ιοῦέρχονται
791 1000 1043 1058 πάντεσσι
1076 1000 1273 1080 βροτοῖς
1294 999 1395 1058 αἰεί
1420 1023 1471 1058 τι
1498 1005 1773 1081 φορεῦσαι.

532 1088 708 1167 Κύπρι
731 1087 963 1150 Διωναία
980 1132 997 1162 ,
1022 1086 1085 1146 τὺ
1105 1086 1199 1163 μὲν
1225 1089 1489 1147 ἀθανάταν
1516 1087 1621 1146 ἀπὸ
1650 1094 1867 1159 θνατᾶς,

528 1175 810 1256 ἀνθρώπιον
836 1179 905 1243 ὥς
922 1180 1111 1253 μῦθος,
1132 1175 1380 1247 ἐποίησας
1408 1175 1685 1254 Βερενίκαν
1702 1222 1717 1248 ,

526 1263 818 1372 ἀμὸροσίαν
846 1265 897 1330 ἐς
928 1268 1114 1336 στῆθος
1140 1262 1481 1332 ἀποστάξασα
1512 1263 1752 1342 γυναικός
1770 1288 1783 1300 ·

523 1351 601 1409 τὶν
628 1350 681 1409 οὲ
697 1349 1039 1432 χαριζομένα,
1060 1348 1368 1426 πολυώνυμε
1392 1349 1485 1408 καὶ
1509 1351 1758 1426 πολύναε,
1794 1411 1803 1418 ,

448 1439 559 1496 11οᾶ
581 1437 879 1519 Βερενικεία
906 1437 1140 1517 θυγάτηρ
1170 1437 1361 1518 Ἑλένα
1389 1440 1555 1496 εἰκυῖα

525 1526 759 1606 Ἀρσινόα
778 1525 1029 1584 πάντεσσι
1048 1527 1226 1592 καλοῖς
1250 1525 1519 1584 ἀτιτάλλει
1548 1521 1785 1585 Ἄδωνιν.

522 1604 631 1686 πὰρ
656 1601 752 1680 μὲν
780 1605 824 1662 θ’
850 1603 983 1683 ὥρια
1004 1605 1172 1664 κεῖται
1194 1603 1292 1662 ὅσα
1321 1603 1469 1683 δρυὸς
1484 1603 1620 1682 ἄκρα
1645 1603 1887 1686 φέρονται
1902 1648 1919 1675 ,

522 1689 633 1770 πὰρ
656 1693 699 1748 δ’
724 1691 919 1749 ἁπαλοὶ
944 1700 1103 1750 κᾶποι
1132 1689 1517 1770 πεφυλαγμένοι
1544 1695 1597 1747 ἐν
1627 1691 1958 1772 ταλαρίσκοις

524 1776 814 1858 ἀργυρέοις,
845 1778 1022 1858 Συρίω
1049 1776 1103 1837 δὲ
1128 1777 1275 1858 μύρω
1300 1777 1481 1858 χρύσει
1510 1777 1839 1858 ἀλάὸαστρα,

450 1865 707 1926 ιιεεῖδατά
732 1865 776 1924 θ’
803 1864 936 1925 ὅσσα
963 1869 1201 1945 γυναῖκες
1234 1867 1320 1925 ἐπὶ
1346 1865 1597 1945 πλαθάνῳ
1624 1865 1893 1924 πονέονται

526 1954 681 2012 ἄνθεα
704 1955 974 2032 μίσγοισαι
1000 1955 1168 2034 λευκῷ
1190 1957 1395 2012 παντοῖ’
1421 1953 1513 2030 ἅμ’
1542 1953 1744 2032 ἀλεύρῳ
1760 1999 1777 2026 ,

523 2040 657 2098 ὅσσα
682 2039 728 2098 τ’
752 2039 857 2099 ἀπὸ
884 2043 1119 2121 γλυκερῶ
1144 2039 1350 2118 μέλιτος
1370 2040 1439 2100 τά
1464 2044 1513 2098 τ’
1536 2043 1589 2099 ἐν
1603 2044 1744 2120 ὑγρῷ
1771 2041 1958 2121 ἐλαίῳ,

521 2127 674 2186 πάντ’
698 2131 843 2210 αὐτῷ
866 2129 1093 2201 πετεηνὰ
1111 2129 1201 2188 καὶ
1230 2126 1421 2209 ἕρπετὰ
1442 2129 1577 2186 τεῖδε
1594 2128 1863 2207 πάρεστιν.

520 2213 727 2295 χλωραὶ
755 2215 810 2275 δὲ
832 2215 1041 2283 σκιάδες
1064 2219 1289 2296 μαλακῷ
1315 2217 1571 2297 βρίθοντες
1598 2216 1773 2296 ἀνήθῳ

448 2303 787 2381 ιωδέδμανθ’·
812 2308 861 2364 οἱ
889 2303 945 2362 δέ
960 2327 1020 2363 τε
1050 2308 1207 2385 κῶροι
1235 2307 1641 2384 ὓπερπωτῶνται
1663 2301 1918 2383 Ἔρωτες,

521 2383 618 2450 οἶοι
646 2391 949 2463 ἅηδονιδῆες
967 2390 1255 2468 ἀεξομένων
1279 2390 1366 2450 ἐπὶ
1389 2389 1609 2470 δένδρων

521 2483 797 2538 πωτῶνται
818 2481 1089 2560 πτερύγων
1115 2477 1425 2558 πειρώμενοι
1448 2477 1559 2546 ὄζον
1585 2477 1675 2536 ἀπ’
1704 2476 1827 2546 ὄζω.

524 2565 568 2626 ὦ
596 2565 767 2634 ἔὸενος
784 2611 800 2641 ,
824 2565 869 2626 ὦ
894 2567 1117 2648 χρυσός,
1145 2563 1190 2624 ὣ
1217 2569 1277 2625 ἐκ
1304 2569 1471 2625 λευκῶ
1500 2563 1775 2646 ἐλέφαντος

524 2655 686 2714 αἰετοὶ
714 2653 942 2734 οἰνοχόον
972 2653 1197 2734 Κρονίδα
1224 2653 1309 2714 Διὶ
1334 2655 1499 2712 παῖδα
1522 2653 1774 2734 φέροντες.

445 2743 798 2823 ηῡπορφύρεοι
829 2741 885 2800 δὲ
912 2741 1141 2814 τάπητες
1165 2741 1301 2815 ἄνω,
1327 2740 1692 2820 μαλακώτεροι
1719 2739 1895 2818 iim,

523 2831 557 2888 ἇ
576 2829 808 2898 Μίλατος
828 2832 937 2911 ἐρεῖ
958 2833 1041 2910 χὼ
1072 2828 1168 2888 τὰν
1192 2829 1403 2906 Σαμίαν
1433 2827 1799 2905 καταὸόσκων,

521 2920 777 3000 ἔστρωται
807 2918 957 2977 κλίνα
982 2922 1059 2999 τῷ
1088 2915 1320 2976 Ἀδώνιδι
1338 2920 1413 2998 τῷ
1440 2918 1589 2997 καλῷ
1622 2916 1785 2975 ἄλλω

518 3006 613 3065 τὰν
644 3005 737 3085 μὲν
768 3004 971 3085 Κύπρις
994 3004 1136 3083 ἔχει,
1166 3004 1259 3064 τὰν
1296 3005 1341 3063 δ’
1364 3008 1392 3063 ὁ
1418 3004 1705 3086 ῥοδόπαχυς
1732 3000 1972 3077 Ἄδωνις,

520 3092 958 3166 ὃκτωκαιδεκέτης
981 3091 1016 3163 ἢ
1042 3091 1393 3171 ἐννεακαίδεχ’
1426 3096 1455 3150 ὁ
1480 3090 1735 3172 γαμὸρός.

447 3185 577 3247 noo&
600 3185 769 3241 κεντεῖ
783 3180 843 3240 τὸ
866 3181 1049 3260 ‘paup’
1066 3223 1084 3256 ‚
1114 3178 1191 3239 ἔτι
1208 3180 1257 3240 οἱ
1282 3178 1403 3259 περὶ
1431 3179 1613 3258 χείλεα
1634 3177 1830 3259 πυῤῥά.

522 3276 611 3328 νῦν
639 3270 745 3347 μὰν
772 3268 977 3349 Κύπρις
1005 3265 1189 3347 ἔχοισα
1214 3267 1302 3326 τὸν
1331 3271 1492 3334 αὑτᾶς
1538 3264 1766 3346 χαιρέτω
1806 3266 1994 3346 ἄνδρα·

522 3360 686 3417 ἀῶθεν
708 3356 753 3416 δ’
782 3356 955 3435 ἄμμες
975 3378 1051 3414 νιν
1073 3355 1187 3431 ἁμᾶ
1215 3354 1383 3435 δρόσῳ
1410 3354 1591 3434 ἀθρόαι
1612 3352 1709 3421 ἔξω

522 3450 761 3523 οἰσεῧμες
779 3444 901 3502 ποτὶ
932 3440 1127 3519 κύματ’
1154 3440 1237 3501 ἐπ’
1260 3442 1392 3501 ἀιόνι
1418 3439 1649 3500 πτύοντα
1663 3484 1680 3513 ,

520 3532 748 3593 λύσασαι
775 3532 831 3591 δὲ
851 3530 1021 3607 κόμαν
1048 3529 1137 3588 καὶ
1162 3528 1247 3587 ἐπὶ
1273 3530 1441 3612 σφυρὰ
1463 3527 1653 3587 κόλπον
1682 3530 1886 3585 ἀνεῖσαι

445 3621 737 3693 ιωοτήθεσι
764 3615 1089 3701 φαινομένοις
1118 3618 1328 3696 λιγυρᾶς
1355 3612 1607 3695 &ph-'ipso’
1632 3615 1827 3679 ἀοιδᾶς.

609 3708 807 3788 ἕρπεις,
829 3696 875 3766 ὦ
901 3704 1010 3788 φίλ’
1033 3703 1251 3777 Ἄδωνι,
1280 3703 1371 3763 καὶ
1400 3702 1575 3762 ἐνθάδε
1604 3704 1709 3769 κείς
1737 3700 2008 3782 Ἀχέροντα

521 3794 772 3874 ἡμιθέων,
802 3794 871 3861 ὥς
897 3816 1079 3874 φαντι,
1112 3788 1425 3869 μονώτατος.
1454 3787 1557 3848 οὔτ’
1578 3788 1918 3866 Ἀγαμέμνων

520 3888 657 3945 τοῦτ’
689 3883 863 3960 ἔπαθ’,
893 3880 1000 3941 οὔτ’
1031 3879 1212 3947 Αἴαςδ
1235 3878 1397 3956 μέγας
1426 3876 1743 3958 βαρυμάνιος
1764 3876 1932 3955 ἥρως,

524 3972 629 4033 οὔθ’
651 3970 868 4050 Ἕκτωρ
898 3968 1139 4035 ‘Exulem
1166 3971 1193 4024 ὁ
1220 3968 1513 4047 γεραίτερος
1538 3964 1703 4024 είκοτι
1724 3964 1944 4036 παίδων,

448 4062 581 4125 ιεοοῦ
612 4059 955 4139 Πατροκλῆς,
983 4060 1041 4116 οὐ
1072 4055 1281 4136 Πύῤῥος
1306 4053 1413 4112 ἀπὸ
1433 4051 1629 4132 Τροίας
1662 4049 1977 4121 ἐπανελθών,

523 4147 627 4207 οὔθ’
651 4150 700 4205 οἱ
722 4146 800 4205 ἔτι
826 4144 1071 4225 πρότερον
1094 4140 1328 4202 Λαπίθαι
1349 4140 1439 4200 καὶ
1464 4137 1842 4209 Δευκαλίωνες,

522 4238 579 4294 οὔ
606 4234 979 4305 Πελοπηιαδᾶν
1007 4254 1066 4291 τε
1086 4229 1177 4289 καὶ
1197 4228 1408 4309 Ἄργεος
1436 4226 1571 4307 ἄκρα
1600 4223 1883 4303 Πελασγοί.

520 4322 665 4381 ἵλαθι
690 4327 797 4393 νῦν,
830 4321 936 4401 φίλ’
960 4314 1151 4379 Ἀδωνι
1166 4362 1183 4390 ,
1210 4317 1302 4375 καὶ
1326 4318 1376 4382 ἐς
1398 4313 1543 4374 νέωτ’
1569 4311 1899 4389 εὖθυμήσαις.

523 4410 614 4469 καὶ
639 4416 727 4467 νῦν
751 4401 928 4485 ἦνθες,
964 4403 1179 4479 Ἀδωνι,
1206 4402 1297 4463 καὶ
1328 4401 1440 4461 ὅκκ’
1472 4400 1663 4483 ἀφίκῃ,
1692 4399 1835 4481 φίλος
1861 4397 2013 4470 ἡξεῖς.

1183 4509 1405 4556 ΓΟΡΓΩ.

449 4587 815 4670 ηεΠραξινόα,
846 4587 906 4646 τὸ
928 4591 1113 4667 χρἱμα
1142 4582 1426 4664 σοφώτερον
1448 4580 1482 4638 ἆ
1515 4579 1715 4650 θήλεια.

522 4675 677 4737 ὄλὸία
693 4721 711 4751 ,
738 4674 870 4734 ὅσσα
898 4675 1071 4745 ἴσατι,
1097 4670 1387 4743 πανολὸία,
1413 4672 1483 4735 ὡς
1502 4666 1663 4747 γλυκὺ
1692 4667 1864 4745 φωνεῖ.

521 4762 635 4845 ὥρα
662 4762 803 4840 ὅμως
826 4765 930 4828 κείς
956 4752 1113 4820 οἶκον.
1139 4759 1410 4838 ἀνάριστος
1430 4752 1751 4818 Διοκλείδας.

523 4850 701 4935 χῶνὴρ
726 4850 834 4919 ὅξος
848 4849 1007 4921 ἅπαν,
1035 4857 1270 4905 πεινᾶντι
1298 4842 1352 4903 δὲ
1375 4842 1620 4921 μηδέποτ’
1652 4840 1817 4917 ἔνθῃς.

524 4944 678 5019 χαῖρε
694 4984 711 5017 ,
734 4938 901 4998 Ἄδων
931 4932 1169 5015 ἀγαπατέ
1185 4978 1201 5006 ,
1234 4932 1323 4991 καὶ
1345 4934 1393 4997 ἐς
1415 4928 1690 5009 χαίροντας
1710 4924 1888 5005 ἄφίκει

2797 507 2912 548 cau
2920 507 3088 549 τιτι.

2167 573 2360 624 domina
2377 611 2391 638 ,
2411 587 2522 638 quae
2541 576 2719 637 Golgos
2736 577 2785 624 ct
2805 575 3006 625 idalium
3027 576 3196 625 amasti

2169 661 2522 725 sublimemque
2541 666 2743 724 Erycem
2759 699 2774 725 ,
2789 675 2908 712 auro
2921 663 3092 712 lude-ns
3109 665 3274 712 Venus
3289 699 3304 724 ,

2169 749 2361 811 qualem
2380 749 2466 798 tibi
2489 748 2754 799 Adonidem
2774 763 2838 798 ex
2861 749 3054 811 perenni
3075 750 3339 799 Acheronte

2171 849 2334 886 mense
2358 836 2644 886 duodecimo
2659 835 2936 900 mollipedes
2955 839 3096 885 Horae
3114 836 3433 887 reduxerunt.

2167 923 2450 974 tardissima
2463 923 2665 974 dearum
2685 927 2828 974 llorae
2845 938 2970 972 (ωε-ω
2986 961 3000 986 ,
3016 923 3098 973 sed
3123 927 3362 986 exoptatoe

2170 1010 2370 1060 veniunt
2387 1011 2612 1060 omnibus
2631 1011 2904 1061 hominibus
2921 1024 3108 1072 semper
3125 1010 3304 1073 aliquid
3321 1015 3642 1073 apportante»
3659 1049 3670 1058 .

2177 1099 2352 1161 Cypria
2367 1135 2382 1160 ,
2405 1099 2569 1148 Diona>
2585 1098 2686 1148 filia
2701 1135 2715 1160 ,
2735 1100 2790 1148 tu
2809 1099 3132 1148 immortalem
3149 1112 3213 1147 ex
3229 1099 3447 1161 mortali,

2169 1185 2424 1235 hominum
2439 1187 2494 1236 ut
2506 1186 2636 1235 sama
2647 1189 2724 1236 est
2739 1223 2754 1248 ,
2774 1186 2923 1236 sociati
2947 1187 3204 1238 Berenicen
3216 1223 3232 1248 ,

2169 1273 2408 1324 ambrosia
2419 1274 2470 1324 in
2485 1277 2654 1337 pectus
2667 1273 2881 1324 mulieris
2892 1273 3130 1324 destillata
3147 1291 3162 1337 ;

2169 1375 2318 1424 quare
2335 1361 2424 1411 tibi
2449 1361 2720 1424 gratificans
2731 1399 2746 1424 ,
2765 1375 2798 1410 ο
2815 1362 2980 1412 multis
2995 1363 3270 1412 nominibus
3285 1363 3334 1413 et
3355 1361 3576 1412 delubris
3603 1364 3728 1412 cele·

2165 1449 2304 1499 brata
2317 1449 2360 1512 ,]
2377 1448 2625 1499 Berenices
2641 1449 2742 1499 fllia
2755 1486 2771 1511 ,
2793 1449 2986 1499 Helenae
3005 1449 3171 1500 similis
3183 1460 3225 1512 ,·

2165 1537 2362 1586 Arsinna
2375 1537 2596 1586 omnibus
2607 1536 2860 1586 decoribus
2877 1539 3018 1586 ornat
3035 1537 3319 1588 Adonidem.
3409 1557 3428 1570 ·

2161 1627 2301 1690 juxta
2318 1641 2435 1677 eum
2453 1628 2580 1678 enim
2607 1628 2784 1678 maturi
2806 1629 2968 1690 jacent
2995 1629 3235 1690 quotquot
3265 1626 3496 1676 arborum
3541 1627 3729 1675 fructus

2164 1715 2464 1780 nascuntur‚]
2477 1715 2620 1778 juxta
2635 1716 2804 1766 molles
2823 1716 2950 1765 horti
2967 1752 2981 1775 ‚
2995 1715 3166 1765 inclusi
3183 1715 3384 1764 calathis

2164 1805 2397 1866 argenteis
2413 1841 2427 1866 ,
2447 1806 2497 1853 et
2513 1817 2662 1854 aurea
2679 1804 2916 1856 alabastra
2934 1803 3056 1866 syrii
3075 1802 3304 1866 unguenti
3314 1803 3474 1865 plena
3487 1835 3506 1858 ‚

2164 1895 2214 1942 et
2229 1893 2462 1956 placentie
2479 1894 2718 1955 quotquot
2735 1892 2959 1942 mulieres
2973 1891 3026 1941 in
3043 1891 3278 1952 sartagine
3294 1890 3384 1940 sibi
3402 1893 3584 1953 parant
3601 1927 3616 1950 ,

2163 1994 2364 2030 succum
2383 1980 2555 2030 florum
2569 1981 2822 2030 miscentes
2833 1979 2990 2029 omnis
3001 1979 3184 2040 generis
3201 1991 3312 2026 cum
3331 1978 3442 2027 alba
3459 1979 3622 2026 farina
3637 2015 3652 2038 ‚

2164 2072 2214 2118 et
2231 2070 2468 2132 quotquot
2484 2081 2548 2118 ex
2568 2068 2696 2118 dulci
2709 2066 2852 2116 melle
2867 2070 2917 2116 et
2929 2067 2979 2115 in
2996 2065 3177 2128 liquido
3195 2066 3302 2114 oleo
3318 2102 3333 2128 ‚

2165 2169 2333 2206 omnes
2347 2155 2429 2206 12oe
2437 2155 2616 2218 placen
2625 2159 2690 2203 τω
2699 2154 2786 2216 ipsi
2797 2152 3050 2216 (Adonidi)
3061 2153 3140 2201 hic
3156 2151 3332 2201 adsunt
3345 2152 3394 2201 in
3411 2165 3528 2200 aves
3541 2155 3594 2201 et
3614 2165 3725 2214 qua-

2166 2243 2400 2306 drupedes
2409 2242 2646 2306 formatae]
2659 2240 2834 2291 viridia
2844 2243 3006 2290 autem
3019 2239 3314 2300 umbracula,
3329 2241 3460 2290 molli
3477 2243 3613 2288 tecta
3626 2253 3728 2287 ane-

2166 2331 2253 2380 tho
2264 2329 2300 2393 ,]
2319 2333 2594 2380 constructa
2610 2331 2751 2391 sunt;
2778 2341 2837 2378 ac
2853 2329 2992 2392 pueri
3014 2333 3214 2378 Amores
3225 2323 3578 2390 supervolitant
3591 2365 3607 2388 ,

2165 2421 2329 2482 quales
2343 2417 2652 2468 lusciniarum
2668 2417 2786 2480 pulli
2799 2418 2851 2467 in
2867 2420 2968 2467 cito
2986 2417 3309 2467 crescentibus
3325 2415 3574 2466 Adonidis
3587 2417 3730 2464 arbo-

2167 2505 2325 2571 ribus]
2362 2507 2591 2568 volitant,
2623 2506 2809 2555 alarum
2831 2505 3100 2568 periculum
3127 2505 3352 2554 facientes
3367 2541 3382 2567 ,
3405 2502 3465 2552 de
3499 2517 3644 2552 ramo
3677 2505 3737 2558 in.

2167 2593 2398 2658 ramum]
2430 2607 2460 2643 o
2478 2593 2710 2656 ebenum,
2735 2606 2765 2642 o
2789 2605 2990 2655 aurum,
3009 2606 3040 2641 o
3063 2605 3124 2641 ex
3143 2591 3346 2642 candido
3368 2591 3516 2641 ebore

2167 2683 2341 2746 aquilae
2359 2683 2685 2746 pocillatorem
2708 2683 2818 2732 ,lovi
2843 2681 3116 2732 saturnidae
3135 2694 3340 2744 puerum
3357 2679 3593 2730 ferentes!

2167 2783 2407 2834 purpurea
2429 2772 2593 2820 autem
2615 2769 2824 2832 stragula
2841 2774 3071 2832 superne,
3095 2767 3313 2818 molliora
3329 2781 3498 2816 somno
3512 2804 3527 2829 ‚

2169 2861 2231 2910 uc
2251 2860 2438 2909 Miletus
2458 2857 2586 2908 dicet
2603 2860 2653 2908 et
2668 2858 2752 2922 qui
2773 2861 2974 2908 samum
2991 2857 3229 2921 depascit,

2167 2949 2318 2997 strata
2335 2945 2528 2997 suntad
2549 2946 2730 2996 lectum
2753 2944 2955 2997 Adonidi
2973 2945 3141 3008 pulcro
3158 2944 3221 2993 ab
3239 2943 3331 2993 alia
3353 2946 3517 3007 parte;

2167 3035 2316 3097 cidus
2333 3034 2452 3084 lecti
2471 3046 2620 3083 unam
2633 3036 2820 3096 partem
2838 3032 3012 3095 cypria
3025 3033 3172 3093 tenet,
3188 3032 3387 3081 alteram
3403 3044 3568 3081 roseus
3589 3030 3720 3079 Ado·

2164 3123 2240 3172 nis
2251 3121 2287 3187 ,]
2306 3121 2472 3173 decem
2486 3124 2536 3172 et
2552 3124 2683 3184 octo,
2707 3122 2793 3170 aut
2805 3120 2970 3170 decem
2989 3124 3038 3169 et
3055 3133 3226 3169 novem
3247 3131 3480 3168 annorum
3497 3132 3724 3181 sponsus.

2167 3224 2264 3259 non
2286 3210 2458 3273 pungit
2479 3210 2702 3260 osculum
2719 3246 2735 3271 ‚
2759 3208 2922 3258 adhuc
2939 3208 3067 3257 labia
3091 3208 3135 3257 ei
3160 3207 3470 3257 circumcirca
3486 3205 3616 3255 nava

2165 3302 2288 3348 sum
2300 3297 2322 3362 ]
2335 3311 2466 3348 nunc
2485 3310 2599 3349 sane
2615 3296 2790 3360 cypria
2807 3296 2966 3345 virum
2989 3308 3134 3345 suum
3166 3298 3334 3345 teuens
3351 3294 3572 3354 laetetur;

2166 3386 2258 3435 sub
2279 3399 2504 3436 auroram
2521 3398 2610 3435 nos
2625 3397 2739 3435 eum
2756 3396 2870 3433 cum
2888 3396 2996 3433 rore
3013 3383 3284 3445 frequentes
3314 3383 3442 3432 roras

2167 3474 2419 3524 efferemus
2438 3473 2500 3523 ad
2523 3472 2698 3523 fluctus
2717 3472 2768 3521 in
2792 3472 2933 3522 litore
2955 3474 3257 3534 spumantes,

2167 3563 2410 3626 passisque
2426 3560 2638 3611 crinibus
2660 3562 2710 3610 et
2725 3560 2832 3609 sinu
2850 3558 2913 3608 ad
2927 3559 3052 3609 talos
3067 3558 3272 3608 demisso

2165 3648 2437 3712 pectoribus
2461 3648 2637 3712 apertis
2653 3660 2880 3698 sonorum
2896 3646 3178 3708 incipiamus
3195 3658 3406 3695 carmen.

2227 3748 2495 3797 commem,
2509 3750 2540 3785 o
2564 3749 2674 3785 care
2697 3734 2882 3796 Adoni,
2902 3737 2951 3783 et
2968 3734 3064 3783 huc
3082 3736 3131 3783 et
3148 3732 3210 3782 ad
3235 3732 3411 3783 inferos

2165 3832 2228 3868 ex
2277 3817 2500 3867 heroibus
2511 3852 2525 3879 ,
2565 3818 2620 3865 ut
2653 3815 2824 3865 dicunt
2837 3852 2852 3877 ,
2885 3814 3106 3863 omnibus
3135 3814 3284 3864 solus.
3317 3825 3476 3875 neque
3515 3816 3735 3875 Agame-4

2167 3904 2352 3969 mnoni]
2363 3905 2455 3953 hoc
2469 3902 2682 3966 contigit,
2691 3916 2847 3965 neque
2859 3901 2986 3963 AJaci
2998 3914 3169 3962 magno
3179 3902 3384 3963 graviter
3393 3900 3570 3950 furenti
3592 3902 3718 3951 heroi

2165 3989 2321 4053 neque
2339 3989 2531 4039 Hectori
2557 3986 2921 4037 honoratissimo
2947 3986 3114 4048 viginti
3136 3986 3396 4036 liberorum
3417 3986 3659 4047 Hecubae,

2164 4090 2262 4125 non
2281 4076 2498 4125 Patroclo
2511 4111 2526 4137 ,
2552 4087 2650 4123 non
2669 4073 2852 4136 Pyrrho
2867 4086 2898 4121 a
2922 4072 3064 4135 ija
3078 4085 3266 4121 reverso
3277 4108 3294 4135 ‚

2163 4170 2320 4221 neque
2341 4156 2398 4207 iis
2413 4156 2499 4220 qui
2525 4156 2704 4219 priores
2720 4155 2866 4204 etiam
2891 4154 3084 4204 ruerunt
3097 4189 3112 4214 ,
3141 4153 3355 4215 Lapithis
3387 4156 3436 4203 et
3459 4154 3712 4204 Deucalio-

2163 4244 2340 4309 nibu3‚]
2359 4258 2456 4294 non
2481 4242 2816 4305 Pelopidarum
2837 4244 2886 4291 et
2904 4248 3138 4304 Argorurn
3154 4241 3466 4305 primoribus,
3487 4243 3708 4304 Pelasgis.

2162 4330 2226 4379 sis
2237 4330 2339 4391 jam
2362 4327 2596 4392 propitius
2604 4362 2620 4389 ,
2643 4338 2753 4375 care
2771 4324 2942 4387 Adoni,
2961 4324 3072 4374 etin
3097 4324 3374 4386 proximum
3395 4337 3584 4375 annum
3607 4325 3712 4373 laeto

2162 4420 2323 4469 animo
2337 4416 2436 4481 sis]
2453 4418 2502 4467 et
2527 4429 2658 4465 nunc
2675 4418 2874 4464 amicus
2892 4411 3080 4473 venisti,
3105 4410 3274 4472 Adoni,
3295 4414 3346 4461 et
3359 4411 3555 4473 quando
3577 4410 3712 4461 redie

2835 4500 3049 4543 GORGO.
3198 4481 3310 4544 [riS‚
3335 4483 3524 4531 amicus
3537 4482 3707 4531 venies,

2165 4584 2428 4647 Praxinoa,
2447 4596 2524 4634 res
2552 4580 2739 4632 doctior
2763 4581 2838 4629 est
2857 4582 2968 4629 viro
2983 4578 3186 4627 feminal
3549 4568 3704 4635 [canit-

2161 4673 2302 4723 beata
2325 4675 2425 4733 est,
2445 4670 2574 4734 quod
2587 4672 2777 4719 tantum
2799 4666 2950 4727 novit,
2969 4664 3259 4725 beatissima,
3275 4660 3407 4724 quod
3419 4658 3490 4709 ita
3507 4658 3704 4709 sum-iles

2160 4765 2350 4824 tempus
2369 4762 2530 4809 tamen
2557 4760 2632 4807 est
2655 4756 2854 4806 domum
2871 4752 3426 4813 redeundi.impransus
3445 4744 3621 4796 adhuc
3640 4744 3706 4791 est

2161 4846 2440 4909 Diocli-las]
2453 4860 2510 4895 ac
2531 4846 2606 4894 vir
2625 4847 2700 4893 est
2723 4856 2909 4892 merum
2931 4836 3513 4901 acetum,etoeuriente1n
3529 4847 3592 4884 nc
3615 4844 3707 4880 um·

2161 4950 2306 5001 quam
2315 4932 2522 4997 adieris]
2535 4932 2714 4994 laetare,
2726 4930 2876 4983 Adoni
2889 4930 3074 4989 dilecte,
3087 4926 3230 4977 etiam
3239 4926 3299 4975 ad
3311 4926 3448 4974 loetos
3459 4924 3542 4971 ads
3555 4920 3705 4973 onisii.
