3767 5825
1150 455 1463 514 OPPlANI
1504 454 1605 515 DE
1647 451 2102 513 PISCATIONE
2145 449 2292 510 LIB.
2336 455 2387 514 Ι.

289 580 509 640 πολλάκι
536 582 584 640 δ’
608 581 835 658 ἠμάτιαι
862 583 1075 666 πέτραις
1099 584 1173 642 ἑνὶ
1196 585 1284 643 καὶ
1314 585 1629 666 ψαμάθοισιν

290 670 493 744 εὔκηλοι
516 671 761 750 μίμνουσι
791 673 882 732 καὶ
908 673 1087 742 ἔξαλον
1114 673 1270 733 ὕπνον
1298 674 1495 755 ἔχουσι.
1596 679 1733 756 [ταν

360 769 461 825 Ζεῦ
484 765 683 844 πάτερ,
710 770 761 834 ἐς
783 765 838 823 δὲ
861 765 919 824 σὲ
937 766 1111 825 πάντα
1132 767 1222 826 καὶ
1245 771 1305 827 ἐκ
1324 769 1467 828 σέθεν
1492 767 1731 849 ἐρρίζων-

209 879 278 920 ιιο
292 859 381 919 εἶτ’
408 851 499 920 οὗν
522 861 719 940 αἰθέρος
740 852 879 920 οἷκον
902 861 1207 945 ὑπέρτατον,
1238 865 1329 923 εἴτ’
1355 863 1458 946 ἄρα
1481 864 1651 938 πάντη

290 955 558 1024 ναιετάεις·
584 963 754 1037 θνητῷ
778 958 880 1039 γὰρ
912 959 1181 1040 ἀμήχανον
1210 959 1529 1038 ἐξονομῆναι.

288 1051 386 1133 Οἵῃ
410 1051 503 1112 σὺν
526 1054 763 1136 φιλότητι
783 1057 1044 1138 διακρίνας
1068 1058 1349 1124 ἐκέδασσας

288 1149 459 1231 αἰθέρα
482 1153 529 1209 τ’
550 1151 831 1229 αἰγλήεντα
861 1153 951 1212 καὶ
977 1153 1109 1235 ἠέρα
1132 1155 1220 1213 καὶ
1247 1153 1405 1233 χυτὸν
1432 1153 1569 1234 ὕδωρ

286 1246 369 1303 καὶ
385 1246 548 1326 χθόνα
562 1249 959 1328 παμμήτειραν,
976 1254 1069 1309 ἀπ’
1090 1252 1331 1324 ἀλλήλων
1350 1250 1407 1310 δέ
1419 1251 1463 1309 τ’
1481 1251 1702 1317 ἔνασσκς
1714 1274 1728 1289 ·

202 1355 269 1396 ⁴15
284 1337 451 1394 πάντα
479 1337 524 1396 δ’
552 1339 607 1394 ἐν
636 1338 940 1410 ἀλλήλοισιν
964 1340 1319 1420 ὁμοφροσύνης
1348 1343 1447 1400 ὑπὸ
1472 1344 1648 1422 δεσμῷ

291 1424 528 1506 ἃῤῥήκτῳ
554 1424 867 1498 συνέδησας,
896 1427 1155 1508 ἀναγκαίη
1182 1428 1226 1487 δ’
1251 1427 1516 1510 ε’πέρεισας

288 1514 522 1593 α’στεμφῆ
550 1513 831 1592 πάγκοινον
858 1513 956 1573 ὑπὸ
984 1513 1161 1594 ζυγόν·
1190 1515 1307 1575 οὔτε
1335 1516 1437 1598 γὰρ
1468 1519 1619 1600 αἰθὴρ

290 1600 449 1682 ἠέρος,
478 1599 586 1660 οὔτ’
614 1601 717 1685 ἀὴρ
744 1601 869 1685 ἄτερ
896 1601 1109 1676 ὕδατος,
1144 1603 1262 1664 οὑδὲ
1282 1603 1377 1684 μὲν
1404 1605 1542 1688 ὕδωρ

284 1689 429 1766 γαίης
450 1689 604 1770 νόσφι
627 1689 900 1765 τέτυκται,
927 1693 980 1749 ἐν
1006 1691 1252 1764 ἀλλήλοις
1280 1691 1336 1753 δὲ
1367 1693 1581 1777 φύονται
1599 1721 1611 1732 ·

204 1799 270 1837 ιιο
284 1777 446 1837 πάντα
462 1779 508 1836 δ’
526 1778 642 1839 ὁδὸν
663 1778 789 1857 μίαν
807 1771 909 1839 εἶσι
921 1824 936 1853 ,
953 1778 1077 1853 μίαν
1100 1781 1143 1838 δ’
1163 1781 1451 1841 ἀνελίσσεθ
1476 1783 1718 1862 ἀμοιὸήν·

277 1865 485 1926 τοῦνεκα
511 1867 601 1928 καὶ
630 1866 839 1950 ξυνῇσιν
866 1869 1181 1950 ὁμηρεύουσι
1202 1868 1465 1949 γενέθλαις

287 1953 541 2032 ἄμφιὸίων
554 1978 567 1992 ·
596 1955 687 2014 καὶ
712 1953 793 2013 τοὶ
816 1953 913 2033 μὲν
941 1955 1303 2037 ἀναστείχουσ’
1331 1958 1417 2017 ἐπὶ
1445 1961 1600 2039 γαῖαν

287 2040 539 2113 ποντόθεν,
570 2040 719 2102 ἄλλοι
746 2041 793 2100 δ’
822 2035 947 2102 αῧτε
974 2047 1095 2102 κατ’
1129 2043 1280 2126 ἠέρος
1308 2046 1591 2128 ἀμφιτρίτῃ

288 2127 579 2207 μίσγονται,
608 2129 790 2211 κοῦφοί
810 2155 867 2189 τε
896 2130 1047 2211 λάροι
1076 2131 1351 2192 στονόεντά
1374 2157 1435 2194 τε
1461 2138 1599 2217 φ’ὗλα

202 2237 267 2274 iss
282 2216 534 2276 ἁλκυόνων
563 2217 807 2298 κρατεροί
833 2219 877 2278 θ’
905 2217 1156 2278 ἅλιαίετοι
1184 2221 1540 2302 ἁρπακτῆρες,

286 2305 413 2364 ἄλλα
440 2306 484 2364 θ’
513 2305 593 2364 ὅσ’
616 2305 807 2386 ἶχθυάα
834 2307 1006 2387 διερῆς
1026 2307 1069 2365 τ’
1096 2307 1437 2368 ἓπιὸάλλεται
1466 2309 1647 2393 ἄγρης.

287 2393 444 2474 Ἠέρα
472 2394 518 2452 δ’
548 2385 617 2453 αὗ
642 2393 887 2472 τέμνουσι
908 2395 999 2454 καὶ
1030 2391 1240 2455 εἰνάλιοί
1267 2420 1367 2478 περ
1394 2397 1559 2466 ἐόντες

288 2480 497 2548 τευθίδες
522 2481 719 2561 ἰρήκων
744 2505 801 2540 τε
828 2479 974 2560 γένος
998 2483 1147 2562 βυθίη
1176 2509 1233 2542 τε
1255 2483 1503 2564 χελιδών·

288 2567 333 2626 οἳ
349 2568 394 2626 δ’
418 2567 501 2626 ὅτε
528 2568 867 2650 ταρὸήσωσιν
893 2569 1171 2652 ὑπέρτερον
1195 2572 1403 2648 ἐγγύθεν
1436 2573 1599 2653 ἰχθὺν,

204 2675 269 2714 m
283 2655 329 2724 ἐξ
357 2657 475 2724 ἁλὸς
500 2657 856 2738 ἀνθρώσκουσι
878 2658 969 2716 καὶ
990 2658 1155 2741 ἠέριοι
1177 2659 1471 2719 ποτέονται·

290 2747 397 2803 ἀλλ’
426 2747 481 2804 αἲ
512 2743 606 2824 μὲν
626 2745 718 2803 καὶ
745 2747 871 2818 τῆλε
900 2746 990 2804 καὶ
1018 2746 1168 2827 ὑψόθι
1196 2747 1386 2828 ταρσὸν
1412 2751 1533 2808 ἱεῖσι

288 2833 521 2901 τευθίδες·
550 2825 587 2906 ἦ
615 2831 673 2891 τέ
697 2857 785 2892 κεν
811 2832 950 2915 ὄρνιν
986 2830 1213 2907 ὀΐσσεαι,
1243 2835 1359 2894 οὐδὲ
1390 2835 1484 2915 μὲν
1516 2837 1661 2919 ἰχθὺν

288 2923 539 3003 εἰσοράαν,
568 2923 823 3000 ἀγεληδὸν
850 2922 925 2983 ὅθ’
954 2922 1227 3005 ὁρμήσωσι
1249 2925 1515 2986 πέτεσθαι,

290 3014 351 3069 Αἱ
382 3012 426 3069 δ’
452 3011 555 3091 ἄρα
583 3014 685 3069 τῶν
712 3009 955 3093 ὑπένερθε
979 3010 1238 3091 χελιδόνες
1262 3004 1409 3088 οἷμον
1440 3010 1643 3093 ἔχουσι·

209 3118 273 3157 tas
292 3098 459 3179 ἴρηκες
492 3098 535 3156 δ’
564 3100 723 3169 αὐτῆς
750 3097 923 3175 ἅλμης
950 3098 1133 3179 σχεδὸν
1157 3100 1484 3176 ἠερέθονται,

289 3186 435 3267 ἄκρον
465 3185 798 3269 ἐπιψαύοντες
820 3186 943 3253 ἁλὸς
968 3186 1145 3267 πόρον,
1173 3186 1325 3247 ὅσσον
1356 3189 1550 3248 ἰδέσθαι

288 3275 435 3357 ἄμφω
460 3278 789 3356 νηχομένοισι
811 3274 902 3334 καὶ
924 3274 1283 3352 ἱπταμένοισιν
1312 3281 1495 3353 ὁμοῖοι.

358 3362 489 3423 Αἵδε
511 3362 603 3440 μὲν
633 3360 759 3430 ὦς’-σε
792 3363 983 3434 πόληες
1006 3366 1057 3422 ἐν
1082 3363 1310 3443 ἰχθύσιν,
1335 3362 1443 3423 οἶδε
1465 3368 1509 3424 θ’
1548 3366 1718 3443 ὅμιλοι

285 3451 569 3531 κεκρίμενοι
593 3450 843 3530 γεγάασιν
871 3451 1249 3529 ἇλιπλάγκτοιο
1270 3450 1531 3530 γενέθλης.

210 3558 279 3597 uo
294 3544 409 3599 Τῶν
434 3538 482 3598 δ’
510 3542 557 3597 οἱ
582 3538 677 3617 μὲν
699 3540 983 3607 πλάζονται
1018 3537 1245 3610 ἀολλέες,
1274 3540 1425 3599 αἷολα
1452 3544 1588 3621 φῦλα
1607 3586 1623 3618 ,

286 3626 477 3685 πώεσιν
496 3624 531 3697 ἢ
556 3631 857 3708 στρατιῇσιν
887 3624 1131 3698 ἐοικότες,
1161 3624 1257 3685 οἵτ’
1284 3630 1517 3705 ἀγελαῖοι

286 3714 574 3785 κέκληνται·
601 3715 682 3773 τοὶ
708 3714 751 3772 δ’
778 3706 903 3773 αῧτε
926 3713 1063 3773 κατὰ
1092 3714 1291 3795 στίχας·
1322 3720 1368 3775 οἱ
1400 3714 1454 3774 δὲ
1482 3716 1717 3797 λόχοισιν

286 3802 471 3862 εἷκελοι
496 3801 529 3873 ἢ
552 3804 868 3861 δεκάδεσσιν·
900 3806 927 3860 ὃ
951 3803 993 3861 δ’
1022 3802 1231 3883 ἔρχεται
1252 3792 1353 3870 οἶος
1382 3804 1474 3861 ἀπ’
1503 3804 1677 3864 ἄλλων

289 3889 536 3967 μουναδὸν
560 3890 816 3971 ὁρμηθείς·
846 3889 1074 3971 περόωσι
1102 3890 1157 3949 δὲ
1187 3890 1391 3969 δίζυγες
1420 3892 1585 3951 ἄλλοι·

213 3996 276 4035 145
294 3980 337 4037 οἱ
363 3978 406 4036 δ’
430 3980 585 4037 αὐτοῦ
614 3976 915 4057 θαλάμῃσιν
938 3982 990 4035 ἐν
1013 3978 1231 4058 οἷκείῃσι
1252 3978 1497 4057 μένουσι.

360 4072 589 4151 Χείματι
616 4073 712 4153 μὲν
744 4073 806 4145 δὴ
837 4072 1027 4141 πάντες
1056 4074 1291 4133 ἀελλάων
1323 4073 1709 4155 στροφάλιγγας

290 4162 601 4242 σμερδαλέας
629 4164 788 4220 αὐτοῦ
820 4186 879 4220 τε
907 4162 1156 4241 δυσηχέος
1191 4162 1417 4239 οἴδματα
1448 4161 1637 4222 πόντου

290 4250 439 4330 ἔξοχα
466 4249 824 4327 δειμαίνουσιν·
853 4248 967 4308 ἐπεὶ
990 4250 1266 4327 περιώσιον
1304 4250 1477 4308 ἄλλων

289 4337 549 4417 ἰχθυόεντα
570 4336 787 4415 γένεθλα
810 4335 965 4417 φίλην
993 4337 1211 4417 πέφρικέ
1240 4338 1509 4396 θάλασσαν

216 4442 285 4483 iso
306 4424 629 4503 μαινομένην·
652 4424 775 4485 τότε
798 4425 842 4483 δ’
870 4424 1033 4502 οἱμὲν
1054 4424 1387 4501 ἀμησάμενοι
1408 4426 1740 4506 πτερύγεσσι’

290 4512 499 4593 ψάμμον
523 4512 942 4583 ὑποπτήσσουσιν
954 4511 1239 4579 ἀνάλκιδες·
1256 4516 1301 4571 οἱ
1329 4512 1371 4569 δ’
1394 4515 1493 4571 ὑπὸ
1503 4513 1719 4595 πέτραις

292 4599 535 4677 εἰλόμενοι
562 4600 797 4661 δύνουσιν
827 4600 1051 4667 ἀολλέες·
1076 4605 1123 4659 οἱ
1158 4603 1213 4659 δὲ
1250 4600 1471 4680 βάθιστα

292 4690 341 4755 ἐς
363 4688 563 4767 πελάγη
588 4688 835 4771 φεύγουσι
860 4688 1005 4748 κάτω
1038 4689 1281 4767 μυχάτην
1312 4688 1411 4745 ὑπὸ
1444 4688 1657 4767 βύσσαν·

292 4776 665 4857 κεῖναγὰροῦτε
690 4776 810 4848 λίην
843 4778 1258 4857 προκυλίνδεται,
1287 4775 1391 4835 οὔθ’
1420 4778 1507 4833 ὑπ’
1532 4776 1718 4847 ἀήταις

215 4881 279 4921 535
298 4867 577 4944 πρυμνόθεν
598 4868 815 4925 εἱλεῖται
834 4910 851 4943 ,
878 4864 965 4923 διὰ
990 4864 1032 4923 δ’
1070 4864 1283 4923 ἔσσυται
1308 4863 1443 4930 οὔτις
1471 4863 1636 4922 ἄελλα

295 4950 434 5031 ῥίζαν
463 4953 579 5022 ἁλὸς
598 4953 809 5025 νεάτην·
842 4951 978 5032 μέγα
1008 4952 1063 5011 δέ
1106 4976 1247 5033 σφισι
1282 4951 1454 5031 βένθος
1479 4950 1649 5032 ἐρύκει

297 5040 553 5119 ῥιγεδανὰς
574 5041 757 5107 ὀδύνας
783 5040 875 5099 καὶ
898 5040 1103 5113 ἀπηνέα
1132 5040 1381 5120 χείματος
1405 5039 1591 5120 ὁρμήν.

298 5126 430 5186 Ἀλλ’
459 5128 594 5189 ὁπότ’
619 5126 965 5207 ἀνθεμόεσσαι
997 5128 1083 5187 ἐπὶ
1107 5130 1285 5209 χθονὸς
1313 5129 1480 5207 εἴαρος
1504 5120 1637 5209 ὧραι

296 5212 568 5296 πορφύρεον
590 5217 903 5297 γελάσωσιν,
930 5216 1226 5294 ἀναπνεύσῃ
1252 5215 1305 5273 δὲ
1336 5217 1571 5275 θάλασσα

220 5318 288 5359 ιω
306 5303 539 5381 χείματος
561 5304 841 5378 εὗδιόωσα,
864 5305 1121 5383 γαληναίη
1151 5328 1205 5361 τε
1230 5304 1440 5381 γένηται

3287 467 3364 518 49

1800 623 1928 674 saepe
1951 623 2066 660 vero
2095 609 2284 659 diurnae
2299 607 2350 657 in
2365 608 2574 670 scopulis
2585 611 2634 656 et
2649 608 2804 656 arenis

1802 708 1978 771 quieta]
1995 709 2245 756 morantur
2261 708 2311 755 et
2327 707 2624 755 extra-mare
2643 717 2866 753 somnum
2895 705 3106 768 capiunt.

1862 807 1891 854 J
1895 803 2083 868 upplter
2100 805 2254 866 pater,
2273 803 2326 852 ln
2339 803 2390 852 te
2405 801 2568 852 omnia
2584 802 2710 852 etex
2725 803 2774 851 te
2791 800 3154 864 radices-agunt
3183 821 3196 850 :

1799 900 1904 950 sive
1917 901 2062 962 igitur
2073 899 2265 949 oetheris
2277 897 2575 948 domicilium
2595 909 2894 961 supremum,
2906 898 3008 948 sive
3021 899 3165 948 etiam
3177 897 3356 961 ubique

1803 996 2014 1058 habitoe3
2036 995 2218 1045 homini
2235 1009 2447 1059 namque
2461 995 2756 1058 impossibiie
2774 999 2848 1044 est
2871 995 3040 1046 effatu.

1803 1093 1944 1148 Quali
1958 1103 2072 1141 cum
2095 1103 2262 1140 amore
2278 1095 2456 1142 secreta
2475 1090 2678 1142 divisisti

1798 1187 2127 1248 aetheremque
2147 1185 2384 1250 fulgidum
2400 1189 2450 1236 et
2467 1199 2628 1238 aerem
2645 1189 2694 1236 et
2715 1185 2950 1250 liquidam
2971 1199 3148 1250 aquam

1798 1281 1847 1327 et
1869 1280 2049 1328 terram
2070 1279 2576 1342 omnium-parentem,
2588 1281 2868 1330 ase-autem
2885 1279 3094 1330 invicem
3110 1279 3247 1330 sedes
3269 1280 3352 1330 de-

1796 1369 1909 1420 disti
1932 1390 1945 1419 ι
1967 1369 1988 1433 ]
2011 1372 2174 1421 omnia
2195 1385 2314 1422 vero
2331 1373 2732 1424 inter-se-mutuo
2749 1372 3016 1423 coneordiae
3028 1372 3226 1422 vinculo

1802 1449 1988 1514 irrupto
2006 1450 2267 1514 colligasti,
2285 1451 2572 1502 necessitate
2589 1457 2752 1502 autem
2775 1452 2982 1502 defixisti

1802 1537 2003 1588 immota
2018 1551 2274 1590 commune
2291 1539 2384 1589 suh
2396 1537 2594 1600 Jugum;
2618 1551 2778 1602 neque
2799 1539 2928 1588 enim
2950 1540 3102 1590 aether

1800 1628 1918 1676 sine
1937 1639 2076 1689 aere,
2093 1639 2252 1690 neque
2271 1638 2352 1676 aer
2369 1627 2472 1677 sine
2493 1639 2618 1689 aqua
2631 1663 2646 1687 ,
2669 1639 2828 1690 neque
2849 1626 2995 1676 etiam
3018 1639 3143 1691 aqua

1801 1713 1986 1778 absque
2001 1717 2128 1764 terra
2143 1716 2246 1778 est,
2265 1714 2349 1765 md
2369 1713 2690 1765 sibi-invicem
2706 1713 2968 1774 inbuet-eun

1801 1803 1964 1852 omnia
1983 1813 2098 1853 vero
2119 1802 2244 1851 viam
2268 1816 2415 1853 unam
2438 1808 2582 1864 eunt,
2605 1801 2892 1866 easdemque
2913 1802 3115 1852 volvunt
3135 1802 3296 1858 vices:

1800 1890 2023 1954 quocirca
2045 1891 2190 1941 etiam
2208 1890 2548 1940 communibus
2569 1888 2894 1940 obsidesdant
2910 1889 3165 1951 generibus

1800 1978 2154 2042 amphibiorum
2169 2017 2184 2038 ‚
2203 1983 2254 2029 et
2275 1979 2356 2028 alii
2379 1978 2574 2042 quidem
2599 1977 2834 2041 prodeunt
2856 1979 2906 2028 in
2925 1982 3102 2029 terram

1800 2068 2026 2130 exmsri,
2046 2068 2126 2117 alii
2148 2069 2314 2118 contre
2337 2081 2422 2131 per
2437 2080 2598 2117 aerem
2620 2067 2922 2130 Amphitritae

1800 2155 2083 2217 miscentur,
2107 2155 2336 2220 levesque
2359 2156 2446 2206 lari
2467 2155 2864 2219 gemebundsque
2883 2168 3057 2216 genera

1798 2242 2090 2306 halcyonum
2107 2243 2374 2309 validoeque
2394 2243 2784 2306 aquilis-marinas
2807 2256 3001 2307 rapaces

1800 2329 1990 2394 aliaque
2008 2345 2118 2394 quae
2139 2332 2382 2396 piscantur
2403 2331 2750 2394 humidamque
2771 2331 3044 2394 irrumpunt
3066 2331 3359 2395 in-praedarn.

1801 2424 1971 2469 Aerem
1992 2433 2162 2470 rursus
2183 2421 2375 2482 secant,
2399 2419 2622 2483 quamvis
2643 2418 2816 2468 marini
2839 2418 2962 2480 sint,

1802 2507 2035 2570 lolligines
2057 2507 2439 2572 accipitrumque
2453 2520 2607 2570 genus
2626 2506 2944 2570 aquatilisque
2967 2507 3200 2568 hirund03

1801 2595 1853 2644 hi
1875 2607 1992 2644 vero
2008 2609 2120 2644 cum
2139 2595 2486 2658 pertimescunt
2506 2593 2786 2644 validiorem
2809 2607 2955 2658 prope
2979 2595 3160 2658 piscem
3173 2630 3190 2656 ,

1800 2696 1859 2731 ex
1880 2683 2001 2732 mari
2023 2682 2280 2732 subsiliunt
2301 2686 2351 2732 et
2367 2681 2483 2732 aerii
2507 2680 2740 2743 volitant3

1799 2770 2062 2833 etquidem
2079 2775 2129 2820 et
2145 2770 2310 2833 procul
2329 2772 2380 2820 et
2395 2769 2490 2820 alte
2513 2769 2612 2819 alas
2633 2769 2832 2820 mittunt

1798 2855 2057 2920 lolligines,
2080 2871 2139 2908 ac
2153 2870 2267 2908 sane
2284 2869 2422 2908 avem
2445 2862 2668 2921 putares,
2692 2870 2788 2906 non
2810 2856 2992 2920 piscem

1798 2945 2042 2997 te-intueri
2055 2984 2072 3009 ,
2089 2947 2317 3011 gregatim
2335 2946 2527 3009 quando
2547 2950 2750 3011 surgunt
2766 2945 3126 2997 admolandurn.

1801 3036 1863 3085 At
1882 3034 2006 3084 inira
2025 3036 2112 3085 has
2131 3034 2411 3085 hirundines
2429 3035 2558 3085 viam
2584 3038 2774 3095 tenent;

1800 3122 2048 3185 accipitres
2066 3136 2183 3173 vero
2199 3123 2356 3187 ipsum
2374 3136 2522 3187 prope
2539 3134 2674 3173 mare
2689 3122 3085 3184 volant-inme,

1800 3222 2076 3273 supremum
2093 3210 2379 3274 attingentes
2397 3210 2541 3261 maris
2558 3210 2746 3261 fluxum
2759 3247 2776 3273 ,
2802 3212 3044 3274 quantum
3059 3211 3361 3263 videre-lieet

1802 3298 1946 3347 simul
1965 3298 2242 3349 natantibus
2257 3304 2309 3351 et
2322 3298 2594 3349 volantibus
2613 3298 2812 3349 similes.

1862 3388 1952 3435 Hae
1977 3384 2174 3448 quidem
2191 3386 2321 3450 quasi
2341 3386 2564 3437 civitates
2579 3386 2705 3437 inter
2733 3386 2920 3451 pisces,
2939 3391 2990 3438 et
3006 3387 3060 3439 hi
3078 3391 3237 3439 coetus

1798 3474 1980 3523 diversi
2001 3478 2115 3523 sunt
2137 3474 2362 3535 marivagi
2383 3474 2588 3535 generis.

1798 3564 1983 3611 Horum
2001 3563 2165 3612 autem
2191 3562 2272 3611 alii
2289 3562 2483 3623 quidem
2502 3569 2664 3614 errant
2681 3566 2884 3615 conferti
2897 3601 2912 3627 ,
2932 3566 3069 3615 varia
3083 3578 3256 3629 genera
3271 3602 3284 3627 ,

1797 3649 2020 3712 gregibus
2037 3653 2124 3700 aut
2138 3650 2432 3701 exercitibus
2446 3652 2626 3702 similes
2636 3687 2652 3713 ,
2669 3652 2756 3717 qui
2771 3654 2986 3715 gregales

1797 3740 2055 3799 vocantur;
2070 3737 2150 3787 alii
2169 3752 2338 3787 rursus
2357 3738 2622 3789 secundum
2639 3740 2851 3801 ordines,
2870 3740 2951 3790 alii
2970 3754 3086 3791 vero
3105 3743 3360 3807 manipuli·-

1799 3826 1981 3875 similes
2001 3830 2084 3875 aut
2102 3824 2309 3875 decuriis
2321 3861 2336 3886 ,
2356 3826 2479 3875 alius
2496 3839 2609 3877 vero
2626 3826 2804 3877 incedit
2819 3828 2953 3878 solus
2970 3828 3032 3878 ab
3047 3828 3153 3879 aliis

1799 3913 2008 3964 solitarie
2025 3926 2204 3976 vagans
2216 3950 2231 3974 ‚
2253 3919 2414 3963 meant
2428 3918 2593 3964 autem
2613 3914 2712 3965 bini
2730 3914 2810 3964 alii
2824 3950 2841 3975 ‚

1798 4002 1879 4051 alii
1897 4014 2012 4051 vero
2029 4001 2321 4052 eodem-loco
2339 3999 2580 4051 cubilibus
2599 4000 2649 4050 in
2667 4002 2872 4065 propriis
2889 4004 3103 4054 manent.

1858 4090 2028 4140 Hieme
2045 4089 2240 4153 quidem
2257 4102 2372 4139 sane
2389 4100 2558 4139 omnes
2576 4090 2888 4152 procellarum
2906 4090 3126 4145 turnines

1798 4190 1956 4227 saevos
1973 4177 2220 4240 ipsiusque
2239 4176 2398 4226 sonori
2415 4175 2572 4226 undas
2589 4176 2735 4226 maris

1798 4266 2057 4315 admodum
2076 4265 2332 4328 metuunt,
2348 4264 2578 4327 quoniam
2595 4278 2695 4329 prae
2711 4263 2817 4315 aliis

1797 4354 2000 4415 piscaris
2015 4366 2186 4415 genera
2203 4366 2368 4402 carum
2385 4352 2731 4415 pertimescunt
2747 4366 2906 4413 mare,

1797 4440 2149 4503 quando-[urin
2168 4443 2286 4491 tunc
2301 4446 2461 4489 autem
2479 4440 2562 4490 alii
2578 4440 2772 4504 quidem
2796 4442 3030 4493 metentes
3048 4443 3208 4507 pinnis

1798 4535 2019 4582 arenam,
2041 4521 2237 4571 horrent
2253 4521 2468 4571 imbelles
2483 4560 2496 4584 ,
2519 4522 2600 4572 alii
2617 4535 2734 4573 vero
2750 4522 2843 4572 sub
2863 4523 3074 4587 scopulis

1797 4610 1952 4659 voluti
1972 4610 2178 4659 subeunt
2197 4609 2394 4659 conferti
2409 4646 2424 4668 ,
2445 4609 2526 4658 alii
2545 4608 2752 4672 denique
2770 4610 3148 4673 profundissima

1799 4698 1847 4746 in
1866 4697 2016 4746 maria
2035 4696 2222 4758 fugiunt
2239 4696 2466 4746 deorsum
2485 4697 2638 4747 imum
2655 4697 2715 4747 ad
2735 4697 2958 4759 fundum3

1796 4785 1877 4833 illa
1895 4797 2100 4846 namque
2121 4798 2209 4834 nec
2230 4784 2369 4833 valde
2390 4785 2646 4845 agitantur,
2666 4798 2756 4835 nec
2771 4798 2800 4834 a
2818 4786 2978 4835 ventis

1799 4872 2017 4923 funditus
2035 4873 2324 4935 volvuntur3
2341 4878 2556 4936 penetrat
2573 4878 2735 4924 autem
2757 4875 2888 4925 nulla
2907 4878 3114 4938 procella

1797 4960 2082 5010 rid-radicem
2103 4961 2247 5009 maris
2271 4961 2521 5022 ultimam3
2543 4974 2712 5023 magna
2735 4965 2898 5013 autem
2919 4964 3036 5026 ipsis
3063 4964 3356 5029 profundit

1798 5047 1945 5111 arcet]
1961 5048 2178 5099 horridos
2197 5048 2436 5098 cruciatus
2449 5054 2497 5099 et
2513 5048 2850 5100 inclementem
2871 5050 3042 5102 hiemis
3061 5052 3308 5115 impetum.

1798 5141 1860 5187 At
1877 5136 1961 5185 uhi
1981 5136 2162 5185 lloridae
2179 5140 2519 5199 superterram
2537 5137 2666 5187 veris
2686 5137 2820 5187 hom

1798 5239 2095 5288 purpureum
2114 5224 2298 5287 rident,
2319 5226 2621 5289 respiratque
2639 5239 2771 5276 mare

1797 5312 2040 5363 ab-hieme
2061 5313 2404 5375 tranquillum,
2429 5314 2756 5379 serenitasque
2781 5313 2837 5365 iit
