3767 5825
475 546 692 607 Labitur,
713 544 961 595 horribiles
981 543 1150 607 epulas
1169 543 1358 593 tonan
1383 541 1663 605 requirens:

474 636 606 683 Hanc
625 634 791 680 contra
818 632 1038 693 Cepheus
1055 644 1153 679 non
1168 633 1321 679 cessat
1345 628 1542 679 tendere
1562 629 1782 689 palmas.

471 720 564 769 llla
585 732 736 780 usque
752 718 810 767 ad
835 718 1020 779 spinam
1040 730 1257 779 mergens
1271 730 1322 767 se
1340 717 1519 766 caerula
1545 716 1736 777 condit3

473 810 536 856 At
552 806 774 868 cepheus
791 807 937 867 caput
954 806 1100 867 atque
1117 804 1342 853 humeros
1365 804 1646 867 palmasque
1665 803 1881 853 reclinat.

471 898 632 953 Quum
659 905 770 943 vero
788 894 862 942 vis
883 898 956 943 est
979 893 1236 942 vehemens
1258 897 1424 941 exorta
1450 894 1630 955 Nepai,

415 1040 421 1045 .
474 984 592 1031 Late
619 981 725 1030 tusa
739 981 901 1041 volat3
927 994 1012 1043 per
1027 982 1180 1030 terras
1204 981 1331 1030 tama
1348 984 1566 1042 vagatur,

473 1070 538 1118 Ut
560 1067 804 1131 quondam
820 1068 968 1118 Orion
993 1068 1214 1119 manibus
1233 1068 1431 1117 violasse
1450 1068 1651 1117 Dianam

475 1156 678 1215 Dicitur,
700 1156 898 1205 excelsis
921 1169 1085 1206 errans
1105 1156 1155 1205 in
1169 1156 1372 1206 collibus
1390 1168 1582 1216 amens,

477 1246 612 1302 Quos
625 1246 758 1294 tenet
779 1247 941 1307 AEgoeo
966 1244 1126 1295 defixa
1148 1245 1197 1293 in
1215 1245 1398 1307 gurgite
1424 1244 1601 1303 Chius,

475 1331 706 1382 Bacchica
728 1345 874 1394 quam
893 1332 1036 1381 viridi
1054 1332 1290 1381 convestit
1303 1332 1510 1393 tegmine
1527 1330 1654 1379 vitis.

476 1420 564 1471 lile
585 1420 709 1470 teras
728 1433 914 1471 vaecors
935 1421 1114 1471 amenti
1129 1420 1275 1470 corde
1295 1420 1527 1481 necabat,

475 1508 760 1572 OEnopionia
777 1522 924 1559 avens
945 1509 1112 1572 epulas
1132 1522 1304 1559 ornare
1325 1509 1548 1558 nitentes.

476 1600 541 1649 At
562 1609 676 1647 vero
694 1594 894 1660 pedibus
909 1596 1068 1646 subito
1082 1609 1304 1660 percussa
1331 1597 1496 1647 Dianae

478 1686 644 1739 Insula
658 1685 874 1735 discessit
891 1684 1184 1747 disjectaque
1196 1699 1312 1735 saxa
1336 1686 1567 1735 revellens

479 1773 692 1825 Perculit
711 1774 763 1823 et
779 1785 936 1823 caecas
953 1773 1177 1822 lustravit
1193 1774 1300 1823 luce
1317 1773 1516 1822 lacunas
1530 1789 1547 1834 3

1940 1069 2033 1113 420

1950 1510 2041 1555 425

481 1866 522 1913 E
545 1861 720 1925 quibus
735 1861 919 1923 ingenti
943 1861 1130 1911 exsistit
1147 1874 1258 1909 cum
1283 1874 1484 1923 corpore
1502 1874 1602 1923 prm
1619 1873 1672 1910 se

482 1948 706 2011 Scorpios
723 1947 923 2019 infestus
937 1950 1234 2010 pmportans
1255 1947 1410 1997 flebile
1425 1960 1646 1997 acumen.

482 2038 574 2087 llic
591 2036 749 2087 valido
765 2036 940 2099 cupide
951 2038 1208 2085 venantem
1223 2036 1426 2099 perculit
1445 2035 1544 2085 ictu
1556 2070 1572 2096 ‚

483 2125 782 2175 mortiterum
809 2124 859 2173 in
879 2137 1026 2175 venas
1048 2124 1250 2173 tundens
1268 2137 1352 2186 per
1371 2123 1574 2173 vulnera
1589 2122 1752 2183 virusg

486 2212 574 2263 lile
592 2213 726 2276 gravi
742 2212 951 2262 moriens
969 2212 1234 2262 constravit
1250 2224 1454 2275 corpore
1477 2214 1674 2262 terram.

1956 1952 2047 1997 ⁴30

487 2306 646 2363 Quare
662 2313 813 2371 quum
831 2300 1014 2363 magnis
1029 2314 1134 2350 sese
1144 2302 1275 2362 Nepa
1297 2299 1486 2349 lucibus
1505 2300 1646 2349 effert
1657 2334 1672 2359 ,

487 2387 635 2437 Orion
654 2386 836 2449 rugiens
855 2386 1163 2436 commendat
1178 2400 1378 2449 corpora
1395 2387 1555 2437 terris.

486 2476 613 2525 Tum
638 2487 753 2524 vero
776 2474 899 2537 rugit
915 2474 1221 2525 Andromeda
1237 2510 1252 2536 ,
1272 2476 1322 2523 et
1342 2474 1582 2537 Neptunia
1603 2473 1782 2525 Pistrix

487 2566 610 2613 Tota
627 2562 748 2613 latet
767 2576 784 2613 ε
807 2560 939 2611 cedit
959 2574 1193 2611 converso
1206 2574 1408 2625 corpore
1429 2563 1650 2625 cepheus

489 2652 742 2700 Extremas
753 2649 915 2700 medio
932 2651 1213 2713 contingens
1230 2662 1432 2713 corpore
1460 2655 1628 2699 terras.

489 2738 579 2789 Hic
597 2740 745 2801 caput
764 2741 814 2788 et
830 2751 1028 2801 superas
1049 2738 1174 2801 potis
1195 2741 1269 2788 est
1284 2738 1556 2800 demergere
1575 2739 1760 2801 partes,

493 2828 648 2877 lutera
667 2826 942 2877 lumborum
957 2840 1208 2889 nunquam
1235 2827 1499 2877 convestiet
1517 2826 1716 2887 umbra;

489 2919 611 2966 Nam
629 2915 840 2966 retinent
857 2920 1022 2966 Arctoe
1047 2916 1307 2966 lustrantes
1323 2916 1508 2965 lumine
1525 2928 1676 2965 suras.

493 3005 692 3055 Labitur
712 3004 797 3055 illa
818 3005 964 3054 simul
984 3007 1180 3067 gnatam
1200 3005 1452 3054 lacrimosa
1471 3004 1716 3066 requirens

491 3095 762 3158 cassiepea,
782 3106 940 3156 neque
955 3107 1018 3144 ex
1039 3094 1160 3144 coelo
1177 3093 1376 3156 depulsa
1392 3093 1562 3144 decore

492 3185 690 3246 Fertur;
710 3195 826 3232 nam
844 3195 983 3232 verso
999 3182 1279 3244 contingens
1297 3183 1476 3231 vertice
1494 3182 1702 3243 primum

492 3274 664 3321 Terras
676 3308 693 3333 ,
713 3273 823 3334 post
837 3270 1023 3320 umbris
1043 3283 1210 3320 eversa
1226 3270 1340 3319 sede
1357 3271 1576 3320 retertur.

493 3361 630 3409 Hanc
645 3357 716 3408 illi
734 3358 961 3407 tribuunt
978 3371 1172 3420 poenam
1193 3358 1419 3408 Nereides
1435 3359 1580 3408 almae
1593 3395 1608 3420 ,

493 3449 615 3497 Cum
638 3446 841 3508 quibus,
866 3448 922 3496 ut
938 3445 1218 3508 pei-bibent,
1237 3459 1352 3495 ausa
1369 3449 1448 3496 est
1464 3445 1754 3496 contendere
1779 3443 1947 3496 torma.

495 3537 614 3585 Roec
629 3534 732 3583 obit
747 3532 1000 3596 inclinata3
1020 3534 1073 3583 at
1088 3546 1198 3596 pars
1219 3536 1386 3583 exorta
1411 3537 1618 3584 Coronae
1639 3537 1712 3583 est

497 3623 677 3683 Altera,
697 3634 810 3670 cum
833 3621 1083 3684 caudaque
1095 3621 1253 3670 omnis
1265 3621 1363 3682 iam
1384 3622 1610 3684 panditur
1629 3622 1812 3684 Hydra.

501 3712 560 3762 At
574 3711 780 3772 caputet
794 3712 954 3760 totum
972 3721 1078 3760 sese
1095 3711 1362 3760 centannis
1383 3711 1543 3771 opacis

499 3799 650 3861 Eripit
667 3811 696 3847 e
711 3797 923 3849 tenebris
934 3835 950 3860 ,
974 3797 1198 3860 linquens
1220 3798 1416 3860 vestigia
1431 3809 1580 3859 parva

501 3886 800 3949 Antepedum
819 3889 1068 3947 contecta3
1091 3884 1238 3935 simtu
1263 3898 1376 3934 cum
1395 3885 1578 3936 lumine
1599 3884 1792 3948 pandit,

1960 2392 2051 2437 435

1962 2829 2055 2875 440

1970 3273 2059 3318 445

1964 3715 2057 3762 450

501 3979 606 4038 lpse
629 3974 778 4025 teram
798 3974 971 4025 dextra
991 3973 1218 4025 retinens.
1241 3973 1514 4024 Prolabitur
1531 3975 1643 4025 inde

501 4063 823 4125 Anguitenens
841 4062 998 4126 capite
1011 4064 1063 4112 et
1079 4063 1331 4122 manibus;
1357 4064 1540 4126 profert
1561 4063 1706 4113 simul
1723 4062 1899 4126 Anguis

501 4154 609 4202 Jam
633 4151 842 4213 capubet
855 4164 1100 4200 summum
1127 4149 1252 4201 flexo
1273 4149 1334 4199 de
1359 4164 1560 4213 corpore
1579 4152 1760 4201 lumen.

503 4241 596 4288 Hic
612 4238 692 4288 ille
708 4239 924 4288 exoritur
948 4251 1178 4288 converso
1201 4250 1403 4300 corpore
1425 4239 1604 4298 Nixus,

505 4327 707 4388 Alvum,
727 4339 895 4388 crura,
919 4325 1330 4386 bumeros‚simul
1349 4329 1399 4375 et
1423 4325 1688 4388 praecordia
1705 4326 1915 4376 lustrans

1970 4155 2064 4202 455

504 4419 567 4476 Et
583 4415 754 4465 dextra
777 4415 934 4464 radios
952 4414 1063 4464 laeto
1079 4427 1190 4462 cum
1207 4413 1388 4464 lumine
1403 4413 1605 4476 jactans.

503 4504 620 4554 lnde
633 4503 969 4566 Sagittipotens
986 4515 1181 4564 superas
1197 4515 1350 4563 quum
1371 4503 1524 4552 visere
1545 4503 1678 4552 luces

505 4592 705 4650 institit,
726 4591 926 4652 emergit
944 4589 1052 4639 Nixi
1067 4591 1214 4651 caput
1239 4592 1287 4638 et
1303 4590 1446 4638 simul
1475 4590 1616 4639 effert

505 4682 617 4728 Sese
630 4679 759 4729 clara
770 4676 912 4727 Fides
932 4679 982 4726 et
1001 4675 1160 4740 prodit
1179 4680 1374 4738 pectore
1399 4677 1636 4738 cepheus.

505 4765 738 4816 Fervidus
755 4765 836 4815 ille
853 4764 996 4815 canis
1013 4765 1116 4814 toto
1133 4777 1244 4813 cum
1265 4777 1466 4826 corpore
1487 4763 1640 4825 cedit,

509 4852 714 4904 Abdum·
729 4853 897 4910 orion,
919 4851 1023 4901 obit
1043 4853 1093 4900 et
1112 4855 1270 4914 Lepus
1291 4851 1484 4901 abditus
1509 4851 1700 4901 umbra.

509 4940 738 4990 inferiora
755 4939 936 4989 cadunt
951 4937 1140 5002 Auriga!
1155 4939 1336 4988 lumina
1353 4938 1505 5001 lapsu.

507 5029 634 5077 crus
649 5027 974 5090 dextrumque
992 5026 1160 5089 pedem
1179 5026 1402 5088 linquens
1417 5026 1521 5075 obit
1537 5025 1688 5074 intera
1701 5028 1903 5076 Perseus
1978 5031 2066 5076 465

512 5118 564 5164 ln
585 5115 718 5175 locu
737 5116 844 5164 tum
866 5114 1040 5164 cedens
1055 5128 1085 5164 a
1110 5114 1258 5177 puppi
1279 5113 1516 5176 linquitur
1534 5120 1678 5176 Argo.

1974 4595 2066 4641 460

2122 800 2356 853 Obruitur
2374 803 2593 862 Procyon
2607 814 2624 859 ;
2638 798 2889 859 etuerguut
2899 795 3015 845 alite
3028 795 3167 857 lapsu

1191 410 1281 473 M.
1323 410 1582 472 TULLII
1625 408 2025 469 CICERONIS
2069 404 2545 466 ARATEORUM
2588 398 3007 475 RELIQUIAE.

2124 534 2241 587 inae
2264 535 2435 586 ohim
2452 534 2777 596 capu-imm
2792 532 2855 581 ab
2870 532 2970 581 uto
2983 530 3165 582 lumino
3180 492 3319 594 pouit

1937 631 1989 677 4¹
2001 632 2029 675 5
2086 660 2091 667 -
2122 625 2346 686 Aurigam
2370 624 2725 684 instantemque
2742 622 2949 682 Capram
2963 656 2979 681 ,
2999 632 3175 681 parvos
3190 617 3337 667 sinunt
3354 614 3539 666 nodus

2125 716 2187 763 ut
2204 723 2425 775 maguam
2445 710 2646 772 antiquo
2662 708 2861 772 dwellit
2880 707 3077 757 nomine
3096 708 3301 792 Ratun.-

3588 796 3657 839 ⁴7⁰

2128 893 2163 940 Ε
2188 888 2330 939 terris
2347 888 2607 948 Volucres3
2626 886 2813 935 exsutit
2832 884 2963 933 clara
2984 884 3180 945 Sagitta.

2126 976 2219 1027 Sed
2240 988 2391 1039 quum
2411 988 2464 1025 se
2486 973 2695 1024 medium
2720 971 2829 1022 coeli
2845 972 2896 1021 in
2914 971 3106 1033 regione
3118 967 3300 1019 locavit

2126 1067 2329 1127 Magnus
2352 1062 2587 1126 Aquarius
2604 1060 2861 1112 etvestivit
2884 1059 3066 1110 lumine
3088 1060 3255 1118 terras,

2126 1154 2253 1203 Tum
2270 1150 2471 1214 pedibus
2492 1150 2634 1200 simul
2658 1152 2707 1199 et
2723 1161 2897 1211 supera
2920 1148 3106 1197 cervice
3120 1146 3289 1207 iubata

2129 1239 2269 1290 cedit
2288 1243 2455 1301 Equus
2474 1238 2693 1300 rugiens:
2719 1239 2772 1285 at
2783 1235 2952 1286 eontra
2972 1235 3265 1297 signipotens
3290 1246 3389 1283 nox
3596 1235 3663 1278 4.·;

2130 1326 2296 1378 cauda
2310 1326 2609 1375 Centaurum
2630 1324 2841 1375 retinens
2862 1322 2923 1372 ad
2948 1335 3001 1372 se
3022 1322 3145 1385 rapit
3162 1323 3296 1384 ipsu

2130 1416 2229 1465 Nec
2248 1414 2375 1477 potls
2390 1416 2465 1463 est
2480 1413 2632 1476 caput
2646 1414 2793 1474 atque
2816 1412 3041 1461 humeros
3056 1409 3299 1459 obducere
3312 1408 3470 1469 Μῦες

2134 1504 2198 1553 At
2213 1515 2329 1552 vero
2344 1500 2574 1563 serpentis
2589 1499 2767 1562 Hydrae
2786 1499 2985 1560 callgine
2998 1510 3127 1547 cinea

2134 1590 2385 1641 cervicem
2415 1590 2562 1651 atque
2578 1587 2833 1637 oculorum
2851 1586 3067 1635 ardentia
3094 1585 3281 1634 lumina
3301 1584 3451 1633 vestit
3474 1602 3489 1631 ι

2134 1680 2272 1729 Hauc
2295 1679 2458 1727 autem
2481 1675 2636 1726 totam
2656 1676 2913 1739 properant
2932 1673 3173 1736 depellere
3194 1673 3372 1723 Pisces.

2744 1795 3063 1819 -Μω

3598 1676 3665 1717 4Ξο

2590 1896 3253 1966 PROGNOSTICA.

2172 2040 2265 2089 sat
2298 2038 2366 2088 Ut
2380 2050 2536 2101 quum
2556 2039 2690 2087 Luna
2715 2047 2879 2085 means
2901 2032 3188 2097 Hyperionis
3206 2030 3365 2081 officit
3380 2028 3483 2079 orbi
3496 2066 3513 2089 ,

2296 2125 2619 2188 stinguuntur
2639 2123 2759 2173 radii
2782 2135 2911 2172 coeca
2933 2120 3135 2183 caligine
3152 2118 3295 2169 tecti.

2174 2290 2266 2335 892
2301 2286 2383 2336 Ast
2401 2284 2564 2335 autem
2586 2281 2723 2334 tenui
2742 2293 2857 2345 qum
2874 2278 3083 2329 candent
3102 2278 3295 2327 iumine
3314 2276 3523 2328 rnatu.

2174 2449 2267 2494 909
2299 2443 2455 2503 Atque
2472 2440 2621 2489 etiam
2638 2440 2810 2487 ventos
2830 2418 3177 2499 prunonstrat
3196 2446 3332 2497 soepe
3350 2434 3531 2483 tntum

2298 2526 2523 2579 lunatum
2547 2540 2681 2576 mare
2695 2562 2711 2587 ,
2730 2537 2885 2587 quu-
2906 2522 3068 2573 sublto
3088 2524 3385 2585 penitusque
3402 2521 3623 2572 numdi.

2302 2619 2529 2678 Saxaque
2550 2626 2700 2674 cana,
2716 2612 2830 2663 salis
2850 2610 2993 2662 niveo
3012 2613 3239 2673 spmnata
3260 2610 3474 2673 liquore,

2305 2703 2558 2755 rristitlcas
2578 2704 2769 2752 certant
2784 2702 3005 2763 Neptuno
3028 2698 3232 2749 reddere
3252 2710 3427 2759 voces3

2303 2792 2398 2842 Aut
2414 2790 2593 2840 densus
2612 2787 2790 2839 stridor
2806 2798 2959 2850 quum
2979 2784 3107 2835 celso
3126 2798 3157 2835 e
3176 2784 3362 2835 vertice
3384 2784 3553 2834 montis

2301 2880 2451 2930 Ortus
2467 2876 2741 2940 adaugescit
2764 2874 3073 2939 scopulorum
3093 2886 3227 2936 smpe
3244 2872 3457 2937 repulsu:

2361 2970 2495 3018 Rava
2510 2966 2634 3018 fulix
2655 2965 2819 3015 itidem
2834 2999 2850 3026 ,
2871 2962 3055 3026 fugiens
3071 2975 3100 3012 e
3118 2964 3309 3024 gurgite
3334 2963 3465 3024 ponti

2302 3054 2504 3106 Nuntiat
2525 3053 2776 3104 horribiles
2794 3053 3012 3102 clamans
3029 3051 3210 3100 instare
3234 3050 3497 3112 proeellas,

2302 3141 2443 3194 Haud
2464 3142 2681 3192 modicos
2704 3140 2917 3191 uemulo
2936 3137 3141 3189 tundens
3160 3151 3191 3187 e
3213 3141 3415 3199 gutture
3430 3138 3601 3186 muns.

2181 3303 2274 3350 946
2304 3301 2404 3349 Vos
2420 3309 2617 3361 quoque
2632 3297 2765 3360 signa
2784 3295 2989 3355 videtis,
3012 3295 3161 3358 aquai
3176 3292 3339 3342 duleis
3354 3293 3581 3352 alum,

2305 3387 2430 3434 cum
2453 3385 2664 3433 clamore
2682 3383 2860 3442 paratis
2888 3382 3054 3432 inanes
3078 3381 3287 3432 tundere
3304 3393 3473 3440 voces,

2306 3471 2625 3533 Absurdoque
2644 3483 2764 3520 sono
2786 3471 2945 3520 fontes
2958 3472 3010 3520 et
3030 3471 3203 3530 stagna
3222 3469 3377 3518 cietis.

2366 3564 2507 3622 Saepe
2522 3559 2667 3610 etiam
2687 3558 2907 3621 pertriste
2924 3557 3059 3608 canit
3074 3557 3139 3607 de
3158 3561 3359 3620 pedore
3376 3569 3557 3606 cannen

2304 3648 2367 3698 nt
2388 3647 2637 3697 matutinis
2653 3645 2879 3696 acredula
2896 3647 3097 3696 vocibus
3117 3648 3291 3708 instat,

2306 3735 2519 3784 Vocibus
2536 3735 2685 3784 instat
2700 3735 2751 3783 et
2768 3732 2981 3783 assiduas
2994 3734 3114 3795 jacit
3134 3748 3223 3784 ore
3244 3733 3487 3798 querelas,

2309 3825 2473 3881 Quum
2492 3823 2699 3884 primum
2719 3819 2903 3883 gelidos
2924 3834 3059 3871 rores
3074 3827 3267 3871 Aurora
3285 3821 3499 3871 remittit.

2308 3913 2556 3972 Fuscaque
2574 3920 2921 3970 nonnunquam
2934 3944 2949 3969 ,
2968 3921 3168 3958 miraeus
3184 3921 3273 3972 per
3291 3909 3479 3970 littora,
3500 3905 3639 3956 car-'1

2315 3998 2551 4048 Demersit
2572 3999 2748 4059 caput,
2770 3998 2821 4046 et
2838 3995 3041 4046 fluctum
3061 3997 3254 4047 cervice
3270 3997 3465 4059 recepit.

2313 4084 2688 4147 Mollipedesque
2710 4083 2884 4145 boves,
2902 4085 3175 4146 spectantes
3198 4083 3387 4134 lumina
3402 4083 3531 4144 σεῦ,

2312 4174 2517 4224 Naribus
2535 4172 2829 4222 humiserum
2850 4170 3035 4222 duxere
3050 4185 3117 4222 ex
3132 4185 3247 4222 aere
3270 4185 3485 4222 suenum

2164 4335 2273 4380 1051
2312 4331 2423 4380 Jam
2446 4341 2564 4378 vero
2581 4340 2769 4391 semper
2788 4328 2956 4377 viridis
2971 4341 3263 4392 semperque
3279 4334 3475 4392 gravata

2312 4417 2559 4468 Lentiscus
2572 4453 2587 4477 ,
2606 4415 2780 4478 triplici
2802 4414 2945 4465 solita
2964 4416 3283 4478 grandescere
3301 4417 3419 4466 fotu
3432 4455 3451 4477 ‚

2315 4509 2407 4554 Ter
2426 4505 2583 4567 fruges
2604 4503 2836 4566 tundens,
2853 4504 2950 4552 tria
2968 4505 3191 4568 tempora
3212 4507 3457 4554 monstrat
3478 4501 3629 4552 anai

2786 4631 3107 4656 *OQ——

2567 4741 2989 4809 INCERTAE
3039 4743 3319 4811 SEDIS.

2312 4869 2561 4932 caprigeni
2579 4869 2763 4930 pecoris
2781 4869 2945 4918 custos
2956 4867 3019 4918 ae
3038 4870 3226 4932 gurgite
3244 4873 3401 4922 vano.

2315 5029 2471 5084 Quem
2492 5039 2649 5088 neque
2668 5028 2923 5088 tempestas
2940 5026 3169 5090 perimet,
3182 5041 3339 5092 neque
3354 5029 3499 5093 loma
3516 5029 3671 5076 vm

2320 5115 2594 5175 interimet,
2616 5114 2860 5176 stinguens
2878 5115 3151 5176 praeclara‘
3136 5117 3333 5179 insignia
3352 5118 3481 5167 catti.

1833 5237 2395 5274 ι--ψ-ι
