3767 5825
1177 393 1491 455 OPPIANI
1532 396 1633 456 DE
1673 397 2123 459 VENATIONE
2163 400 2312 466 Lm.
2352 401 2460 464 lv.

3331 397 3403 451 ³3

244 559 273 600 ε
315 535 641 620 ἀμφότερον,
660 537 910 621 κρατερώ
925 561 983 598 τε
1002 539 1153 618 μένος
1171 539 1263 599 καὶ
1275 541 1527 624 ἐπίφρονα
1548 542 1765 626 βουλὴν,
1854 553 1998 604 simul
2021 555 2330 624 validumque
2345 557 2492 608 robur
2509 562 2560 607 et
2577 557 2905 612 iraudulentas
2921 561 3152 628 insidias,

222 1002 269 1042 10

314 626 510 698 κέρδεά
535 627 584 686 τ’
613 625 955 700 αῖολόὸουλα,
982 628 1365 711 πολυφράστοις
1390 653 1449 689 τι
1476 629 1672 694 δόλοισι

314 717 658 799 φραξαμὲνην
686 715 934 799 κραδίην·
957 721 991 790 ἡ
1018 718 1121 800 γάρ
1148 743 1205 778 τε
1230 719 1358 801 πρὸς
1386 718 1546 801 ἄγρια
1576 723 1715 802 φῦλα

316 805 621 886 μάρναται,
650 797 754 865 οἶσι
780 806 892 874 θεὸς
916 806 1089 875 σθένος
1116 806 1299 867 ὤπασε
1328 808 1418 868 καὶ
1446 807 1598 887 μένος
1622 803 1717 883 ἠὺ,

314 893 413 956 καὶ
435 897 627 976 φρένας
654 895 761 955 οὐδ’
790 897 960 955 αὐτῶν
984 895 1118 956 πολὺ
1150 896 1356 974 μείονας
1384 897 1739 979 ἀγρευτήρων.
1794 911 1799 914 ’

401 981 569 1046 Εἴδεα
594 982 770 1044 πολλὰ
794 982 943 1043 πέλει
970 987 1177 1056 κλειτῆς
1204 987 1529 1068 πολυάρκυος
1558 985 1747 1068 ἄγρης,
1806 960 1809 1017 Ι

322 1073 525 1156 ἄρμενα
551 1071 645 1133 καὶ
672 1071 886 1154 θήρεσσι
908 1073 1000 1133 καὶ
1028 1074 1225 1132 ἔθνεσιν
1250 1073 1343 1146 ἠδὲ
1369 1075 1693 1156 χαράδραις,

315 1160 508 1242 μυρία·
534 1159 615 1229 τίς
638 1185 729 1222 κεν
758 1159 968 1221 ἅπαντα
994 1167 1089 1242 μιῇ
1115 1163 1261 1244 φρενὶ
1286 1164 1576 1246 χωρήσειεν

317 1248 591 1328 εἰπέμεναι
616 1250 754 1310 κατὰ
783 1260 969 1333 μοῖραν
997 1255 1087 1310 ὑπ’
1116 1253 1467 1313 εὖκελάδοισιν
1496 1255 1724 1327 ἀοιδαῖς,

318 1337 393 1404 τίς
420 1339 466 1397 δ’
491 1337 559 1398 ἂν
586 1338 741 1398 πάντ’
774 1339 961 1414 ἔσίδοι;
987 1339 1065 1408 τίς
1090 1341 1134 1399 δ’
1164 1340 1227 1398 ἂν
1256 1342 1407 1400 τόσον
1439 1341 1716 1414 ὠπήσαιτο

318 1427 503 1500 θνητὸς
531 1428 661 1502 ἑὼν;
690 1434 871 1506 μοῦνοι
898 1429 952 1487 δὲ
982 1427 1087 1488 θεοὶ
1114 1427 1208 1510 ῥέα
1234 1427 1385 1488 πάνθ’
1414 1429 1651 1510 ὃρόωσιν.

314 1515 498 1594 Αὐτὰρ
528 1515 665 1595 ἐγὼν
697 1515 827 1598 ἐρέω
853 1515 919 1575 τά
947 1519 994 1572 τ’
1024 1521 1167 1595 ἐμοῖς
1194 1517 1303 1578 ἴδον
1331 1520 1673 1599 ὀφθαλμοῖσι,

312 1604 476 1687 θήρην
502 1602 837 1686 ἀγλαόδωρον
866 1605 1175 1686 ἐπιστείχων
1204 1606 1513 1688 ξυλόχοισιν,

310 1691 446 1753 ὅσσα
472 1695 521 1753 τ’
550 1693 641 1752 ἀπ’
670 1693 953 1776 ἀνθρώπων
984 1695 1165 1773 ἐδάην,
1198 1705 1361 1756 τοῖσιν
1388 1695 1455 1758 τὰ
1485 1696 1721 1777 μέμηλε,

311 1781 465 1842 αἰόλα
494 1782 747 1854 παντοίης
771 1785 960 1864 ἐρατῆς
990 1784 1255 1866 μυστήρια
1282 1785 1505 1866 τέχνης,

226 1890 273 1928 2⁰
311 1869 529 1951 ἱμείρων
554 1869 681 1930 τάδε
709 1871 885 1931 πάντα
914 1871 1149 1954 Σευήρου
1178 1875 1311 1952 [τοῦ]
1343 1874 1463 1943 Διὸς
1494 1879 1591 1954 υἱῷ

310 1960 529 2020 ἀείδειν·
558 1959 621 2020 σὺ
648 1961 731 2033 δὲ,
762 1959 930 2020 πότνα
960 1960 1077 2034 θεὰ,
1106 1963 1426 2046 παγκοίρανε
1455 1963 1641 2045 θήρης,

302 2048 621 2126 εὐμενέουσα
652 2053 745 2130 θοῇ
776 2044 1047 2130 βασιληΐδι
1071 2048 1217 2118 λέξον
1242 2054 1437 2133 ἀκουῇ,

308 2137 441 2218 ὄφρα
470 2141 605 2198 τεῶν
638 2138 801 2221 ἔργων
822 2138 1109 2226 προμαθὼν
1132 2139 1433 2220 ὀαρίσματα
1463 2140 1641 2200 πάντα

308 2231 596 2308 θηροφονῇ,
628 2227 953 2310 μακαριστὸς
978 2232 1111 2306 ὁμοῦ
1136 2229 1363 2309 παλάμῃ
1396 2229 1489 2289 καὶ
1519 2232 1689 2311 ἀοιδῇ.

226 2336 275 2376 8
384 2320 585 2398 Θηρῶν
616 2321 663 2376 οἱ
696 2315 789 2395 μὲν
818 2317 965 2378 ἔασιν
994 2317 1288 2399 ἐπίφρονες,
1318 2318 1675 2398 αἰολόόουλοι,

310 2405 443 2464 ἀλλὰ
471 2403 637 2485 δέμας
666 2407 823 2488 βαιοί·
850 2406 931 2466 τοὶ
960 2406 1003 2464 δ’
1026 2405 1255 2483 ἔμπαλιν
1282 2407 1595 2485 ἀλκήεντες,

314 2496 504 2576 βουλὴν
525 2496 573 2555 δ’
600 2501 655 2558 ἐν
668 2496 953 2568 ’στήθεσσιν
978 2494 1267 2564 ἀνάλκιδες·
1297 2499 1345 2555 οἳ
1368 2495 1413 2554 δ’
1443 2496 1525 2577 ἄρ’
1550 2502 1756 2579 ὁμαρτῆ

310 2584 397 2642 καὶ
422 2585 648 2666 κραδίην
676 2585 835 2645 δειλοὶ
859 2584 951 2644 καὶ
976 2586 1103 2663 γυῖα
1130 2582 1345 2644 πέλουσ’
1374 2584 1652 2664 ἀμενηνοὶ,

312 2670 444 2730 ἀλλὰ
471 2671 693 2733 πόδεσσι
717 2672 842 2732 θοοί·
870 2681 1035 2733 τοῖσιν
1061 2672 1118 2732 δὲ
1144 2673 1254 2741 θεὸς
1282 2673 1413 2756 πόρε
1435 2673 1639 2749 πάντα,

232 2779 281 2819 ⁴20
317 2758 507 2840 βουλὴν
532 2762 839 2844 κερδαλέην,
867 2761 1119 2844 κρατερὸν
1149 2761 1341 2841 δέμας,
1370 2763 1510 2823 ὠκέα
1537 2765 1678 2843 γυῖα.

314 2849 664 2929 Γιγνώσκουσι
694 2851 737 2909 δ’
771 2851 988 2919 ἕκαστος
1014 2855 1103 2925 ἑῆς
1130 2852 1309 2934 φύσιος
1338 2853 1505 2912 κλυτὰ
1534 2856 1705 2937 δῶρα,

316 2939 411 2999 ἔνθ’
436 2938 791 3023 ὀλιγοδρανέες
815 2964 873 3000 τε
900 2941 994 2999 καὶ
1022 2940 1145 3001 ἔνθα
1172 2941 1391 3003 πέλουσι
1421 2944 1670 3026 δαφοινοί.

315 3030 429 3088 Οὐκ
457 3027 645 3113 ἃαφος
671 3029 918 3111 κεράεσσι
946 3030 1168 3111 θρασὺς,
1198 3031 1444 3114 κεράεσσι
1469 3035 1525 3092 δὲ
1550 3040 1754 3116 ταῦρος·

316 3120 373 3175 οὗ
398 3118 659 3197 γενύεσσιν
688 3118 809 3199 ὄρυξ
836 3120 1119 3201 κρατερὸς,
1146 3120 1385 3201 γενύεσσι
1412 3121 1632 3191 λέοντες·

229 3224 279 3263 ³⁵
317 3207 375 3263 οὗ
405 3206 525 3266 ποσὶ
554 3207 828 3290 ῥινόκερως
856 3208 1097 3282 πίσυνος,
1126 3208 1281 3278 πόδες
1306 3210 1446 3270 ὅπλα
1473 3212 1711 3293 λαγωῶν·

316 3292 560 3373 πόρδαλις
582 3286 681 3355 οἶδ’
708 3294 835 3368 ὀλοὴ
863 3296 1165 3375 παλαμάων
1194 3298 1388 3376 λοίγιον
1420 3299 1514 3373 ἰὸν,

317 3383 409 3443 καὶ
432 3384 597 3453 σθένος
624 3385 763 3452 αἰνὸς
790 3384 867 3453 ὄϊς
894 3386 1029 3466 μέγα
1057 3386 1283 3447 λαῖνέοιο
1313 3388 1585 3467 μετώπου,

318 3471 407 3530 καὶ
430 3470 623 3555 κάπρος
650 3471 805 3552 μένος
833 3464 969 3535 οἶδεν
995 3479 1093 3535 ἑῶν
1122 3475 1416 3557 ὑπέροπλον
1444 3478 1685 3541 ὀδόντων.

393 3558 589 3623 Ὅσσαι
614 3562 711 3641 μέν
742 3587 833 3623 νυν
861 3562 1009 3623 ἔασιν
1034 3566 1391 3647 ἐπακτήρεσσι
1420 3569 1678 3650 δαφοινοῖς

232 3670 283 3708 ιο
323 3651 563 3727 μουναδὸν
592 3654 647 3711 ἐν
676 3648 983 3713 σκοπέλοισι
1008 3655 1326 3737 προμήθειαί
1351 3680 1408 3713 τε
1431 3655 1603 3735 πάγαι
1629 3682 1714 3731 τε,

322 3740 617 3817 κεκριμένας
642 3742 912 3823 φράσομεν
942 3742 1007 3815 θή
1015 3767 1107 3822 ρας
1132 3743 1220 3802 ἐπὶ
1248 3745 1428 3824 θηρσὶν
1458 3746 1712 3814 ἑκάστοις·

324 3825 439 3894 ξυνὰ
461 3826 519 3887 δέ
542 3834 589 3889 τ’
619 3828 756 3889 ὅσσα
782 3829 1049 3903 πέλουσιν,
1078 3832 1261 3909 ὁμοίης
1287 3832 1511 3915 ἔλλαχεν
1540 3837 1694 3916 ᾠδῆς.

326 3916 482 3975 Ξυναὶ
509 3918 791 3999 θηροσύναι
822 3920 880 3982 δὲ
900 3919 1076 3992 λίνων,
1104 3914 1251 3988 ξυναὶ
1284 3916 1343 3977 δὲ
1368 3922 1640 4004 ποδάγραι-

329 4002 443 4071 ξυνὰ
467 4006 521 4063 δέ
545 4008 593 4065 τ’
622 4007 939 4089 ἀνθρώποισι
967 4008 1213 4069 ποδωκέα
1240 4010 1413 4069 πάντα
1442 4014 1658 4089 γένεθλα

237 4112 289 4151 ⁴⁵
324 4090 490 4161 ἵπποις
513 4093 607 4166 ἠδὲ
633 4093 845 4155 κύνεσσι
874 4096 1146 4175 διωκέμεν·
1172 4097 1365 4159 ἄλλοτε
1392 4100 1437 4157 δ’
1464 4106 1588 4159 αὖτε

326 4181 411 4239 καὶ
436 4182 637 4261 μούνοις
658 4184 869 4245 ἵπποισι
894 4190 1062 4244 κυνῶν
1086 4186 1210 4266 ἄτερ
1238 4186 1347 4255 ἰθὺς
1376 4188 1625 4247 ἐλαύνειν·

327 4269 548 4333 ἵπποισιν
576 4272 841 4351 κείνοισιν,
874 4274 987 4334 ὅσοι
1014 4276 1136 4357 περὶ
1166 4276 1414 4357 Μαυρίδα
1442 4281 1597 4354 γαῖαν

330 4360 575 4440 nificare,
602 4360 639 4434 ἢ
668 4361 973 4423 Λιὸύεσσιν·
1000 4362 1112 4423 ὅσοι
1141 4364 1215 4442 μὴ
1242 4364 1428 4444 κάρτεϊ
1454 4370 1645 4446 χειρῶν

330 4448 566 4531 άγχονται
594 4451 831 4536 ψαλίοισι
862 4452 1188 4534 βιαζομένοιο
1214 4456 1430 4535 χαλινοῦ
1446 4502 1459 4528 ,

238 4559 291 4597 on
329 4540 575 4599 πείθονται
603 4542 659 4601 δὲ
687 4540 939 4619 λύγοισιν,
968 4542 1073 4615 ὅπη
1091 4542 1288 4623 ’βροτὸς
1314 4544 1636 4623 ἡγεμονεύει.

329 4628 567 4689 Τοῦνεκεν
594 4630 883 4690 ἱππελάται
910 4630 1093 4691 κείνων
1122 4630 1429 4712 ἔπιὸήτορες
1456 4632 1635 4691 ἵππων

336 4714 419 4787 ἠδὲ
442 4717 595 4786 κύνας
618 4718 861 4779 λείπουσι
890 4719 1093 4801 φίλους,
1122 4712 1331 4779 πίσυνοί
1356 4721 1403 4779 τ’
1434 4723 1649 4781 ἐλόωσιν

332 4802 494 4875 ἵπποις
514 4808 691 4879 ἠελίου
718 4833 778 4868 τε
810 4811 973 4890 βολῇ,
1006 4808 1097 4869 καὶ
1125 4808 1304 4892 νόσφιν
1334 4812 1569 4892 ἀρωγῶν.

338 4894 489 4953 Ξυνὸν
518 4897 799 4967 ἀκοντίζειν
826 4896 883 4957 δὲ
908 4898 1000 4957 καὶ
1028 4898 1177 4958 ἀντία
1204 4898 1505 4969 τοξάζεσθαι

243 5002 295 5040 aa
336 4984 480 5063 θῆρας
506 4986 850 5069 ἀρειοτέρους,
876 4987 1003 5047 τοίτ’
1035 4987 1282 5071 ἀνδράσιν
1304 4979 1390 5069 ’ἶφι
1420 4989 1697 5069 μάχονται.

410 5072 495 5141 Ἐς
515 5074 569 5133 δὲ
592 5076 735 5136 λίνον
760 5077 925 5159 χρειὼ
952 5076 1185 5137 στέλλειν
1214 5079 1357 5149 οἰήϊα
1387 5078 1575 5156 θήρης,

338 5158 419 5218 καὶ
443 5163 617 5237 πνοιὴν
646 5163 851 5243 ἀνέμων
881 5166 1104 5247 φεύγειν,
1134 5165 1323 5243 ἄνεμόν
1352 5172 1409 5224 τε
1438 5164 1682 5226 δοκεύειν.

340 5238 437 5305 o'ioe
462 5249 515 5310 δὲ
538 5253 870 5335 ποντοπόρων
899 5255 1106 5315 ἀκάτων
1138 5253 1442 5335 ἐπιὸήτορες
1467 5253 1646 5335 ἄνδρες

1852 627 2239 710 νεΐτειωευίεῳιο
2257 645 2457 706 callida,
2479 648 2785 710 versutisque
2802 648 2986 700 artibus

1854 733 2094 782 munitum
2111 747 2222 797 coi-3
2244 733 2339 784 boc
2356 734 2484 784 enim
2504 735 2737 785 adversus
2759 749 2890 787 saeva
2907 752 3078 801 genera

1850 825 2060 885 pugnat,
2079 821 2254 884 quibus
2275 822 2397 872 deus
2413 822 2562 872 robur
2583 824 2820 873 concessit
2838 827 2890 874 et
2906 825 3033 876 vires
3051 827 3214 878 firmas
3226 863 3243 891 ,

1851 913 1902 958 et
1919 909 2106 959 animos
2116 945 2132 971 ‚
2151 924 2213 960 ne
2230 909 2350 974 ipsis
2369 910 2566 974 quidem
2585 911 2736 962 multo
2755 911 2966 964 minores
2983 916 3305 967 venatoribus.

1915 1001 2102 1048 Genera
2121 999 2256 1050 varia
2272 1005 2386 1049 sunt
2411 998 2613 1051 celebris
2635 1001 3412 1067 multisqueretibus-perficienuoe
3493 1073 3496 1076 ἢ

1805 1090 1809 1101 “
1851 1087 2118 1138 venationis
2127 1088 2162 1152 ,]
2180 1088 2488 1152 congruentia
2504 1092 2555 1139 et
2572 1089 2686 1139 feris
2705 1091 2756 1140 et
2771 1090 2992 1152 gentihus
3017 1095 3069 1142 et
3082 1093 3290 1146 vallibus
3301 1131 3317 1156 ,

1848 1175 2128 1238 innumera;
2147 1177 2258 1240 quis
2275 1178 2450 1228 cuncta
2471 1191 2569 1227 uno
2589 1182 2780 1241 pectore
2795 1180 3162 1245 complectatur,

1850 1267 2160 1316 ut·memoret
2174 1267 2285 1328 apte
2301 1265 2488 1316 canoris
2504 1266 2830 1317 carminibus?

1849 1353 1960 1417 quis
1975 1366 2093 1403 vero
2113 1354 2274 1404 omnia
2296 1353 2588 1418 perspiciat?
2606 1359 2656 1405 et
2673 1355 2784 1418 quis
2807 1358 2996 1407 tantum
3013 1363 3212 1421 cernat,

1848 1441 2102 1504 qui-homo
2114 1443 2372 1494 natus-sit?
2385 1441 2486 1494 Soli
2502 1445 2664 1493 autem
2685 1442 2753 1492 dii
2773 1442 3086 1506 facileomnia
3097 1446 3410 1510 perspiciunt.

1845 1530 1944 1582 Sed
1965 1543 2055 1596 ego
2073 1531 2484 1593 commemorabo,
2507 1543 2619 1595 quae
2639 1533 2758 1582 meis
2777 1531 2878 1582 vidi
2895 1533 3074 1594 oculis,

1848 1620 2151 1671 venationem
2174 1620 2473 1683 splendidam
2494 1620 2665 1672 obiens
2682 1621 2954 1672 in-saltibus
2974 1659 2992 1684 ,
3115 1615 3124 1624 ’

1846 1715 1898 1760 et
1919 1721 2030 1772 qum
2048 1721 2110 1759 ex
2129 1707 2402 1760 bominibus
2422 1707 2596 1770 didici,
2619 1707 2798 1772 quibus
2821 1709 2930 1759 haec
2947 1711 3212 1760 curm-sunt
3225 1746 3240 1772 ,

1845 1794 1980 1846 varia
1995 1795 2262 1858 omnigenoe
2293 1795 2516 1846 amabilis
2537 1809 2709 1846 arcana
2724 1797 2840 1848 artis
2853 1833 2869 1860 ‚

1846 1885 2046 1948 cupiens
2065 1885 2168 1934 haee
2185 1884 2347 1934 omnia
2363 1884 2530 1936 Severi
2545 1885 2682 1937 Jovis
2701 1885 2799 1935 iilic

1845 1987 2018 2024 canere
2028 1991 2044 2036 ;
2069 1977 2122 2023 tu
2141 1986 2254 2023 vero
2267 2009 2283 2034 ,
2305 1973 2577 2024 veneranda
2593 1973 2712 2035 dea,
2731 1953 2962 2024 antistita‘
2978 1975 3270 2038 venationis,

1844 2061 2126 2114 benivolens
2141 2061 2285 2112 celeri
2306 2064 2416 2112 ista
2435 2061 2579 2124 regiae
2597 2061 2678 2112 dic
2698 2063 2806 2112 auri
2819 2099 2835 2125 ,

1844 2155 1904 2204 ut
1919 2153 2114 2202 tuorum
2135 2163 2339 2215 operum
2362 2150 2636 2214 praedoctus
2655 2153 2896 2215 praecepta
2916 2152 3078 2202 omnia

1843 2238 2176 2292 rens—occidat
2188 2276 2202 2300 ,
2224 2238 2523 2289 felicissimus
2540 2238 2686 2288 simul
2705 2251 2853 2290 manu
2881 2243 2933 2290 et
2949 2253 3183 2290 camoena.

1906 2332 2135 2380 Ferarum
2154 2328 2262 2377 aliae
2279 2326 2477 2391 quidem
2500 2328 2616 2377 sunt
2633 2331 2873 2390 versutoe,
2895 2328 3108 2392 eallidae,

1844 2417 1930 2468 sed
1957 2430 2154 2480 corpore
2174 2429 2360 2480 parvae,
2381 2416 2488 2467 aiioe
2503 2417 2668 2466 autem
2686 2417 2955 2468 vice-versa
2973 2417 3213 2480 robustae,

1841 2508 2018 2558 astutia
2035 2509 2198 2558 autem
2219 2507 2269 2556 in
2293 2506 2570 2570 pectorlbus
2587 2505 2830 2567 imbelles,
2855 2506 2962 2557 siim
2981 2519 3124 2571 porro
3145 2507 3289 2557 simul

1842 2598 1895 2648 et
1910 2597 2055 2647 corde
2071 2596 2256 2647 timidae
2283 2599 2334 2646 et
2349 2595 2581 2646 membris
2598 2600 2714 2646 sunt
2736 2591 2919 2646 debiles
2931 2631 2947 2657 ‚

1843 2699 2014 2736 verum
2045 2685 2248 2748 pedibus
2279 2685 2522 2747 pernices,
2555 2683 2662 2734 aliis
2696 2683 2904 2746 denique
2933 2683 3055 2735 deus
3081 2684 3376 2747 largitus-est

1841 2774 2002 2827 emula
2022 2773 2062 2838 z]
2082 2773 2336 2824 consilium
2355 2773 2569 2834 vafrum,
2593 2772 2810 2822 validum
2831 2786 3024 2837 eorpus,
3045 2773 3228 2823 velocia
3243 2785 3410 2834 gmua.

1842 2864 2152 2927 cognoscunt
2164 2865 2326 2911 autem
2344 2873 2649 2927 unaquaeque
2666 2873 2769 2910 suae
2783 2862 2970 2910 naturae
2989 2860 3168 2925 inclyta
3183 2873 3384 2910 munera
3395 2895 3414 2925 ,

1840 2960 1891 3004 et
1914 2955 2164 3017 qua-parte
2185 2950 2438 3001 imbecilla
2467 2954 2518 3001 et
2533 2954 2783 3015 qua-parte
2806 2950 2907 3000 sint
2925 2949 3102 3000 noxiae.

1843 3046 1948 3094 Non
1971 3054 2144 3091 cervus
2160 3040 2388 3091 cornibus
2403 3039 2564 3091 audax
2579 3042 2682 3098 est,
2702 3038 2790 3089 sed
2807 3039 3032 3090 cornibus
3049 3040 3242 3099 taurus‚·

1841 3145 1938 3181 non
1959 3130 2094 3193 genis
2109 3142 2232 3193 oryx
2255 3128 2469 3191 validus,
2493 3128 2628 3190 genis
2648 3127 2813 3178 leones
2831 3127 3005 3179 validi
3025 3130 3181 3185 sunt,

1841 3234 1932 3271 nec
1949 3218 2154 3283 pedibus
2169 3218 2446 3269 rhinoceros
2463 3216 2614 3267 fretus
2635 3218 2740 3272 est,
2769 3216 2918 3280 pedes
2937 3228 3074 3266 arma
3093 3215 3314 3279 leporum
3330 3252 3346 3277 ,

1842 3310 2074 3373 panthera
2095 3308 2232 3358 novit
2250 3305 2516 3371 perniciosa
2533 3305 2769 3369 unguium
2791 3304 2936 3355 letale
2953 3318 3076 3356 vene
3082 3318 3228 3367 num,

1840 3400 1892 3449 et
1908 3398 2055 3447 robur
2078 3397 2177 3447 fera
2197 3396 2305 3445 ovis
2325 3407 2553 3457 maguum
2570 3405 2730 3444 saxeoe
2751 3392 2921 3447 frontis
2940 3428 2957 3455 ,

1842 3492 1893 3537 et
1924 3500 2040 3549 aper
2055 3486 2154 3535 vim
2173 3484 2310 3534 novit
2331 3496 2530 3534 suorum
2551 3481 2899 3532 validissimam
2916 3480 3152 3531 denium.

1906 3579 2038 3634 Quot
2049 3573 2246 3638 quidem
2265 3572 2410 3635 igitur
2423 3573 2538 3622 sunt
2558 3570 2871 3621 venatoribus
2891 3570 3105 3621 cruentis

1845 3664 2120 3727 singulatim
2139 3662 2192 3713 in
2213 3660 2424 3725 scopulis
2441 3665 2570 3710 artes
2593 3654 2645 3710 et
2666 3658 2852 3722 laquei,

1844 3755 2089 3817 separatas
2112 3749 2433 3801 edisseremus
2449 3748 2730 3797 venationes
2749 3746 2800 3796 in
2819 3746 2932 3797 feris
2951 3745 3178 3809 singulis3

1844 3831 2116 3893 communia
2141 3853 2258 3889 vero
2275 3851 2388 3902 quae
2405 3838 2546 3899 sunt,
2569 3836 2725 3887 simile
2746 3838 3048 3887 sortita-sunt
3069 3849 3278 3885 carmen.

1844 3935 2137 3982 Communes
2163 3926 2442 3978 venationes
2461 3925 2637 3975 retium
2651 3961 2666 3985 ,
2686 3936 3062 3985 communesque
3082 3922 3269 3986 pedicae
3285 3959 3301 3984 ,

1845 4018 2123 4069 communia
2140 4016 2254 4066 item
2275 4013 2552 4064 hominibus
2575 4012 2760 4063 velocia
2777 4012 2938 4061 onmia
2961 4024 3135 4073 genera

1843 4104 2310 4171 and-persequendum
2324 4101 2464 4165 equis
2481 4102 2532 4151 ct
2547 4101 2748 4152 canibus
2768 4116 2784 4162 ς
2804 4099 3044 4151 interdum
3067 4112 3185 4149 vero
3204 4104 3370 4148 contra

1844 4192 1996 4247 etiam·
2016 4193 2132 4245 solis
2144 4192 2308 4256 equis,
2327 4191 2431 4241 sine
2447 4188 2676 4251 canibus,
2695 4187 3052 4251 ati-agitandum
3075 4192 3205 4237 recta
3222 4224 3238 4250 ‚

1845 4284 1985 4348 equis
2002 4282 2096 4333 illis
2108 4318 2125 4345 ,
2144 4280 2228 4345 qui
2249 4294 2337 4345 per
2349 4280 2686 4331 Mauritaniam
2709 4282 2882 4329 terram

1842 4373 2126 4437 pascuntur,
2151 4375 2236 4421 aut
2257 4369 2490 4421 Africanis
2501 4406 2516 4431 ‚
2535 4369 2620 4433 qni
2639 4381 2736 4418 non
2755 4366 2927 4417 robore
2948 4378 3180 4415 manuum

1844 4462 2131 4513 cohibentur
2151 4459 2330 4523 lupatis
2347 4458 2542 4509 violenti
2565 4458 2715 4518 freni,

1844 4551 1931 4602 sed
1953 4550 2285 4613 obtemperant
2306 4548 2454 4623 virgis
2467 4584 2482 4609 ,
2509 4560 2703 4610 quoquo
2721 4546 2870 4595 homo
2887 4544 3037 4595 ducit.

1845 4638 2054 4691 Proinde
2077 4638 2332 4701 equisones
2352 4636 2546 4687 illorum
2568 4646 2912 4684 conscensum
2926 4645 3160 4696 equorum

1846 4730 1897 4779 et
1917 4740 2060 4778 canes
2081 4726 2360 4791 relinquunt
2380 4725 2587 4784 amicos,
2603 4725 2653 4773 et
2675 4722 2781 4773 freti
2804 4723 3039 4772 venantur

1846 4817 1982 4881 equis
2002 4815 2212 4879 solisque
2233 4814 2406 4875 radiiS,
2429 4816 2480 4864 et
2501 4813 2604 4865 sine
2623 4812 2942 4875 adjutoribus.

1845 4910 2115 4955 commune
2132 4917 2248 4954 vero
2270 4906 2346 4953 esc
2357 4901 2556 4965 jaculari
2581 4902 2630 4953 et
2651 4898 2931 4952 eit-adverso
2949 4898 3292 4961 saginis-ierim

1845 4995 1970 5045 ieras
1992 4992 2328 5043 eminentiores
2342 5028 2356 5051 ‚
2381 5004 2493 5053 quae
2513 4989 2790 5041 hominibus
2807 4987 3032 5038 audacter
3053 4992 3333 5051 repugnant.

1907 5086 2056 5133 Porro
2073 5082 2133 5131 ad
2157 5082 2256 5130 rete
2272 5083 2556 5130 necesse-est
2570 5078 2768 5141 dirigere
2781 5076 3100 5140 gubernacula
3117 5074 3382 5125 venationls
3392 5112 3409 5138 ,

1844 5172 1897 5222 et
1911 5169 2077 5219 flatum
2097 5171 2350 5219 ventorum
2370 5168 2532 5231 sugere
2549 5202 2563 5227 ,
2582 5168 2878 5229 ventumque
2896 5163 3147 5229 speculari.

1845 5258 2099 5321 Quomodo
2116 5260 2278 5307 autem
2309 5256 2698 5319 pontigradorum
2721 5252 3024 5317 navigiorum
3061 5262 3406 5301 conse-eoru
