3767 5825
1216 305 1505 368 Moscm
1556 306 1937 370 IDYLLION
1978 310 2061 370 lv
2073 355 2088 370 .
3181 323 3254 374 83

70 435 303 512 ιοεεῧδομες
322 426 379 494 εὖ
404 435 549 514 μάλα
562 418 777 519 ’μικρὸν
802 435 1062 517 ἆτέρμονα
1083 436 1328 517 νήγρετον
1350 438 1529 500 ὕπνον.

124 523 273 581 καὶσὺ
300 523 389 601 μὲν
410 527 461 582 ἐν
482 533 607 606 σιγᾷ
638 523 1036 602 πεπυκασμένος
1064 524 1245 585 ἔσσεαι
1272 527 1324 583 ἐν
1354 536 1423 606 γᾷ
1440 573 1457 600 ,

124 619 217 677 ταῖς
236 611 473 692 νύμφαισι
500 613 547 671 δ’
568 611 737 681 ἔδοξεν
765 613 847 671 ἀεὶ
873 611 961 671 τὸν
993 612 1253 693 βάτραχον
1284 613 1441 694 ᾅδειν.

124 701 211 767 τᾶς
232 701 275 757 δ’
296 700 395 779 ἐγὼ
417 702 477 759 οὗ
502 699 784 781 φθονέοιμι·
806 700 988 782 τὸγὰρ
1018 701 1173 778 μέλος
1204 704 1261 760 οὗ
1288 702 1447 760 καλὸν
1478 701 1608 783 ᾅδει.

188 787 363 868 ἄρχετε
390 788 663 848 Σικελικαὶ
688 791 764 846 τῶ
784 787 995 856 πένθεος
1027 789 1212 870 ἄρχετε
1236 793 1452 849 Μοῖσαι.

70 874 366 956 ιιιφᾶρμακον
384 867 506 948 ἦνθε
520 921 539 952 ,
562 875 721 948 Βίων,
748 875 869 934 ποτὶ
889 875 978 935 σὸν
998 877 1166 952 στόμα
1184 922 1202 953 ,
1223 875 1494 957 φάρμακον
1524 875 1641 944 ἀδὲς

124 964 339 1030 τοιούτοις
360 963 594 1042 χείλεσσι
614 963 911 1044 ποτέδραμε
936 966 1065 1023 κούκ
1089 967 1409 1044 ἐγλυκάνθη;

124 1051 187 1116 τίς
205 1050 255 1110 δὲ
284 1051 454 1131 βροτὸς
476 1055 750 1112 τοσσοῦτον
780 1051 1035 1131 ἀνάμερος
1057 1051 1093 1122 ἢ
1128 1053 1345 1132 κεράσαι
1375 1077 1453 1111 τοι

124 1139 153 1210 ἦ
176 1141 333 1198 δοῦναι
357 1139 592 1198 λαλέοντι
611 1138 671 1197 τὸ
695 1139 966 1220 φάρμακον
992 1139 1027 1210 ἢ
1051 1137 1206 1220 φυγὲν
1232 1139 1405 1220 ᾧδάν;

192 1226 365 1307 ἄρχετε
391 1226 667 1288 Σικελικαὶ
687 1231 762 1285 τῶ
790 1227 998 1295 πένθεος
1025 1227 1211 1308 ἄρχετε
1236 1229 1458 1289 Μοῖσαι.

70 1315 245 1375 mim
260 1317 387 1377 Δίκα
413 1316 533 1397 κίχε
562 1317 779 1384 πάντας.
812 1314 915 1394 ἐγὼ
938 1317 985 1374 δ’
1011 1317 1097 1374 ἐπὶ
1119 1316 1293 1376 πένθεϊ
1313 1319 1443 1398 τῷδε

126 1403 392 1484 δακρυχέων
413 1403 531 1464 τεὸν
556 1395 692 1464 οἶτον
718 1403 985 1484 ὀδύρομαι.
1016 1406 1061 1462 εἰ
1084 1405 1315 1482 δυνάμαν
1338 1403 1393 1464 δέ
1407 1453 1423 1482 ,

126 1494 183 1558 ὡς
198 1491 402 1574 Ὀρφεὺς
421 1491 659 1560 muca<
673 1493 793 1551 ππὶ
813 1493 1107 1572 Τάρταρον,
1126 1491 1197 1559 ὥς
1209 1493 1329 1552 ποκ’
1347 1492 1646 1565 ’⁰⁸⁰⁶⁶⁸⁶‘’

126 1584 183 1646 ὥς
202 1581 351 1660 κάρος
376 1579 668 1654 Ἆλκείδας,
690 1579 838 1659 κήγὼ
864 1579 985 1660 τάχ’
1014 1579 1076 1638 ἂν
1106 1583 1158 1647 ἐς
1184 1581 1342 1666 δόμον
1362 1573 1511 1652 ἦνθον

128 1669 385 1748 moin-(oc,
414 1669 487 1738 ὥς
514 1693 603 1729 κεν
624 1669 789 1747 ἴδοιμι
809 1669 900 1728 καὶ
927 1672 973 1728 εἰ
1001 1672 1239 1741 Πλουτῆι
1267 1670 1553 1748 μελίσδεις,

74 1760 185 1823 mi<
207 1757 263 1816 ἂν
288 1757 615 1835 ἀκουσαίμαν
642 1755 693 1816 τί
718 1756 1003 1834 μελίσδεαι.
1088 1757 1204 1816 ἀλλ’
1234 1757 1320 1816 ἐπὶ
1345 1758 1508 1840 Κώρᾳ

130 1845 368 1905 Σικελικόν
392 1871 447 1904 τι
470 1845 671 1924 λίγαινε
693 1846 784 1905 καὶ
811 1844 908 1905 ἁδύ
930 1870 981 1904 τι
1006 1845 1378 1926 βιοκολιάσδευ.

130 1933 311 1992 ιάκείνα
333 1933 541 2000 Σικελὶς
568 1933 659 1992 καὶ
683 1936 735 1993 ἐν
758 1934 1075 1994 Αἷτναίοισιν
1105 1933 1315 2003 ἔπαιζεν
1400 1950 1410 1960 ·

130 2021 309 2098 ἅγιεσι,
332 2021 425 2082 καὶ
452 2021 609 2100 μέλος
634 2011 738 2081 οἶδε
763 2021 825 2080 τὸ
849 2019 1067 2096 Δώριον·
1098 2025 1193 2082 οὐκ
1220 2023 1503 2104 ἀγέραστος

130 2110 287 2169 imm·
310 2110 344 2168 ἃ
366 2108 571 2189 μολπά,
595 2112 703 2189 χῶς
730 2109 913 2190 Ὀρφέι
941 2111 1159 2190 πρόσθεν
1189 2109 1380 2170 ἔδωκεν

74 2197 237 2256 ικᾶδέα
260 2197 593 2280 φορμίσδοντι
620 2197 939 2257 παλίσσυτον
968 2199 1325 2278 Εὖρυδίκειαν,

130 2285 205 2344 καὶ
224 2283 305 2364 σὲ,
328 2287 494 2360 Βίων,
516 2286 718 2368 πεμψεῗ
742 2295 846 2354 τοῖς
871 2284 1075 2364 ὦρεσιν.
1108 2289 1153 2344 εἷ
1181 2287 1235 2344 δέ
1261 2311 1312 2344 τι
1339 2288 1513 2366 κήγών

132 2374 353 2452 συρίσδων
378 2374 638 2452 δυνάμαν,
666 2373 812 2454 παρὰ
845 2373 1071 2434 Πλουτέι
1096 2377 1279 2442 καύτὸς
1303 2375 1492 2437 ἄειδον.

666 2619 1096 2725 ΜΕΓΑΡᾼ
1312 2704 1371 2743 ,ι

528 2795 729 2854 ιὟΝΗ
763 2794 1246 2854 ΗΡΑΚΛΕΟΥΣ.
1369 2777 1397 2832 l

669 2931 1007 2977 mammon
1028 2905 1094 2977 λ’.

132 3050 295 3131 Μῆτερ
320 3048 459 3129 ἐμή,
486 3047 621 3131 τίφθ’
647 3038 748 3107 ὦδε
776 3048 924 3129 φίλον
952 3046 1089 3106 κατὰ
1116 3048 1274 3125 θυμὸν
1307 3048 1505 3117 ἷοίπτεις

133 3138 379 3215 ἐκπάγλως
400 3136 670 3218 ἀχέουσα,
698 3135 758 3194 τὸ
784 3136 905 3215 πρὶν
932 3135 992 3193 δέ
1016 3158 1095 3195 τοι
1122 3136 1287 3195 οὐκέτ’
1310 3136 1507 3216 ἔρευθος

132 3224 287 3294 τεύξει’
313 3228 401 3285 ἐπὶ
432 3224 695 3307 ῥεθέεσσις
719 3224 771 3282 τί
794 3247 883 3301 μοι
904 3224 1057 3283 τόσον
1076 3222 1323 3297 ἠνίησαις

135 3306 163 3385 ἶ,
186 3314 225 3393 ῥ’
248 3314 323 3373 ότι
349 3314 522 3393 ἄλγεα
545 3313 744 3391 πάσχει
772 3311 1016 3391 ἀπείριτα
1040 3311 1279 3392 φαίδιμος
1300 3311 1405 3378 υἱὸς

90 3420 109 3457 ε
132 3402 285 3482 ἀνδρὸς
305 3402 393 3462 ὑπ’
418 3402 709 3461 οὐτιδανοῖο
718 3446 735 3474 ,
764 3399 893 3459 λέων
928 3397 1045 3466 ὡςεί
1067 3400 1117 3456 θ’
1138 3398 1239 3457 ὑπὸ
1267 3400 1482 3483 νεὸροῇς

132 3486 247 3567 ὤμοι
267 3490 397 3569 ἐγώ,
424 3489 481 3547 τί
504 3512 563 3547 νυ
588 3487 653 3558 δή
682 3510 749 3565 με
771 3486 877 3547 θεοὶ
898 3486 1049 3545 τόσον
1069 3486 1335 3567 ἠτίμησαν

136 3577 393 3652 Ξθᾶνατοις
422 3575 479 3636 τί
506 3574 569 3635 νύ
597 3579 653 3652 μ’
679 3564 780 3635 ὧδε
808 3578 947 3654 κακῇ
975 3572 1143 3652 γονέες
1163 3573 1312 3633 τέκον
1336 3574 1491 3654 αἴσῃ;

134 3666 351 3747 δύςμορος
368 3710 389 3744 ,
416 3664 505 3735 ἥτ’
537 3662 651 3722 ἐπεὶ
676 3662 855 3744 ἀνδρὸς
883 3658 1146 3739 ἀμύμονος
1172 3662 1221 3727 ἐς
1242 3660 1393 3740 λέχος
1413 3654 1588 3734 ἦλθον,

134 3752 205 3810 τὸν
224 3752 317 3831 μὲν
340 3750 451 3833 ἐγὼ
472 3750 677 3810 τίεσκον
702 3749 819 3809 ἴσον
849 3748 1091 3831 φαέεσσιν
1122 3750 1345 3826 ἐμοῖσιν,

78 3864 115 3901 lo
134 3841 204 3911 ἧδ’
228 3841 303 3899 ἔτι
328 3846 424 3900 νῦν
449 3837 674 3917 σέὸομαί
697 3862 756 3897 τε
779 3837 870 3897 καὶ
894 3836 1133 3914 αἰδέομαι
1160 3836 1297 3896 κατὰ
1320 3838 1496 3914 θυμόν,

134 3932 209 3985 τοῦ
234 3929 277 3987 δ’
299 3924 443 3995 οὔτις
462 3925 627 4004 γένετ’
652 3925 805 3992 ἄλλος
838 3924 1187 4004 ἀποτμότερος
1208 3924 1461 3997 ζωόντων,

133 4014 235 4075 οὐδὲ
256 4016 426 4075 τόσων
458 4012 763 4094 σφετέρῃσιν
791 4009 1038 4091 ἐγεύσατο
1062 4012 1291 4093 φροντίσι
1317 4012 1533 4083 κηδέων.

136 4103 378 4182 σχέτλιος,
400 4102 457 4169 ὃς
484 4099 781 4179 τόξοισιν,ζᾶ
804 4102 853 4159 οἳ
874 4099 1029 4179 πόρεν
1058 4099 1210 4165 αὐτὸς
1234 4099 1494 4159 Ἀπόλλων

132 4189 189 4260 ἠέ
208 4212 337 4256 τινος
368 4191 565 4268 Κηρῶν
589 4186 625 4259 ἢ
650 4186 879 4268 Ἐρινύος
902 4184 1021 4245 αἰνὰ
1046 4187 1299 4264 βέλεμνα,

78 4298 116 4338 ιε
134 4280 307 4345 παῖδας
334 4278 449 4343 ἑοὺς
475 4274 761 4357 κατέπεφνε
789 4274 879 4335 καὶ
907 4276 969 4333 ἐκ
990 4274 1134 4354 φίλον
1158 4272 1319 4333 ὤλεσε
1348 4275 1508 4353 θυμόν

136 4364 433 4443 μαινόμενος
453 4362 591 4423 κατὰ
618 4354 777 4437 οἶκον,
804 4366 834 4421 ὁ
857 4361 903 4421 δ’
930 4360 1153 4439 ἔμπλεος
1176 4361 1293 4422 ἔσκε
1324 4363 1512 4443 φόνοιο.

137 4454 237 4521 τοὺς
260 4454 353 4532 μὲν
377 4452 483 4532 ἐγὼ
515 4451 759 4525 δύστηνος
785 4451 929 4529 ἐμοῖς
951 4450 1059 4509 ἴδον
1081 4452 1419 4531 ὀφθαλμοῖσιν

138 4540 478 4619 βαλλομένους
500 4540 603 4599 ὕπὸ
628 4538 819 4620 πατρί,
845 4538 904 4597 τὸ
926 4540 971 4597 δ’
999 4540 1105 4597 οὔδ’
1129 4538 1255 4618 ὄναρ
1280 4539 1465 4603 ἤλυθεν
1494 4540 1656 4619 ἄλλῳ.

137 4628 242 4688 οὐδέ
268 4652 390 4711 σφιν
415 4628 649 4706 δυνάμην
671 4626 845 4687 ἀδινὸν
866 4628 1139 4687 καλέουσιν
1162 4624 1348 4705 ἀρῆξαι

76 4741 121 4785 ω
139 4718 311 4799 μητέρ’
336 4717 447 4792 ἑήν,
466 4716 581 4777 ἐπεὶ
601 4715 751 4795 ἐγγὺς
773 4715 1013 4789 ἀνίκητον
1035 4714 1195 4774 κακὸν
1217 4706 1325 4785 ἦεν.

139 4808 196 4871 ὥς
216 4804 259 4863 δ’
285 4805 427 4884 ὄρνις
454 4803 673 4885 δύρηται
702 4802 791 4861 ἐπὶ
814 4802 1104 4881 σφετέροισι
1122 4810 1348 4867 νεοσσοῖς

138 4891 453 4969 ὄλλυμένοις,
478 4890 614 4958 οὕςτ’
641 4890 779 4958 αἰνὸς
800 4890 911 4972 ὄφις
938 4890 1016 4949 ἔτι
1042 4890 1412 4969 νηπιάχοντας·

138 4980 341 5057 θάμνοις
366 4982 421 5039 ἐν
444 4987 705 5039 πυκινοῖσι
732 4978 1021 5038 κατεσθίει·
1044 4983 1079 5049 ἡ
1109 4977 1165 5036 δὲ
1194 4979 1309 5036 κατ’
1342 4977 1523 5044 αὐτούς

138 5078 371 5128 mni
398 5068 659 5137 κλάζουσα
684 5066 831 5145 μάλα
850 5066 968 5145 λιγὺ
996 5068 1179 5126 πότνια
1206 5065 1380 5144 μήτηρ
1397 5110 1413 5137 ,

1738 448 2006 498 dormimus
2023 448 2164 498 valde
2178 447 2376 512 longum
2391 447 2634 498 infinitum
2655 449 3007 499 inexcitabilem
3031 462 3272 499 somnum.

1730 539 1779 586 et
1800 539 1858 586 tu
1876 537 2074 599 quidem
2090 537 2235 586 tacite
2251 537 2409 586 tectus
2425 527 2518 585 e⁰ris
2529 537 2580 586 in
2599 537 2727 586 terra
2739 573 2756 599 ,

1730 625 1963 686 Nymphis
1979 627 2142 674 autem
2159 624 2317 673 visum
2339 626 2412 673 est
2428 637 2614 686 semper
2637 637 2802 674 ranam
2826 627 3035 676 cantare.

1730 711 1805 761 his
1813 713 1976 761 autem
1987 711 2173 774 (ran-is)
2185 725 2270 774 ego
2283 712 2432 761 nolim
2445 711 2658 762 invidere
2669 725 2683 773 ;
2695 725 2807 762 nam
2817 726 3010 763 carmen
3023 721 3118 762 non
3133 712 3284 762 suavi-

1854 799 2047 862 incipite
2063 799 2238 850 Siculae
2256 800 2444 848 luctum
2461 799 2654 863 incipite
2670 787 2837 850 Μιιεὲε.
3016 800 3110 863 [ter
3127 801 3280 852 sonat.

1733 899 1973 936 venenum
1989 887 2120 935 venit
2132 923 2146 947 ,
2168 887 2314 949 Bion,
2334 887 2398 935 ad
2419 888 2561 936 tuum
2575 900 2630 937 os
2642 925 2657 950 ‚
2675 900 2912 938 venenum
2935 889 3132 938 insuave

1732 974 1791 1022 ad
1818 973 1934 1023 talia
1951 975 2086 1023 labra
2102 974 2299 1024 accessit
2319 987 2476 1038 neque
2493 975 2636 1025 dulce
2662 978 2806 1038 atque
2823 976 3085 1026 innocuum
3103 976 3285 1026 evasit?

1733 1060 1841 1124 quis
1856 1062 2004 1111 homo
2022 1061 2141 1111 adeo
2159 1061 2358 1111 immitis
2363 1061 2484 1124 suit
2495 1097 2510 1124 ,
2527 1063 2585 1112 ut
2604 1065 2682 1113 vel
2701 1065 2923 1113 mtsceret
2938 1064 3026 1114 tibi

1736 1149 1811 1198 vel
1830 1149 2088 1211 porrigeret
2105 1149 2319 1212 loquenti
2337 1162 2578 1200 venenum
2594 1150 2671 1199 vel
2695 1151 2878 1212 fugeret
2897 1151 3126 1198 cantum?
3143 1165 3156 1197 ι

1857 1236 2053 1300 incipite
2071 1237 2244 1288 Siculas
2267 1237 2455 1286 luctum
2471 1237 2666 1299 incipite
2682 1240 2848 1288 Musae.
3015 1237 3168 1301 [luctu

1736 1336 1908 1374 verum
1928 1327 1958 1374 J
1962 1324 2122 1374 ustitia
2140 1323 2492 1387 deprehendere
2509 1325 2630 1374 solet
2647 1338 2828 1376 omnes.
2849 1339 2936 1388 ego
2953 1327 3117 1374 autem
3129 1311 3180 1374 in
3197 1325 3290 1374 hoc

1737 1412 1956 1462 lacrimas
1977 1411 2181 1462 fundens
2209 1399 2352 1462 tuum
2373 1412 2623 1463 interitum
2648 1413 2862 1476 deploro.
2886 1413 3055 1477 quodsi
3074 1415 3260 1476 possem
3274 1449 3288 1473 ,

1738 1501 1795 1549 ut
1812 1501 2032 1564 Orpheus
2048 1500 2134 1563 qui
2153 1499 2400 1550 descendit
2420 1499 2482 1550 ad
2498 1501 2700 1562 inferos,
2719 1501 2844 1551 sicut
2865 1501 2981 1551 olim
2999 1491 3189 1563 myss‘es
3201 1537 3216 1562 ‚

1740 1589 1794 1637 ut
1809 1590 1922 1638 ante
1938 1601 2052 1637 eum
2068 1589 2277 1650 Alcides,
2297 1590 2444 1638 etiam
2464 1601 2551 1650 ego
2568 1586 2707 1636 facile
2722 1585 2784 1636 ad
2803 1561 3002 1637 do⁹mum
3025 1586 3236 1636 venirem

1739 1675 1980 1738 Plutonis,
1999 1679 2056 1725 ut
2071 1675 2283 1727 viderem
2301 1690 2364 1725 an
2387 1676 2532 1725 etiam
2551 1675 2741 1725 Plutoni
2767 1687 2960 1726 caneres
2971 1712 2986 1736 ,

1738 1767 1797 1813 ut
1812 1764 2028 1814 audirem
2047 1763 2163 1826 quid
2181 1777 2390 1814 caneres.
2417 1763 2502 1814 sed
2523 1761 2654 1826 apud
2680 1761 3010 1824 Proserpinam

1741 1852 1958 1902 Siculum
1975 1851 2172 1914 aliquod
2188 1865 2382 1901 carmen
2400 1850 2646 1900 modulare
2663 1852 2713 1899 et
2730 1863 2875 1899 suave
2893 1847 3088 1911 aliquod
3113 1847 3295 1898 bucoli-

1742 1953 1854 1989 cum
1870 1954 1990 1989 cane
2002 1939 2038 2004 3]
2049 1941 2110 1994 ,et
2125 1940 2208 1989 illa
2228 1940 2390 1990 sicula
2414 1941 2487 1988 est
2499 1975 2514 1999 ,
2540 1941 2588 1987 et
2604 1939 2655 1986 in
2673 1938 2870 1988 AEtnaeis
2888 1935 3084 1989 ludebat

1742 2027 2039 2077 convallibus
2050 2065 2065 2089 ,
2084 2029 2134 2077 et
2150 2039 2344 2077 carmen
2363 2027 2593 2076 Doricum
2611 2025 2778 2087 novit3
2801 2038 2900 2075 non
2919 2026 3020 2074 sine
3038 2036 3237 2073 munere

1743 2116 1833 2165 erit
1850 2128 2044 2165 carmen
2057 2151 2072 2176 ,
2093 2117 2142 2164 et
2162 2115 2289 2165 sicut
2309 2113 2504 2177 Orpheo
2521 2112 2654 2186 prius
2672 2097 2810 2178 dedit·

1743 2203 1953 2253 suaviter
1969 2203 2151 2252 cithara
2168 2203 2357 2252 canenti
2376 2201 2601 2250 reducem
2620 2200 2885 2262 Eurydicen
2900 2217 2926 2262 ,·

1744 2290 1894 2339 etiam
1909 2291 1959 2340 te
1975 2327 1990 2352 ,
2011 2305 2040 2340 o
2061 2291 2178 2340 Bion
2193 2326 2208 2352 ‚
2229 2289 2441 2338 remittet
2463 2288 2720 2338 montibus.
2743 2288 2914 2337 sivero
2933 2281 3048 2350 quid
3066 2290 3115 2338 et
3135 2303 3221 2352 ego

1746 2377 1904 2428 fistula
1920 2391 2096 2428 canens
2112 2391 2297 2440 possem
2314 2415 2329 2439 ,
2349 2376 2476 2439 apud
2502 2377 2754 2426 Plutonem
2773 2377 2822 2425 et
2846 2368 2956 2439 ipse
2967 2389 3204 2428 canerem.

2396 2539 2664 2556 u*—

2294 2633 2760 2722 MEGARA

2144 2800 2386 2860 UXOR
2431 2797 2887 2859 HERCULIS.

2277 2927 2626 2983 IDYLLlON
2663 2926 2755 2979 IV.

1752 3062 1904 3110 Mater
1928 3073 2032 3109 mea
2050 3097 2064 3121 ,
2089 3059 2208 3123 quid
2223 3058 2415 3108 tandem
2433 3059 2502 3107 sic
2517 3058 2732 3107 animum
2749 3056 2937 3119 abjicis,

1752 3148 2046 3199 horrendum
2063 3160 2255 3209 gemens
2267 3184 2282 3209 ‚
2301 3147 2528 3209 pristinus
2543 3159 2660 3195 vero
2675 3145 2764 3195 tibi
2779 3140 2884 3195 non'
2893 3144 3099 3207 amplius
3117 3145 3264 3194 rubor

1754 3237 2062 3287 conservatur
2077 3235 2128 3283 in
2145 3234 2305 3297 genis?
2323 3234 2443 3296 quid
2459 3233 2576 3281 mihi
2592 3233 2843 3295 tantopere
2863 3232 3012 3281 tristis
3029 3235 3111 3282 es?

1754 3339 1817 3375 an
1832 3324 1966 3388 quod
1981 3323 2169 3373 dolores
2185 3322 2366 3386 patitur
2383 3322 2595 3371 infinitos
2611 3320 2821 3383 inclytus
2835 3320 2962 3369 filius

1756 3413 1817 3461 ab
1835 3413 2032 3461 homine
2048 3424 2256 3474 nequam
2271 3448 2285 3472 ,
2304 3412 2536 3471 tanquam
2553 3409 2629 3458 leo
2645 3407 2708 3458 ab
2726 3407 2962 3457 hinnulo?

1758 3501 1853 3551 heu
1871 3500 2014 3550 mihi!
2039 3513 2127 3548 cur
2139 3498 2240 3560 jam
2257 3512 2338 3547 me
2351 3498 2416 3546 dii
2433 3498 2569 3547 tanta
2591 3496 2882 3546 contumelia
2896 3496 3161 3546 affecerunt

1756 3589 2085 3638 immortales?
2103 3600 2252 3651 quare
2273 3596 2352 3635 me
2369 3588 2470 3635 tam
2487 3585 2615 3635 malo
2631 3586 2852 3647 parentoe
2864 3586 3134 3647 genuerunt
3151 3586 3281 3635 iatoi'

1758 3675 1925 3725 infelix
1941 3688 2056 3738 ego,
2080 3687 2192 3736 quae
2213 3674 2471 3736 postquam
2492 3670 2583 3720 viri
2601 3672 2869 3735 praestantis
2889 3671 2939 3720 in
2960 3673 3120 3721 torum
3139 3672 3246 3721 veui
3266 3709 3280 3733 ,

1759 3776 1872 3813 eum
1889 3762 2084 3825 quidem
2103 3776 2188 3823 ego
2211 3761 2430 3809 colebam
2447 3772 2588 3821 aeque
2607 3760 2662 3808 ut
2679 3760 2843 3809 oculos
2863 3772 2996 3808 meos
3008 3795 3022 3813 ,

1759 3853 1811 3901 et
1829 3851 1989 3900 adhuc
2005 3864 2204 3899 veneror
2219 3862 2278 3899 ac
2297 3862 2516 3897 revereor
2539 3860 2602 3896 ex
2618 3847 2780 3895 animo
2793 3883 2808 3908 ‚

1761 3938 1844 3989 sed
1868 3939 1960 3987 boc
1976 3950 2119 3987 nemo
2139 3937 2229 3986 fuit
2249 3936 2372 3985 alius
2386 3935 2616 3984 infelicior
2632 3934 2898 3983 viventium
2912 3971 2928 3996 ,
2976 3950 2990 3973 v

1762 4040 1920 4090 neque
1935 4028 2096 4076 tantos
2113 4025 2210 4074 suis
2227 4024 2450 4086 expertus
2465 4024 2540 4071 ost
2557 4024 2615 4071 in
2640 4021 3004 4084 cogitationibus
3015 4021 3220 4073 doloroe.

1763 4094 1926 4175 miser,
1950 4114 2036 4177 qui
2058 4112 2268 4175 sagittis,
2285 4124 2406 4173 quas
2429 4110 2498 4159 mi
2517 4096 2846 4173 proebuit'ipse
2868 4110 3036 4171 Apono

1764 4204 1865 4253 sive
1884 4202 2086 4264 alicujus
2103 4214 2166 4250 ex
2183 4198 2344 4249 Parcis
2359 4199 2462 4248 sive
2477 4198 2636 4248 Furiae
2655 4196 2756 4246 dira
2779 4196 2876 4246 tela
2888 4234 2903 4258 ,

1764 4292 1940 4341 liberos
1957 4302 2070 4340 auos
2091 4288 2396 4338 interfecit-et
2415 4286 2524 4337 illis
2547 4300 2708 4335 caram
2731 4286 2903 4335 evertit
2923 4286 3132 4335 animam

1764 4380 1928 4429 furens
1943 4378 1994 4427 in
2016 4377 2160 4427 domo
2173 4414 2189 4440 ,
2208 4389 2319 4439 quae
2341 4376 2480 4438 plena
2497 4376 2600 4424 erat
2617 4374 2777 4423 caedis.

1767 4468 1853 4517 hos
1874 4466 2069 4529 quidem
2088 4480 2174 4528 ego
2195 4463 2362 4513 infelix
2378 4464 2497 4513 meis
2520 4462 2615 4511 vidi
2638 4460 2788 4511 oculis

1768 4553 1899 4603 feriri
1916 4567 1945 4602 a
1962 4554 2125 4615 patre,
2149 4553 2201 4601 id
2221 4556 2384 4601 autem
2411 4568 2472 4602 ne
2500 4567 2583 4615 per
2608 4552 2848 4601 somnium
2875 4552 3070 4615 quidem
3101 4552 3233 4602 venit
3259 4550 3318 4601 ad

1768 4640 1962 4705 aliumz]
1975 4654 2136 4703 neque
2157 4642 2270 4703 ipsis
2287 4645 2502 4704 poteram
2516 4654 2656 4703 opem
2670 4640 2792 4689 ferre
2809 4640 2978 4689 crebro
2987 4640 3318 4689 invocantibus

1768 4730 1972 4777 matrem
1991 4742 2126 4779 suam
2140 4765 2154 4789 ,
2183 4728 2296 4791 quia
2312 4742 2460 4792 prope
2479 4727 2792 4790 insuperabile
2809 4729 2990 4777 malum
3007 4730 3125 4777 erat.

1769 4815 1912 4866 sicuti
1929 4818 2092 4866 autem
2109 4816 2326 4879 queritur
2344 4817 2446 4864 avis
2463 4816 2526 4864 ob
2547 4828 2659 4863 suos
2675 4814 2833 4877 pullos
3131 4798 3148 4815 ⁶

1772 4906 2025 4966 pereuntes
2037 4941 2052 4965 ,
2071 4918 2192 4966 quos
2209 4918 2368 4953 saevus
2385 4904 2552 4965 anguis
2576 4902 2732 4952 adhuc
2755 4902 2978 4965 parvulos

1772 4992 1978 5040 arbustis
1993 4991 2044 5040 in
2062 4990 2219 5040 densis
2235 4991 2460 5052 devorat3
2482 4991 2561 5039 illa
2587 4991 2751 5039 autem
2769 4990 2954 5039 circum
2976 4989 3102 5053 ipsos

1772 5078 1943 5128 volitat
1961 5078 2181 5142 clangens
2197 5078 2458 5127 admodum
2481 5078 2680 5128 stridula
2705 5092 2824 5127 voce
2843 5078 2924 5141 pia
2949 5080 3121 5141 mater,

3076 5182 3124 5221 ὓ.
