3767 5825
846 344 1179 408 SERVILll
1220 338 1724 404 DAMOCRATIS
1764 338 1947 419 QUAE
1987 336 2463 399 SUPERSUNT.

168 492 357 549 Λευκοῦ
381 486 428 543 τ’
461 488 743 563 ἅγαρικοῦ,
775 478 1041 561 βουνιάδος
1060 482 1151 535 τοῦ
1180 474 1477 555 σπέρματος
1490 517 1508 549 ,

164 578 366 637 Τούτων
394 572 618 632 ἑκάστου
644 570 737 637 τὰς
758 568 878 635 ἴσας
906 568 1156 626 δυώδεκα·

169 665 271 724 Καὶ
299 661 531 741 σκορδίου
561 662 621 717 ἐκ
650 657 865 738 Κρήτης
889 654 966 714 ἑνὶ
988 653 1182 711 τούτων
1209 650 1347 709 ἴσον·

76 775 141 813 120
168 754 429 833 Σμύρνης,
460 748 679 829 κρόκου,
714 751 809 826 pff,
836 742 1197 823 πετροσελίνου
1216 785 1232 811 ,
1261 734 1559 816 στοιχάδος,

170 844 343 920 Ξηρᾶς
362 837 687 913 καλαμίνθης
706 880 723 909 ,
749 829 1110 910 πενταφύλλου
1139 826 1334 907 ῥιζίων,

168 930 271 989 Καὶ
296 933 381 987 τοῦ
403 924 627 1006 πρασίου
653 922 758 1001 [δὲ]
786 920 1112 999 σπέρματος,
1143 918 1245 973 τῶν
1282 911 1532 993 σφαιρίων

168 1023 359 1079 Λευκοῦ
382 1012 648 1093 πεπέρεως
682 1010 775 1069 καὶ
805 1012 1035 1087 μακροῦ,
1062 1010 1157 1077 τῆς
1180 1002 1401 1072 Ἰνδικῆς

168 1108 368 1185 Νάρδου
391 1102 613 1182 στάχυος
628 1146 644 1175 ‚
668 1097 883 1157 λιὸάνου
912 1119 969 1153 τε
999 1092 1090 1152 καὶ
1112 1088 1464 1170 τερμινθίνης,

78 1216 141 1254 1²⁵
172 1195 367 1255 Κόστου
393 1215 448 1249 τε
471 1192 658 1248 λευκοῦ
683 1186 773 1244 καὶ
804 1183 879 1243 ἔτι
909 1180 1192 1257 ὃικτάμνου
1220 1176 1373 1248 πόας,

168 1280 381 1361 Σχοίνου
405 1301 463 1337 τε
488 1276 565 1355 μὴ
594 1280 696 1333 τῶν
722 1273 973 1354 καρφίων,
1000 1276 1087 1327 τοῦ
1119 1269 1164 1325 δ’
1195 1266 1400 1337 ἄνθεος,

169 1372 343 1448 Ξηροῦ
370 1367 414 1425 τ’
444 1365 703 1445 άὸρέκτου
740 1359 1066 1439 ζιγγιὸἐρεως
1092 1354 1185 1421 τὰς
1211 1353 1355 1425 ἴσας,

172 1456 366 1524 Κασίας
391 1453 641 1529 μελαίνης
666 1454 759 1509 τοῦ
793 1450 971 1529 φλοιοῦ
988 1490 1005 1521 ,
1034 1443 1229 1503 τούτων
1254 1440 1414 1499 πάλιν

166 1548 253 1613 Δὶς
272 1545 404 1625 τρεῖς
430 1542 655 1601 ἑκάστου
683 1537 941 1616 μίγματος
967 1530 1212 1613 δραχμὰς
1244 1529 1493 1607 σταθμῷ·

78 1658 146 1697 isc
172 1634 355 1694 Πολίου
379 1654 434 1690 τε
463 1628 556 1689 καὶ
586 1632 685 1707 φοῦ
716 1628 1003 1695 Ποντικοῦ,
1030 1620 1121 1679 καὶ
1150 1617 1452 1687 θλάσπεως,

169 1718 501 1799 Χαμαίδρυός
521 1740 581 1776 τε
605 1713 697 1773 καὶ
724 1711 976 1792 στύρακος
991 1755 1009 1784 ,
1033 1708 1124 1767 καὶ
1148 1705 1421 1783 κόμμεως,

172 1811 271 1871 Καὶ
294 1809 589 1887 γεντιανῆς,
616 1802 709 1860 noti.
734 1800 953 1878 ἀκόρου,
1021 1795 1119 1867 ήου
1140 1794 1187 1853 τ’
1217 1792 1320 1865 ἔτι,

172 1900 273 1959 Καὶ
293 1892 687 1974 καρδαμώμου,
713 1887 803 1945 καὶ
832 1884 1101 1963 μαράθρου
1130 1885 1219 1940 τοῦ
1246 1878 1573 1959 σπέρματος,

170 1980 527 2047 Ὑποκιστίδος
556 1979 722 2058 χυλοῦ
745 1998 801 2033 τε
826 1972 915 2031 καὶ
942 1969 1245 2051 χαλκίτιδος

82 2098 145 2137 ias
170 2077 391 2144 Ὀπτῆς,
415 2072 659 2148 ὓπερικοῦ
687 2063 984 2144 σπέρματος
1007 2064 1097 2117 τοῦ
1124 2060 1387 2137 Κρητικοῦ
1404 2100 1421 2127 ,

168 2165 339 2224 Χυλοῦ
364 2161 412 2217 τ’
438 2154 659 2221 ἄκακίας
682 2157 776 2222 τῆς
801 2151 966 2220 καλῆς
994 2150 1152 2227 ὑγρᾶς
1178 2142 1288 2221 ἔτι,

172 2254 415 2328 Καθαρᾶς
438 2268 498 2303 τε
526 2242 713 2323 νάρδου
742 2240 1031 2311 Κελτικῆς,
1065 2231 1156 2292 καὶ
1184 2229 1458 2307 Λημνίας,

172 2331 530 2413 Χαμαιπίτυός
554 2353 614 2389 τε
642 2327 733 2386 καὶ
759 2326 1005 2402 άμμεως,
1035 2320 1126 2381 καὶ
1152 2320 1401 2385 σεσέλεως
1419 2363 1436 2394 ,

172 2423 452 2503 Ἀνισαρίου
480 2442 537 2478 τε
567 2416 863 2497 σπέρματος
884 2408 1276 2491 πεφρυγμένου,

86 2526 147 2563 uu
176 2504 386 2583 Βότρυός
407 2506 453 2559 τ’
480 2496 733 2576 ἀμώμου,
755 2492 1095 2570 μαλαὸάθρου
1119 2486 1327 2568 φύλλων
1355 2484 1499 2555 ἴσας,

178 2593 394 2652 Πάντων
419 2589 465 2647 δ’
496 2587 718 2647 ἑκάστου
747 2581 839 2639 δύο
867 2575 1107 2659 δραχμὰς
1130 2576 1175 2657 ῥ’
1204 2573 1453 2633 ἐπεντίθει
1480 2572 1563 2649 (Ρ),

179 2682 280 2739 Καὶ
312 2676 583 2757 βαλσάμου
608 2674 813 2749 καρποῦ
838 2690 896 2726 τε
916 2667 1009 2731 τὰς
1027 2664 1195 2731 ἀὐτὰς
1222 2661 1311 2721 δύο
1328 2684 1341 2697 ·

170 2766 315 2833 Τινὲς
340 2766 393 2824 δὲ
416 2764 613 2823 τούτων
636 2762 695 2819 οὗ
719 2760 895 2822 καλῶς
918 2753 1019 2812 ἀνὰ
1040 2753 1293 2833 τέτταρας
1310 2774 1322 2787 ·

174 2855 537 2920 Ὀποπάνακος
556 2849 609 2909 δὲ
634 2853 723 2907 τοῦ
748 2843 999 2924 δακρύου,
1024 2841 1115 2901 καὶ
1140 2836 1443 2920 χαλὸάνης,

88 2969 149 3005 ιιι»
174 2946 376 3006 Δαύκου
405 2966 461 3003 τε
490 2942 719 3018 καθαροῦ
744 2934 1045 3014 σπέρματος
1062 2935 1165 2988 ’τοῦ
1194 2929 1457 3006 Κρητικοῦ
1474 2971 1490 2996 ,

176 3035 283 3094 Καὶ
307 3030 581 3110 καστορίου
595 3074 611 3100 ,
634 3024 726 3083 καὶ
750 3023 1059 3100 σαγαπηνοῦ
1087 3015 1221 3096 [τοῦ]
1248 3011 1581 3096 προσφάτου,

176 3119 490 3199 Κενταυρίου
516 3140 575 3174 τε
604 3115 870 3193 Κρητικοῦ
902 3105 976 3184 μὴ
1002 3105 1305 3186 προσφάτου
1321 3150 1338 3177 ‚

176 3205 557 3290 Ἀριστολοχίας
581 3226 639 3261 τε
660 3197 983 3268 λεπτοτάτης
1011 3194 1167 3273 ξηρᾶς
1195 3193 1395 3260 καλῶς,

173 3300 379 3359 Τούτων
406 3295 561 3354 πάλιν
596 3289 816 3349 ἑκάστου
846 3282 1089 3365 δραχμὴν
1116 3282 1161 3363 ῥ’
1186 3277 1433 3338 ἐπεντίθει
1465 3277 1545 3353 (i)-

88 3409 151 3444 15⁰
172 3385 315 3446 Ἴσον
338 3385 529 3442 τούτων
555 3378 597 3436 θ’
628 3377 703 3435 ἑνὶ
726 3377 916 3445 στῆσον
942 3369 1207 3450 ἀσφάλτου
1237 3368 1400 3436 καλῆς
1418 3387 1432 3400 ·

174 3471 325 3538 Τινὲς
348 3473 398 3529 δὲ
428 3469 529 3527 ἀνὰ,
557 3465 647 3525 δύο
670 3462 825 3544 φασὶν
850 3457 979 3538 ὅπερ
1010 3460 1067 3515 οὗ
1100 3453 1354 3534 βούλομαι
1371 3476 1384 3489 ·

180 3560 417 3621 Πολλάκι
443 3557 545 3636 γὰρ
568 3556 762 3622 αὐτῶν,
792 3552 863 3614 ὡς
888 3545 1070 3625 ἔγραψ’
1090 3540 1369 3600 ἐσκεύασα·

171 3650 331 3710 Οἶνον
354 3645 651 3722 Φαλερίνου
678 3643 768 3697 τοῦ
793 3636 955 3695 καλοῦ
982 3631 1041 3689 τὸ
1064 3628 1357 3706 σύμμετρον
1374 3648 1389 3663 ·

178 3739 402 3801 Μέλιτος
430 3732 556 3792 δέκα
585 3728 773 3806 λίτρας
788 3724 1020 3781 Ἀττικοῦ
1044 3723 1132 3776 τοῦ
1163 3712 1487 3795 προσφάτου.

94 3847 155 3883 ιτή
178 3825 389 3885 Τούτων
418 3823 462 3880 δ’
494 3818 529 3878 ἃ
561 3816 653 3893 μέν
678 3817 789 3872 ἐστι
818 3807 1103 3886 σπέρμαθ’,
1129 3803 1169 3862 ἃ
1187 3803 1243 3861 δὲ
1270 3800 1421 3881 χυλοί
1452 3821 1625 3873 τινων,

176 3913 235 3974 Ἃ
265 3913 305 3971 δ’
332 3911 441 3971 ἐστὶ
469 3907 643 3987 φύλλα
664 3903 755 3962 καὶ
782 3897 982 3976 δάκρυα
1011 3892 1101 3953 καὶ
1130 3890 1297 3971 ῥιζία,

181 4003 473 4080 Ἐλάχιστα
498 3997 546 4054 δ’
578 3993 747 4051 αὐτῶν
780 3993 879 4046 κάν
912 3982 1188 4061 μετάλλοις
1213 3978 1430 4056 γίνεται.

180 4088 379 4152 Χυλοὺς
402 4084 497 4162 μὲν
523 4072 629 4152 οῦν,
658 4072 857 4156 δάκρυά
889 4071 991 4151 [τε]
1022 4067 1112 4126 καὶ
1143 4064 1433 4143 μεταλλικὰ

180 4177 320 4258 Οἷνῳ
344 4172 549 4242 λέαινε,
579 4166 669 4226 καὶ
696 4164 901 4240 μέλιτος
930 4161 1090 4216 ποιῶν
1121 4155 1315 4233 πάχος,

96 4285 159 4322 {on
181 4267 263 4325 Τὰ
287 4262 422 4323 λοιπ’
446 4257 693 4317 άποδίδου
722 4250 854 4331 ξηρὰ
882 4249 1056 4306 πάντα
1088 4243 1327 4322 μίγματα
1344 4285 1362 4317 ,

189 4350 429 4412 Κοπέντα
451 4347 543 4407 καὶ
572 4341 795 4415 σηθέντα
820 4338 998 4412 λεπτῷ
1028 4330 1273 4409 κοσκίνῳ,

182 4441 347 4509 Μίξας
373 4437 418 4497 τ’
442 4434 701 4509 ἐπιμελῶς
729 4425 895 4496 αὐτὰ,
926 4419 1195 4500 παράχεον
1218 4415 1334 4475 τότε

186 4526 351 4593 Ζέσας
374 4525 447 4592 δὶς
470 4521 507 4592 ἢ
530 4519 640 4600 τρὶς
660 4515 721 4574 τὸ
747 4514 895 4591 με’λι,
917 4508 1007 4569 καὶ
1032 4507 1219 4570 δεύσας
1240 4503 1399 4561 πάλιν

185 4615 484 4686 Ἀποτίθου,
513 4606 789 4690 φυλάττων
818 4600 892 4679 μὴ
922 4595 1137 4668 ξυλίνοις
1164 4593 1395 4668 ἄγγεσιν,

99 4726 161 4764 ica
186 4706 405 4765 Μᾶλλον
429 4699 473 4760 δ’
504 4695 755 4765 ὕαλίνοις,
786 4687 1068 4769 κερατίνοις
1096 4707 1153 4741 τε
1179 4678 1477 4760 κάργυροῖς,

188 4793 293 4853 Καὶ
319 4783 694 4863 κασσιτερίνοις
720 4803 778 4839 τε
806 4777 897 4838 καὶ
922 4783 1027 4840 τοῖς
1050 4769 1317 4850 κεραμίοις
1342 4767 1571 4829 πυκνοῖς·

188 4880 338 4942 Δίδου
372 4900 429 4936 τε
455 4874 620 4934 πίνειν
650 4869 783 4948 μήτε
809 4863 1013 4946 γεγονὸς
1037 4859 1228 4942 ἀρτίως

181 4969 257 5029 Τὸ
280 4966 583 5047 φάρμακον,
616 4958 751 5036 μήτε
775 4954 931 5012 πάλιν
956 4944 1323 5030 ἕξηρασμένον,

187 5055 361 5136 Ὅπερ
388 5056 435 5112 εἰ
460 5051 661 5128 γε’νοιτο
688 5045 774 5104 διὰ
798 5043 857 5102 τὸ
881 5046 1043 5118 μῆκος
1072 5043 1160 5095 τοῦ
1185 5032 1397 5112 χρόνου,

104 5167 169 5205 170
196 5148 360 5205 Πάλιν
384 5140 536 5209 ζέσας
563 5133 865 5218 πρόσὸαλλε
896 5129 1100 5206 μέλιτος
1127 5123 1441 5199 σύμμετρον,

1699 485 1904 549 AEquale
1926 486 2128 548 pondus,
2153 484 2328 547 agarici
2345 484 2441 534 albi
2455 519 2471 544 ,
2491 482 2686 533 seminis

1699 576 1845 638 Napi,
1868 574 2244 637 uniuscuiusque
2265 573 2520 623 drachmas
2535 572 2790 623 duodecim
2805 610 2820 633 ,

1703 668 1761 713 Et
1788 662 1961 713 scordii
1981 663 2266 713 tantundem
2284 662 2462 713 Cretici
2481 662 2672 723 addito;

1702 754 1910 817 Myrrhae
1923 791 1938 816 ,
1957 754 2113 816 croci,
2135 753 2252 802 rheu
2267 788 2280 813 ,
2304 753 2605 815 petroselini,
2626 752 2919 813 stoechadis,

1703 847 1852 895 Siccae
1868 844 2189 905 calaminthae,
2205 843 2516 905 quinquefolii
2535 848 2709 906 praeter
2725 842 2832 891 haec

1703 934 1944 985 Radiculae
1963 935 2108 994 atque
2127 932 2320 981 seminis
2337 930 2598 992 marrubii,

1704 1023 1970 1073 Globorum
1989 1022 2160 1085 piperis
2181 1020 2278 1071 albi
2303 1022 2352 1070 et
2373 1020 2499 1083 longi
2513 1056 2528 1081 ‚
2548 1022 2694 1083 atque
2713 1020 2890 1069 indicae

1702 1108 1847 1158 Nardi
1866 1109 2034 1172 spicoe,
2055 1107 2238 1168 thuris,
2257 1120 2346 1156 nec
2367 1120 2466 1156 non
2487 1105 2818 1156 terebinthinae

1704 1198 1934 1259 Costique
1959 1196 2176 1257 candidi,
2196 1196 2428 1245 dictamni
2446 1195 2634 1256 herbe,
2665 1195 2856 1257 insuper
2945 1234 2952 1244 .

1703 1286 1846 1336 Junci
1866 1286 2040 1335 florum
2051 1321 2066 1346 ‚
2087 1298 2186 1335 non
2203 1285 2514 1344 festucarum,
2533 1284 2609 1333 bis
2625 1296 2891 1345 compares,

1704 1375 1964 1437 zingiberis
1980 1373 2100 1423 aridi
2122 1386 2218 1423 non
2236 1372 2419 1422 humidi
2438 1385 2593 1435 pares,

1704 1466 1765 1513 Et
1781 1464 1922 1513 casioe
1943 1461 2134 1512 corticis
2152 1462 2299 1524 nigroe
2317 1460 2439 1511 adde
2459 1459 2667 1523 denique

1705 1554 1785 1603 Bis
1800 1552 2100 1615 singulorum
2117 1553 2279 1599 ternas
2301 1550 2557 1599 drachmas
2573 1548 2784 1611 pondere
2801 1565 2817 1609 ς

1706 1642 1920 1704 Poliique
1941 1643 1993 1690 et
2019 1639 2204 1689 Pontici
2227 1639 2356 1703 phu,
2387 1652 2478 1687 nec
2495 1652 2593 1687 non
2609 1638 2850 1700 tinlaspeos
2865 1672 2879 1695 ,

1704 1730 2074 1793 cbamaedryos,
2094 1730 2326 1792 proeterea
2345 1728 2544 1791 styracis
2555 1764 2570 1788 ,
2589 1728 2638 1776 et
2653 1726 2836 1789 gummi

1704 1822 1768 1872 Et
1784 1821 2022 1883 gentianae
2039 1820 2090 1869 et
2107 1819 2235 1868 acori
2250 1854 2265 1878 ‚
2287 1818 2478 1879 meique
2501 1816 2712 1878 insuper,

1706 1912 1767 1958 Et
1789 1906 2084 1957 cardamomi
2097 1944 2113 1969 ,
2134 1905 2244 1956 dein
2263 1905 2477 1955 Ioeniculi
2489 1904 2711 1964 seminis,

1709 1997 2032 2061 Hypocistidis
2049 1997 2209 2056 succi,
2233 1996 2373 2043 tostas
2393 1993 2663 2043 chalcitidis
2675 2028 2690 2051 ,

1705 2086 1944 2140 cretensis
1965 2085 2176 2148 hyperici
2191 2083 2316 2133 adde
2330 2082 2525 2133 seminis
2537 2118 2554 2144 ,
2577 2082 2714 2131 bona

1708 2176 1847 2227 succi
1866 2175 2043 2225 acaciae
2067 2172 2306 2232 humidae,
2331 2170 2561 2233 nardique
2579 2170 2777 2220 Gallicae

1710 2267 1850 2315 Purae
1866 2300 1882 2324 ,
1908 2262 2048 2324 sigilli
2067 2260 2278 2321 Lemnii,
2299 2257 2612 2320 chamaepitys
2624 2291 2640 2315 ,

1710 2357 1909 2412 amcos,
1933 2350 2136 2400 seseleos
2147 2384 2162 2409 ,
2181 2347 2375 2399 seminis
2393 2344 2614 2403 retorridi

1710 2440 1843 2490 Anisi
1856 2476 1870 2500 ‚
1892 2438 2070 2488 amomi
2095 2450 2230 2497 uvae,
2252 2436 2477 2485 soliorum
2499 2431 2790 2483 malabathri

1711 2532 1911 2591 Impone
1929 2526 2184 2576 drachmas
2204 2524 2504 2587 singulorum
2530 2534 2779 2584 compares

1710 2621 1840 2667 Duas
1852 2653 1868 2678 ,
1887 2616 1938 2665 et
1959 2615 2159 2665 totidem
2178 2612 2377 2663 balsami
2397 2612 2584 2662 fructus
2601 2622 2824 2673 quoque,

1710 2707 1803 2757 Sed
1827 2720 1926 2756 non
1949 2706 2042 2755 rite
2059 2701 2207 2766 aliqui
2228 2701 2427 2765 singulis
2447 2700 2567 2750 dant
2577 2678 2838 2763 quattuor}

1712 2794 2012 2859 opopanacis
2033 2793 2296 2855 lachrymm
2307 2827 2322 2852 ,
2353 2791 2586 2853 proterea
2601 2786 2811 2850 galbani,

1714 2885 1960 2948 Daucique
1976 2881 2163 2948 purgati
2188 2878 2426 2932 cretensis
2441 2876 2660 2938 seminis,

1714 2979 1774 3027 Et
1796 2973 2024 3033 castorei,
2054 2969 2272 3034 sagapeni
2291 2969 2480 3031 iungito
2499 2967 2613 3017 novi

1713 3055 2059 3126 centem-iique
2075 3059 2249 3112 cretici
2262 3096 2278 3123 ,
2297 3059 2380 3108 sed
2399 3069 2496 3107 non
2517 3056 2631 3105 novi
2643 3090 2659 3115 ,

1714 3153 2140 3213 Aristolochiaeque
2159 3148 2318 3199 tenuis
2339 3146 2481 3196 siccas
2504 3143 2680 3209 probe,

1716 3245 1902 3294 Horum
1933 3239 2310 3300 uniuscujusque
2341 3236 2416 3284 t’ac
2435 3246 2581 3283 unam
2607 3231 2922 3288 drachmam:

1716 3337 1925 3410 AEquum
1945 3333 2104 3391 statue
2123 3326 2312 3391 pondus
2333 3323 2580 3374 bituminis
2606 3321 2745 3382 boni;

1718 3426 1846 3472 Duas
1863 3421 1962 3468 huc
1983 3417 2180 3480 quidam
2199 3415 2455 3464 contemni.
2471 3410 2600 3474 quod
2619 3409 2867 3473 improbog

1718 3509 2014 3570 Frequenter
2037 3505 2186 3566 ipsam
2205 3540 2220 3564 ,
2237 3501 2390 3552 veluti
2411 3501 2644 3562 scriptum
2662 3499 2752 3560 est,
2779 3495 2998 3554 condidi;

1717 3597 1827 3648 Vini
1847 3595 2032 3646 Falerni
2051 3592 2340 3642 mediocrem
2359 3588 2558 3638 modum
2583 3585 2723 3646 boni3

1721 3686 1874 3736 Mellis
1893 3682 2099 3734 recentis
2115 3680 2260 3732 Attici
2279 3679 2426 3729 libras
2446 3676 2632 3726 decem.

1723 3779 1907 3824 Horum
1926 3785 2038 3821 cum
2057 3769 2188 3818 succi
2212 3767 2436 3831 quaedam
2453 3765 2550 3814 sint
2563 3799 2578 3824 ‚
2595 3761 2774 3812 semina
2800 3759 2894 3808 alia

1724 3863 1853 3914 Folia
1887 3862 2020 3920 brec,
2042 3858 2224 3908 radices
2247 3857 2337 3904 ista
2363 3859 2506 3914 atque
2526 3851 2607 3900 itta
2627 3850 2852 3910 lacrymae

1724 3952 2090 4014 Gignanturque
2111 3946 2160 3995 in
2179 3943 2386 3994 metallis
2411 3938 2541 3989 haud
2565 3933 2923 3998 compluscula}

1722 4045 1900 4092 Succos
1919 4050 2029 4099 ergo
2049 4046 2161 4084 cum
2182 4030 2405 4093 lacrymis
2421 4030 2471 4077 et
2489 4023 2738 4075 metallicis

1720 4132 1869 4179 Teras
1887 4127 2000 4175 vino
2019 4135 2170 4184 usque
2187 4119 2247 4169 ad
2263 4118 2416 4168 mellis
2429 4110 2820 4170 crassitudinum

1724 4215 1942 4266 immitte
1965 4223 2075 4275 quae
2092 4209 2346 4272 supersunt
2365 4203 2499 4252 arida
2520 4199 2698 4260 onmia,

1726 4308 1987 4366 Postquam
2006 4301 2208 4348 contusa
2225 4298 2273 4345 et
2291 4293 2437 4342 denso
2461 4291 2642 4339 increta
2658 4287 2772 4336 sunt
2790 4284 2948 4334 cribro
2959 4320 2974 4343 ‚

1724 4393 1985 4454 mixtisque
2009 4388 2176 4438 exacte
2193 4383 2342 4434 addas
2361 4379 2456 4430 mel
2475 4377 2606 4442 quod
2625 4372 2864 4424 deferbuit

1724 4483 1803 4534 Bis
1819 4484 1982 4539 terve3
2011 4475 2183 4526 deinde
2200 4473 2284 4522 ubi
2303 4483 2467 4520 rursus
2487 4464 2712 4527 rigareris
2723 4499 2738 4522 ,

1727 4576 1922 4634 Repone
1941 4570 1992 4617 et
2018 4577 2158 4616 serva
2177 4559 2383 4611 vasculis
2399 4570 2498 4606 non
2517 4553 2683 4616 ligneis
2695 4589 2708 4612 ‚

1728 4659 1824 4710 sed
1845 4655 2009 4706 vitreis
2022 4692 2036 4716 ,
2059 4650 2389 4714 argenteisque
2412 4649 2462 4694 et
2484 4641 2672 4694 corneis

1730 4753 1787 4800 Et
1808 4745 2016 4798 stanneis
2033 4746 2084 4792 et
2105 4739 2355 4797 fictilibus,
2373 4733 2531 4785 densis
2551 4735 2730 4782 tamen.

1729 4843 1799 4888 Da
1823 4833 2004 4899 potioni
2031 4844 2130 4881 non
2147 4839 2313 4878 recens
2338 4825 2516 4874 factum
2534 4818 2702 4877 nimis,

1726 4921 1825 4968 Nec
1854 4925 2020 4963 rursus
2038 4905 2442 4959 medicamentum
2469 4897 2600 4962 quod
2621 4890 2836 4959 peraruit
2861 4913 2874 4941 a

1728 5007 1811 5056 sin
1830 5003 1875 5052 id
1903 4999 2146 5059 contingat
2165 4992 2428 5055 longiorem
2448 4987 2642 5052 propter
2663 4993 2849 5032 moram
2868 5017 2882 5040 ,

1730 5091 1932 5146 infunde
1955 5087 2110 5138 mellis
2130 5082 2260 5147 quod
2279 5081 2354 5130 sat
2371 5077 2595 5141 quodque
2615 5071 2816 5130 ferbuitg

3145 344 3244 394 ¹21
