3767 5825
550 388 631 462 xtj
1903 384 2333 489 PRAEFAUP·

614 520 665 563 tn
687 512 907 587 Meineliii
927 511 1172 563 editione:
1594 521 1646 565 tn
1664 514 1757 565 hac
1775 510 1988 561 editione
2008 526 2021 561 :

554 610 619 676 V..
678 605 770 660 31.
814 599 1097 679 ἀμοιὸαίην
1111 638 1725 660 ................
1739 598 2024 675 ἀμοιὸαίαν

666 693 761 759 34.
801 690 1003 769 πάποχ’
1016 728 1714 749 ..................
1727 686 1934 766 πῄποχ’
1953 689 2038 766 (2)

669 787 761 845 4ι.
803 776 955 855 νομοί
966 816 1741 837 ....................
1755 776 1915 851 νομαί

668 868 761 935 45.
803 858 877 933 οἷς
889 905 1783 925 .......................
1797 864 1875 930 ὄις
1903 863 1985 943 (3)

667 966 760 1031 49.
806 957 960 1031 ent-sav
974 994 1749 1014 ....................
1766 954 1931 1030 αἰγῶν

667 1045 760 1101 52.
803 1046 874 1109 ὥς
886 1082 1819 1102 ........................
1831 1043 1915 1119 χῶ

666 1134 759 1192 62.
804 1130 965 1197 οὕτως
979 1170 1753 1189 ....................
1760 1131 1926 1195 ουτῶς

666 1222 760 1279 63.
804 1224 908 1279 τῶν
931 1219 1167 1279 τοκᾶδων
1182 1247 1219 1276 .·
1222 1258 1673 1277 ............
1690 1224 1786 1274 τᾶν
1805 1216 2041 1277 τοκᾶδων

665 1330 759 1380 71.
803 1308 970 1366 ἀεῖδεν
986 1347 1799 1367 .....................
1814 1304 2002 1365 ἀείδειν

666 1400 758 1469 73.
802 1396 1129 1478 παρελεῢντα
1155 1408 1213 1452 ει
1234 1386 1391 1471 ἦμες.
1418 1394 1747 1475 ,παρελᾶντα
1767 1407 1825 1451 et
1844 1384 1978 1469 ἦμεν
2000 1394 2080 1472 (4)

664 1506 757 1557 77.
800 1486 1152 1564 αἰθριοκοιτῆν
1165 1524 1620 1541 ............
1635 1484 1996 1559 αἰθριοκοιτεῖν

663 1578 756 1632 82.
798 1575 972 1653 λεῖχιιν
986 1613 1723 1630 ...................
1736 1570 1932 1649 λείχειν

663 1682 733 1738 9¹
745 1706 757 1720 .
803 1659 997 1741 Δάφνις
1010 1694 1091 1710 —
1106 1667 1301 1737 πρᾶτος
1314 1700 1567 1717 .......
1582 1666 1781 1737 πρᾶτος
1797 1692 1871 1703 —
1887 1656 2084 1740 Δάφνις

706 1840 765 1899 3.
810 1835 900 1895 ἐπὶ
912 1878 1769 1895 ......................
1783 1833 1886 1893 ὑπό
1921 1834 2003 1913 (5)

703 1928 756 1982 6.
803 1915 950 1990 αὖτις
962 1963 1420 1983 ............
1445 1966 1457 1976 -
1486 1965 1738 1983 .......
1754 1913 1900 1990 αὖθις

673 2037 692 2071 ι
707 2017 763 2076 3.
809 2016 994 2096 ἐρῶντι
1008 2055 1664 2073 .................
1678 2014 1811 2093 ἐρῶν
1840 2010 1902 2071 τὸ
1920 2012 2002 2092 (6)

604 2186 674 2246 (2)
710 2181 783 2232 Cf.
809 2181 1001 2231 Ain-ens
1033 2185 1106 2230 De
1145 2181 1256 2229 dial.
1292 2186 1411 2230 Dor.
1442 2198 1489 2247 p.
1540 2183 1653 2230 363.
1675 2209 1738 2217 —
1773 2185 1838 2231 V.
1871 2192 1933 2240 42
1966 2181 2086 2229 reci-

543 2256 771 2329 p'pndum
810 2256 1001 2305 videtur
1020 2272 1077 2305 ex
1104 2256 1324 2323 plurimis
1350 2255 1637 2322 optimisque
1660 2255 1906 2305 codicibus
1927 2256 2088 2313 πηδῶ-

542 2352 637 2393 σιν,
666 2332 943 2382 scaeuriunt.
976 2333 1102 2381 Nam
1130 2342 1296 2380 auctor
1321 2330 1467 2395 hujus
1501 2330 1723 2380 carminis
1763 2330 1856 2379 alia
1895 2346 2086 2395 quoque

542 2409 635 2458 sibi
662 2409 807 2458 licere
825 2406 1019 2473 putavit.

609 2484 682 2548 (3)
718 2480 1050 2532 Audacissime
1101 2486 1315 2527 versatur
1358 2479 1407 2528 in
1456 2478 1549 2529 hoc
1597 2479 1810 2529 carmine
1856 2478 2084 2528 mutando

549 2562 603 2609 C.
634 2560 695 2605 Η.
737 2556 915 2615 lVee'se,
955 2555 1005 2604 in
1048 2568 1168 2603 nova
1206 2553 1419 2603 editione
1446 2563 1733 2620 stereotypa,
1770 2554 1897 2619 Lips.
1943 2556 2083 2610 ι843.

542 2636 639 2695 Ego
659 2634 755 2697 jam
773 2632 823 2682 in
849 2629 1033 2680 Adnoe.
1059 2630 1109 2677 ιἰι
1144 2626 1343 2677 ΤΙιεοεν.
1376 2646 1423 2695 p.
1456 2629 1513 2690 57
1546 2628 1759 2695 exposui,
1784 2628 1845 2678 de
1870 2628 2085 2678 hemisti-

542 2706 663 2757 chiis
680 2722 723 2755 ν.
746 2708 809 2763 43
838 2715 886 2753 ει
902 2714 965 2766 47
994 2702 1364 2769 transponendis
1380 2712 1628 2770 propterea
1653 2720 1749 2752 non
1776 2703 2083 2768 cogitandum

542 2797 666 2840 esse,
683 2778 813 2844 quod
836 2779 957 2828 aiter
996 2778 1057 2826 de
1089 2776 1285 2826 alterius
1308 2792 1467 2825 amore
1492 2778 1733 2842 loquatur,
1759 2777 1825 2825 ita
1853 2786 1908 2825 ut
1924 2792 2086 2825 sensus

540 2857 601 2906 sit
623 2856 889 2905 Menalcas:
915 2870 1004 2922 ego
1030 2850 1167 2901 doleo
1190 2863 1337 2901 tecum
1360 2853 1443 2921 qui
1464 2869 1596 2901 amas
1611 2851 1831 2922 pulcram
1850 2851 2078 2920 puellam,

445 2955 453 2964 ·
541 2941 685 2997 atque
720 2929 1023 2995 Daphnidis:
1056 2939 1144 2994 ego
1180 2926 1318 2976 doleo
1355 2939 1503 2976 tecum
1546 2928 1626 2996 qui
1664 2945 1796 2976 amas
1839 2929 2082 2980 Milonem.

541 3007 593 3056 ld
621 3016 778 3056 antem
817 3004 1053 3071 probatur
1078 3003 1218 3052 ctiam
1251 3002 1410 3051 verbis
1431 3002 1595 3068 παντᾷ
1623 3003 1686 3070 ,δὲ
1726 3003 1970 3065 γάλακτος
2007 2999 2086 3052 οὖ-

544 3083 667 3131 Θατα
694 3081 959 3138 πλήθουσιν
989 3079 1055 3142 (v.
1084 3079 1169 3140 4ι)
1192 3086 1334 3142 atque
1363 3076 1459 3127 ἔνθ’
1480 3077 1576 3135 ὄις,
1607 3076 1701 3126 ἔνθ’
1732 3071 1871 3140 αἶγες
1893 3079 1958 3141 (v.
1977 3079 2080 3142 45),

544 3171 692 3220 quum
714 3154 959 3202 Menalcas
982 3151 1153 3216 opilio,
1184 3150 1405 3216 Daphnis
1432 3151 1673 3200 bubulcus
1701 3152 1777 3201 sit.
1799 3151 1986 3200 Pariter
2006 3153 2084 3216 ju-

542 3229 668 3277 dicat
701 3226 927 3292 Ziegler.‚
980 3241 1264 3290 quamquam
1318 3241 1475 3274 meum
1524 3241 1701 3274 nomen
1740 3242 1837 3274 non
1884 3224 2083 3282 addidit,

542 3307 690 3354 Porro
726 3319 771 3352 v.
811 3302 874 3359 45
914 3316 1140 3349 numerus
1178 3300 1426 3363 singularis
1456 3299 1774 3364 praeferendus
1821 3300 1914 3349 fuit
1943 3301 2084 3349 etiam

547 3387 745 3445 propter
770 3375 1007 3426 rationem
1030 3373 1448 3439 antistrophicam;
1484 3389 1591 3421 nam
1614 3373 1777 3440 παντᾷ
1805 3373 1893 3440 ἔαρ
1922 3375 2086 3438 singu-

544 3454 692 3504 larem
726 3449 947 3500 similiter
973 3447 1189 3513 sequitur
1228 3448 1419 3513 piuraiis
1443 3447 1605 3514 παντᾷ
1631 3447 1683 3496 δὲ
1704 3449 1869 3513 νομαί.
1903 3453 1976 3496 De
1997 3448 2087 3497 hac

544 3529 792 3593 utriusque
814 3523 1001 3574 numeri
1010 3525 1233 3589 junctura
1252 3521 1359 3571 vide
1381 3527 1446 3572 V.
1468 3524 1578 3572 136.
1606 3527 1696 3573 x1.
1727 3539 1811 3572 10:
1836 3525 1895 3574 οὐ
1920 3525 2088 3588 μάλοις

544 3605 659 3656 οὐδὲ
684 3603 811 3670 ῥόδῳ
829 3601 943 3651 οὐδὲ
965 3600 1212 3655 κικίννοις.
1233 3601 1349 3648 ΧΠ.
1372 3599 1419 3647 6.
1439 3597 1629 3647 Mosch.
1654 3603 1744 3648 111.
1772 3604 1819 3648 5.
1844 3602 1910 3648 N.
1937 3596 2086 3648 Baclz.

545 3682 593 3729 in
636 3674 867 3728 Nicandri
905 3675 1071 3740 fragm.
1102 3677 1151 3723 3.
1206 3691 1249 3722 1.
1295 3677 1519 3722 Ceterum
1546 3673 1607 3722 de
1643 3674 1824 3738 iegibus
1865 3673 2088 3722 carminis

542 3753 755 3808 amoebaei
782 3752 963 3819 optime
986 3751 1207 3816 exposuit
1244 3751 1290 3798 J.
1317 3753 1367 3798 S.
1400 3746 1646 3808 Zetes-che,
1672 3749 1721 3796 in
1759 3748 1925 3798 libello
1953 3747 2087 3798 scho-

438 3889 447 3896 ,
544 3825 1216 3891 lasticoAltenburgia.1835
1243 3823 1391 3884 edito,
1410 3838 1691 3888 quamquam
1717 3822 1970 3882 rationem,
1993 3839 2086 3888 qua

545 3907 669 3970 leges
708 3901 942 3969 expositas
984 3899 1229 3950 transtulit
1265 3899 1320 3948 in
1357 3913 1545 3947 carmen
1589 3897 1681 3946 hoc
1722 3896 2088 3957 Theocritaum,

549 3979 754 4048 probate
793 3993 890 4025 non
940 3991 1149 4043 possum.
1192 4003 1257 4012 —
1304 3977 1366 4022 V.
1421 3975 1484 4022 52
1540 3976 1614 4039 χώ
1670 3973 1896 4038 scriptum
1944 3981 2012 4020 est
2062 3989 2089 4021 e

548 4052 719 4104 Weisii
751 4053 1042 4116 conjectura,
1082 4066 1226 4115 quam
1259 4057 1307 4097 et
1346 4047 1497 4113 ipsam
1527 4047 1803 4096 dubitanter
1840 4045 2089 4113 proposuit

546 4129 749 4193 ziegier.
790 4126 989 4176 Schot:
1013 4125 1114 4175 καὶ
1144 4127 1171 4174 ὁ
1199 4123 1436 4190 Πρωτεὺς
1464 4123 1572 4179 θεὸς
1594 4121 1662 4172 ὧν
1693 4123 1862 4187 φώκας
1892 4121 2084 4186 ἔνεμεν.

558 4201 793 4256 Fritzsche
830 4218 878 4268 p.
932 4203 997 4258 64
1044 4216 1142 4248 non
1178 4201 1301 4249 maie
1342 4198 1584 4264 conjecit:
1610 4199 1748 4262 λέγε·
1797 4199 1969 4247 Μίλων
2023 4195 2089 4252 ὣς

546 4277 785 4346 Πρωτεὺς
812 4279 921 4326 κτλ.
944 4280 999 4324 In
1029 4275 1167 4324 codd.
1196 4277 1225 4323 9
1246 4273 1343 4323 sive
1360 4277 1424 4339 Q.
1450 4282 1498 4323 et
1526 4289 1586 4321 10
1608 4273 1705 4322 sive
1729 4276 1799 4321 M.
1832 4281 1904 4320 est
1944 4272 2085 4336 μίλω.

548 4357 691 4402 —V.
713 4355 776 4400 62
802 4349 962 4407 οὔτ-ῶς
980 4369 1013 4414 9
1040 4350 1139 4398 sive
1157 4353 1220 4413 Q.
1242 4376 1305 4385 —
1322 4351 1385 4397 V.
1408 4350 1472 4404 64
1502 4348 1624 4411 μηδὲ
1652 4347 1822 4406 &stunc
1853 4355 1903 4395 et
1938 4348 2090 4410 ὁμαρ-

550 4431 646 4481 τέω
665 4427 774 4477 cod.
798 4425 1013 4475 vindob.
1045 4424 1179 4474 Stob.
1206 4425 1335 4472 Flor.
1353 4425 1411 4472 T.
1432 4425 1513 4482 78.
1542 4441 1656 4470 2.-
1683 4427 1740 4470 V.
1764 4424 1829 4468 60
1856 4437 2086 4483 γυναικο-

550 4507 701 4570 φίλας.
749 4501 980 4551 Similiter
1022 4516 1065 4549 v.
1104 4517 1165 4563 92
1192 4498 1411 4564 ἄκρηδος
1442 4505 1489 4545 ει
1524 4498 1771 4562 ἀκρήὅης,
1800 4496 2089 4560 φιλοθρηνής

549 4579 755 4647 (Mosch.
779 4583 867 4627 IV.
892 4579 979 4642 66)
1008 4586 1054 4625 ει
1079 4575 1383 4641 φιλόθρηνος.
1404 4573 1513 4621 Alia
1531 4574 1751 4638 exempla
1777 4571 1857 4620 dat
1887 4575 2041 4619 Horu.
2069 4585 2082 4618 ε

555 4655 916 4723 Originationes
946 4652 1127 4719 Epicae,
1151 4647 1471 4713 Rastenburgi
1497 4651 1640 4698 1839.
1664 4666 1712 4714 p.
1738 4658 1795 4704 ι4
1822 4663 1928 4712 sqq.

619 4733 693 4797 (4)
730 4734 999 4794 Utrumque
1028 4744 1085 4776 ex
1112 4725 1254 4776 bouis
1288 4724 1430 4774 codd.
1452 4751 1487 4761 -
1507 4727 1751 4773 Versum
1790 4733 1848 4784 74
1893 4722 2088 4770 sortasse

552 4817 679 4858 recte
705 4805 959 4871 explicavit
981 4806 1034 4853 F.
1058 4800 1223 4850 Didot.
1256 4819 1303 4867 p.
1330 4809 1427 4863 449
1448 4815 1519 4864 sq.
1524 4799 1694 4862 -Qui
1726 4799 1863 4861 vulgo
1891 4805 1959 4846 est
1987 4812 2087 4844 νει-

554 4899 681 4942 sus7
691 4881 844 4941 7,ᾰδυ
875 4879 928 4928 δὲ
944 4881 1020 4944 χώ
1056 4876 1240 4942 μόσχος
1258 4875 1413 4941 γαρύε
1416 4891 1511 4934 ται,
1545 4875 1633 4922 ἁδὺ
1663 4873 1714 4921 δὲ
1732 4875 1799 4937 χά
1804 4837 1942 4936 ξ’βῶεῂ
1978 4887 2086 4918 eum

551 4959 648 5022 jam
678 4955 759 5004 alii
792 4954 923 5002 uncis
952 4952 1259 5011 incluserunt,
1284 4967 1430 5015 quum
1467 4964 1524 4998 ex
1552 4949 1624 4997 Id.
1662 4953 1833 5008 IX...
1874 4947 1924 4995 in
1961 4945 2088 4994 hunc

557 5033 711 5080 iocum
762 5040 938 5079 temere
974 5027 1133 5077 illatus
1172 5025 1419 5092 perturbet
1452 5025 1755 5089 strophaium
1796 5020 2087 5070 concinnita-

558 5117 669 5156 tem.
682 5109 789 5194 ’Eg-o
818 5101 1140 5172 praeeuntibus
1166 5099 1358 5160 Dahiio,
1377 5097 1686 5157 Boissonado‚
1714 5097 1927 5161 Ziegiero
1956 5112 2088 5162 pror-

557 5199 633 5232 sus
649 5182 786 5248 ejeci.

2235 519 2291 561 1ιι
2312 512 2533 565 Μειιιειιίι
2553 512 2763 563 editione
2784 528 2798 561 ι
3215 514 3273 561 tn
3289 507 3385 559 itae
3400 506 3648 560 editione:

2170 606 2240 660 V.
2297 612 2386 671 ι4.
2431 599 2568 660 οὕτω
2590 633 2663 647 --
2683 597 2822 658 οὕτω
2833 639 3133 658 ........
3143 598 3309 667 οδτῶς
3330 632 3410 645 --
3435 600 3606 665 οὓτῶς
3633 598 3704 677 (7)

2298 690 2388 748 ι8.
2431 690 2540 772 πὰρ
2561 688 2686 751 ποσὶ
2698 730 3278 749 ...............
3287 686 3418 771 πρὸς
3447 688 3582 747 ποσὶ

2299 802 2385 856 ¹9·
2429 779 2586 861 χορία
2618 776 2722 847 ζέει
2735 818 3313 839 ...............
3323 774 3484 859 χόρια
3515 780 3595 846 ζεῖ
3633 776 3704 856 (8)

2294 876 2387 936 24.
2431 868 2664 949 αὖτοφυᾶ
2676 908 3296 928 ................
3311 866 3552 945 αὐτοφυῆ

2295 958 2388 1014 26.
2432 954 2805 1037 Ὑκκαρικαῑσι
2817 996 3274 1016 ............
3287 951 3606 1035 Ὑκαρῖαισι
3637 952 3708 1027 (9)

2292 1063 2384 1119 29.
2428 1045 2549 1101 ποκ’
2562 1084 3260 1104 ..................
3271 1040 3383 1101 τοκ’
3453 1041 3706 1099 Meinek.

2252 1202 2262 1213 ⁰
2294 1132 2388 1190 32.
2431 1130 2610 1213 ἴρηκις
2633 1132 2680 1190 δ’
2701 1129 2892 1210 ἴρηξιν,
2912 1130 3060 1207 ἐμὶν.
3087 1128 3295 1213 ‚spem
3313 1129 3360 1187 δ’
3380 1126 3582 1211 ἴραξιν,
3607 1128 3708 1205 ἐμὶν

2845 1219 2894 1279 δ’
2920 1218 2954 1277 ἃ
3581 1215 3636 1276 δέ
3661 1238 3709 1273 τε
3746 1219 3747 1249 ἶ

2182 1375 2189 1382 .
2293 1310 2386 1369 35.
2427 1312 2630 1391 δρεῧντι
2642 1348 3385 1371 ...................
3397 1308 3568 1387 ὅρῆτε

2341 1507 2391 1544 ι.
2434 1484 2696 1558 πεπόνθης
2713 1524 3372 1544 .................
3386 1479 3666 1543 πεπόνθεις

2331 1592 2385 1633 2.
2429 1571 2547 1631 οὔτε
2571 1571 2659 1631 τὸν
2679 1584 2740 1631 et
2763 1570 3008 1653 ωπριν..
2993 1570 3130 1631 .οιἰθ’
3155 1570 3240 1629 ἱὸν
3269 1585 3328 1629 ει
3355 1568 3418 1628 τὸ
3441 1568 3576 1649 πρὶν
3601 1569 3712 1647 (ιο)

2333 1665 2386 1721 3.
2427 1663 2726 1737 λαιοτομεῖς
2738 1702 3320 1719 ...............
3331 1660 3623 1740 &qo-tonsi(

2333 1759 2386 1819 4.
2429 1757 2523 1814 τᾶς
2538 1790 3486 1809 ........................
3500 1736 3570 1811 ἧς
3748 1812 3749 1819 ¹

2303 1838 2390 1894 16.
2431 1834 2732 1913 ἀμώντεσσι
2745 1878 3327 1899 ...............
3339 1834 3645 1913 (ἱμάντεσσι
3748 1832 3749 1883 ζ

2294 1946 2384 1983 2ο.
2431 1924 2594 2003 μηδὲν
2607 1965 3353 1985 ...................
3369 1922 3448 2001 μὴ
3483 1920 3552 1993 δὴ

2299 2034 2391 2071 2ι.
2434 2014 2580 2073 λαῖον
2595 2055 3375 2075 ....................
3387 2012 3519 2093 λᾷον

2925 2200 2981 2232 ιο
3021 2182 3120 2232 sive
3135 2184 3209 2232 M.
3245 2178 3535 2245 Praepositio
3565 2176 3644 2225 ἐπὶ
3663 2190 3718 2225 es

2176 2256 2252 2306 ed.
2285 2255 2504 2322 Caliiergi
2535 2255 2740 2322 primum
2769 2266 2958 2323 recepta
2989 2265 3062 2306 est
3091 2256 3144 2307 in
3187 2255 3264 2306 ed.
3302 2253 3457 2304 Bruh.
3486 2268 3543 2301 a.
3588 2254 3720 2306 1545.

2174 2331 2264 2380 Sed
2291 2332 2340 2380 in
2373 2331 2598 2391 carmine,
2631 2331 2760 2396 quod
2794 2331 3104 2381 Theocritum
3131 2340 3382 2381 auctorem
3425 2327 3615 2377 habere
3651 2328 3720 2375 vix
3750 2352 3751 2381 ι

2176 2414 2351 2473 potest,
2392 2404 2538 2454 satius
2572 2404 2686 2454 duxi
2729 2406 2962 2469 vulgatam
2991 2406 3294 2471 scripturam,
3321 2419 3469 2469 quam
3509 2402 3720 2449 omnium
3750 2436 3751 2451 2

2173 2480 2272 2529 sere
2291 2479 2523 2529 librorum
2547 2497 2801 2530 consensus
2815 2480 3082 2543 confirmat,
3099 2496 3208 2529 cum
3229 2478 3501 2546 Stephano,
3521 2476 3723 2525 Vaicke·

2175 2554 2328 2613 nario,
2361 2556 2613 2613 Brundeio,
2639 2556 2870 2621 PileneJo,
2891 2555 3087 2615 Dahlio,
3114 2554 3310 2612 Geelio,
3352 2552 3462 2602 aliis
3503 2552 3723 2600 intactam

2174 2645 2378 2686 servare,
2420 2629 2678 2695 praesertim
2717 2646 2861 2694 quum
2901 2626 3236 2695 praepositione
3277 2626 3359 2677 ἐπὶ
3398 2634 3604 2692 recepta
3643 2640 3722 2690 pro

2174 2712 2304 2752 certo
2326 2712 2556 2764 sumatur,
2586 2704 2718 2768 quod
2741 2720 2838 2753 non
2877 2711 2951 2752 est
2973 2703 3294 2770 exploratum,
3329 2701 3572 2750 nimirum
3605 2699 3726 2765 apud

2175 2781 2366 2827 Graecos
2389 2776 2604 2827 usitatam
2625 2778 2767 2829 fuisse
2788 2779 2928 2844 liujus
2953 2778 3144 2845 generis
3161 2776 3605 2828 constructionem.
3627 2774 3726 2823 Sola

2177 2851 2453 2920 praepositio
2484 2852 2677 2917 quidem
2719 2853 2969 2920 compositi
3013 2852 3149 2903 verbi
3188 2852 3320 2920 quod
3354 2850 3600 2919 procedit
3625 2866 3725 2899 cum

2171 2944 2309 2976 sensu
2331 2928 2581 2994 compositi
2607 2927 2767 2976 iterari
2795 2927 2933 2988 solet,
2968 2937 3022 2978 ut
3046 2932 3190 2978 vm.
3243 2928 3328 2978 56.
3370 2931 3466 2976 ΧῙ.
3513 2929 3612 2988 33,
3653 2921 3754 2974 sed?

2175 3003 2328 3052 Groeci
2363 3001 2482 3068 quin
2513 3003 2574 3052 ad
2599 3001 2744 3050 aliam
2777 3002 3164 3069 prepositionem
3193 3017 3255 3052 ex
3286 3017 3561 3069 progresso
3607 3017 3729 3048 com·

2241 2180 2314 2245 (5)
2349 2184 2420 2229 Ita
2443 2181 2582 2229 etiam
2611 2197 2643 2244 9
2670 2180 2768 2231 sive
2803 2183 2870 2245 Q.

2175 3079 2330 3143 posito
2352 3077 2497 3127 verbo
2517 3077 2698 3126 nudum
2721 3075 2920 3126 verbum
2938 3078 3142 3144 seposita
3161 3075 3510 3144 praepositione
3529 3075 3732 3142 adjicere

2175 3154 2420 3220 potuerint
2461 3153 2769 3218 cogitatione,
2825 3152 2961 3202 vaide
3003 3152 3325 3202 dubitandum
3377 3162 3471 3201 est.
3521 3151 3732 3200 Verbum

2175 3229 2348 3294 ὑφίημι
2393 3245 2496 3277 mea
2537 3227 2731 3292 quidem
2768 3229 3001 3277 sententia
3041 3227 3167 3277 bene
3211 3227 3443 3294 exposuit
3497 3228 3732 3276 Greverus

2173 3305 2320 3352 &trine
2341 3303 2541 3366 &onage
2569 3304 2710 3351 1830.
2739 3318 2786 3367 p.
2811 3305 2872 3352 78
2893 3319 2963 3367 sq.

2241 3381 2312 3442 (6)
2347 3383 2458 3427 Haec
2473 3377 2709 3442 scriptura
2728 3375 2898 3426 nititur
2925 3375 3208 3428 auctoritate
3225 3376 3401 3444 optimi
3432 3377 3631 3426 codicis
3653 3379 3734 3440 K„

2175 3467 2380 3518 quocum
2407 3450 2679 3514 conspirant
2705 3449 2800 3499 duo
2821 3449 3131 3511 Parisienses3
3150 3460 3299 3516 atque
3323 3449 3532 3514 vestigia
3560 3450 3739 3515 aliquot

2173 3527 2376 3576 aliorum
2405 3527 2620 3574 codicum
2646 3525 2827 3574 ducunt
2851 3525 3040 3574 eodem.
3062 3524 3189 3574 Illud
3224 3525 3282 3574 τὸ
3325 3525 3647 3574 referendum
3675 3532 3739 3571 cst

2177 3601 2238 3650 ad
2266 3601 2554 3650 infinitivum
2581 3601 2779 3650 ἀκούειν
2814 3617 2869 3649 ac.
2894 3599 3040 3650 verba
3067 3601 3126 3650 τὸ
3153 3601 3346 3666 πατρὸς
3381 3601 3562 3664 μύθων
3593 3597 3628 3660 ἢ
3655 3617 3738 3663 μα-

2177 3677 2292 3741 τρὸς
2319 3677 2517 3726 ἀκούειν
2539 3675 2672 3740 quasi
2699 3676 2746 3723 in
2773 3691 2915 3724 unam
2935 3675 3209 3724 coalescunt
3233 3675 3512 3734 notionem,
3539 3691 3654 3740 quae
3671 3692 3740 3724 re-

2177 3749 2306 3798 dolet
2353 3765 2656 3798 communem
2702 3765 2987 3798 sermonem.
3016 3749 3089 3799 Cf.
3133 3751 3205 3799 X.
3249 3749 3334 3799 53.
3375 3752 3586 3799 Mecum
3634 3750 3741 3798 facit

2177 3827 2530 3876 Wordsworth.
2570 3829 2713 3875 Secus
2765 3825 2927 3875 statuit
2967 3823 3230 3890 Pilenejus,
3267 3823 3353 3889 qui
3387 3823 3450 3873 ad
3493 3825 3738 3890 vulgatam

2178 3902 2352 3968 ἐρῶντι
2399 3901 2508 3950 addi
2545 3901 2646 3948 vuit
2680 3916 2786 3949 cum
2831 3898 3084 3949 scholiasta
3129 3897 3419 3948 vocabulum
3465 3900 3654 3956 παῖδες
3701 3909 3744 3947 et

2179 3994 2314 4027 usum
2347 3975 2568 4041 loquendi
2597 3975 2806 4024 firmavit
2848 3974 3102 4042 exemplis.
3148 3974 3245 4023 Sed
3287 3975 3549 4040 quomodo
3581 3975 3633 4023 in
3658 3975 3745 4022 hoc

2181 4067 2305 4100 nexu
2328 4049 2466 4114 adjici
2494 4049 2640 4115 possit
2666 4064 2752 4097 vox
2776 4050 2942 4104 παῖδες
2969 4049 3066 4098 sola
3093 4047 3403 4114 cogitatione,
3423 4063 3520 4112 ego
3547 4065 3651 4096 non
3679 4049 3746 4094 vi-

2178 4127 2284 4177 deo.
2331 4125 2488 4175 Etiam
2527 4125 2726 4189 Ziegler.
2773 4133 2960 4172 secutus
2998 4133 3070 4174 est
3105 4123 3426 4172 Scholiasten.
3469 4125 3744 4189 volgatum

2179 4203 2355 4268 ἐρῶντι
2379 4199 2675 4248 retinuerunt
2705 4199 2846 4247 etiam
2872 4199 3060 4248 Harles.
3090 4207 3138 4248 et
3159 4197 3289 4248 Gaii.

2244 4278 2317 4339 (7)
2353 4275 2507 4323 Etiam
2529 4273 2688 4329 οὓτῶς
2705 4274 2756 4322 δὲ
2787 4277 2816 4323 9
2841 4273 2940 4322 sive
2967 4275 3034 4335 Q.
3073 4271 3228 4339 (prius
3270 4269 3438 4329 οὔτῶς
3468 4274 3582 4340 jam
3623 4275 3746 4341 apud

2179 4349 2505 4399 Gaisi'ordium
2531 4357 2579 4396 et
2601 4347 2810 4397 Gaiiium
2835 4357 2965 4398 recte
2993 4347 3260 4397 indicatum
3281 4347 3394 4412 ast).

2246 4427 2315 4489 (8)
2353 4428 2490 4473 Hanc
2523 4422 2758 4472 librorum
2798 4424 3081 4489 scripturam
3102 4424 3217 4489 jure
3251 4433 3514 4474 sen-amnt
3555 4427 3742 4475 Harles.

2177 4499 2373 4564 Piienej.
2399 4498 2521 4547 Gaii.
2545 4499 2666 4546 Nam
2698 4497 2747 4546 in
2775 4497 2870 4547 hoc
2902 4497 3098 4563 quidem
3134 4498 3353 4548 carmine
3401 4513 3512 4548 non
3556 4510 3634 4550 est
3671 4517 3744 4549 cu·

2179 4575 2328 4624 rnnda
2352 4589 2528 4622 caesura
2557 4573 2789 4622 bucolica.

2244 4653 2315 4713 (9)
2349 4647 2492 4712 Quod
2527 4647 2638 4696 oliui
2671 4647 2718 4695 iu
2754 4647 3050 4697 editionibus
3086 4648 3324 4714 scriptum
3346 4649 3586 4701 exstabat
3621 4653 3746 4701 Ἰκα·

2179 4727 2326 4792 pta-,m
2343 4759 2356 4780 ‚
2383 4723 2429 4770 id
2458 4719 2690 4786 Bergkius
2717 4721 2766 4770 iu
2791 4723 3170 4772 Zimmermanni
3198 4722 3407 4790 Ephem.
3435 4726 3578 4774 stud.
3598 4727 3746 4790 antiq,

2178 4819 2220 4851 a.
2255 4804 2397 4848 1835.
2430 4814 2478 4862 p.
2503 4799 2618 4860 916.
2655 4807 2924 4847 correxerat
2951 4799 3001 4846 iu
3037 4800 3404 4866 Ὑκκαρικαῖσι,
3437 4801 3584 4850 unde
3623 4817 3748 4850 nnnc

2181 4872 2439 4923 Meinekius
2475 4871 2648 4920 Phiiol.
2689 4873 2897 4921 Exercit.
2937 4873 2986 4922 in
3011 4873 3195 4924 Athen.
3229 4891 3279 4940 p.
3309 4891 3392 4934 ¹7·
3459 4877 3750 4943 *Υιιαρίαισι

2179 4949 2385 4998 effinxit.
2415 4947 2564 5011 quue
2587 4947 2762 5012 recepi.
2794 4951 2851 4995 Iu
2875 4947 3002 4996 idem
3027 4947 3129 4998 fere
3155 4949 3332 5000 incidit
3355 4950 3658 5015 Ziegler.——
3685 4957 3746 5000 V.

2180 5027 2237 5072 35
2271 5024 2417 5088 ὁρῆτε
2441 5021 2572 5070 multi
2607 5021 2747 5070 codd.
2781 5033 2827 5072 ει
2853 5023 3014 5072 Schoi.
3052 5024 3186 5074 Idem
3218 5025 3400 5092 probat
3447 5027 3750 5078 Fritzschius

2180 5116 2227 5164 p.
2255 5099 2337 5145 55.

2244 5172 2347 5236 (ιο)
2372 5172 2490 5221 Οὔθ*
2504 5172 2583 5222 ἑόν
2605 5189 2662 5222 ex
2682 5172 2876 5238 optimis
2899 5173 3040 5224 codd.
3063 5183 3114 5224 et
3130 5191 3238 5226 cnm
3259 5175 3547 5230 Casaubon.
3575 5179 3748 5230 Heins-
