3767 5825
996 403 1313 464 OPPIANI
1354 403 1459 464 DE
1499 403 1957 466 PISCATIONE
1996 407 2143 469 Lm.
2189 409 2238 471 1.
2687 411 2691 416 ’
3139 429 3205 480 51

166 540 213 596 αἱ
237 535 327 616 μὲν
354 533 459 616 γὰρ
484 534 762 616 σπειρηδὸν
788 536 842 594 ἐν
871 533 1130 614 ἀλλήλῃσι
1150 540 1387 614 χυθεῖσαι
1662 556 1866 608 namque
1887 544 2096 597 flexuose
2117 549 2240 598 inter
2261 548 2538 601 se-invicem
2567 549 2688 602 suso

169 625 393 704 inane<
420 623 579 700 δέμας
602 623 753 704 ὑγρὸν
776 625 1153 704 ἀναστρωφῶσι
1188 621 1399 700 θαμειαὶ
1662 632 1883 693 anguillae
1909 645 2088 697 corpus
2110 635 2365 686 humidum
2391 639 2586 688 versent
2607 639 2875 702 frequentes

165 709 531 790 πλεγνύμεναι,
558 705 783 790 τάωνδὲ
811 708 1110 768 κατείδεται
1139 708 1331 776 εἴκελος
1358 712 1507 790 ἀφρῷ
1663 717 1928 780 implicitae,
1950 720 2107 771 :ib-his
2131 735 2244 774 vero
2265 723 2474 774 destillet
2496 724 2666 774 similis
2684 739 2870 789 spumae

166 795 305 878 ἰχὼρ,
332 801 387 856 ἐν
410 795 672 878 ψαμάθοις
694 819 753 854 τε
775 793 1117 854 καλύπτεται·
1146 800 1178 866 ἡ
1211 792 1267 852 δέ
1296 816 1386 872 μιν
1413 793 1525 858 ἰλὺς
1664 805 1843 865 sanies,
1866 807 2011 870 inque
2031 809 2187 859 arenis
2209 811 2444 872 obruitur,
2470 824 2673 875 eamque
2695 813 2840 863 limus

86 884 403 962 ιωδεξαμένη
428 882 565 943 κυέει
591 907 649 942 τε
673 882 764 942 καὶ
788 880 1049 962 ἐγχελύων
1075 880 1224 940 τέκεν
1252 880 1449 949 ὁλκούς.
1659 889 1906 952 acceptam
1928 887 2250 951 secundntque
2268 889 2317 937 et
2333 887 2650 949 anguillarum
2664 885 2788 950 parit
2803 885 3008 938 maus.

166 975 291 1043 Τοίη
318 970 411 1031 καὶ
428 969 725 1052 γόγγροισιν
744 973 1063 1051 ὀλισθηροῖσι
1090 968 1325 1048 γενέθλη.
1661 983 1791 1032 Talis
1804 982 1948 1032 etiam
1965 981 2362 1044 congrislubricis
2384 979 2652 1043 procreatio
2669 981 2762 1030 est.

240 1062 305 1119 Αἰ
328 1057 387 1119 δὲ
414 1057 551 1136 μέγα
573 1056 851 1137 τρομέουσι
876 1057 969 1116 καὶ
996 1055 1149 1138 ἐχθαί
1180 1079 1295 1116 ουσι
1318 1059 1546 1136 χελῶναι
1720 1071 1783 1120 At
1808 1070 2118 1120 vehementer
2137 1069 2336 1119 horrent
2353 1071 2404 1118 et
2419 1068 2628 1118 oderunt
2643 1065 2907 1118 testudines

171 1145 221 1204 ὃν
248 1145 432 1224 γάμον·
456 1149 515 1205 οὗ
543 1143 647 1226 γὰρ
668 1150 822 1227 τῇσιν
853 1143 1092 1227 ἐφίμερος
1114 1080 1197 1203 οἶεα
1226 1144 1317 1203 καὶ
1349 1143 1525 1210 ἄλλοις
1656 1170 1803 1207 suum
1822 1158 2036 1218 coitum;
2059 1171 2156 1207 uon
2174 1157 2302 1208 enim
2315 1157 2390 1207 bis
2403 1155 2670 1220 expetenda
2687 1158 2765 1205 est
2780 1192 2794 1217 ,
2816 1154 2888 1203 uti
2911 1153 3056 1204 etiem
3077 1153 3182 1202 aliis

166 1232 397 1314 τερπωλὴ
422 1231 639 1313 λεχέων,
664 1231 799 1291 πολὺ
823 1231 877 1291 δὲ
902 1230 1059 1291 πλέον
1080 1232 1234 1310 ἄλγος
1254 1229 1448 1312 ἔχουσι·
1661 1244 1916 1294 delectatio
1932 1245 2166 1295 cubilium
2181 1281 2195 1306 ,
2215 1245 2296 1294 sed
2315 1246 2471 1294 multo
2488 1245 2650 1308 plures
2665 1243 2854 1293 dolores
2869 1241 3106 1292 sustinent
3130 1263 3144 1290 ε

92 1343 155 1381 525
178 1321 387 1402 σκληρὸν
405 1320 505 1401 γὰρ
520 1319 669 1398 μάλα
678 1319 883 1401 κέντρον
898 1322 953 1378 ἐν
972 1318 1181 1400 ἄρσεσιν
1200 1322 1271 1387 εἰς
1288 1318 1583 1400 ἀφροδίτην,
1660 1332 1809 1382 durus
1825 1333 1953 1382 enim
1967 1332 2228 1382 admodum
2245 1332 2466 1383 stimulus
2483 1332 2533 1382 in
2555 1331 2769 1381 maribus
2793 1331 2844 1380 in
2861 1334 3093 1380 Venerem
3105 1365 3120 1389 ,

175 1408 339 1468 ὀστέον
366 1411 459 1467 οὐκ
484 1406 764 1482 ἐπιεικτὸν,
786 1407 1001 1486 ἀτερπέῗ
1027 1407 1241 1485 θήγεται
1266 1410 1385 1486 εὐνῇ
1393 1455 1407 1468 .
1666 1429 1723 1466 os
1744 1431 1837 1467 non
1858 1417 2058 1478 cedens,
2081 1417 2341 1480 iniucundo
2363 1418 2547 1468 acuitur
2567 1418 2716 1469 coitu.

175 1495 399 1556 Τοῦνεκα
428 1494 720 1576 μάρνανταί
745 1519 805 1554 τε
828 1495 1280 1573 παλιγνάμπτοισί
1310 1499 1358 1555 τ’
1386 1496 1587 1554 ὀδοῦσιν
1669 1507 1901 1566 Quocirca
1924 1511 2260 1570 pugnantque,
2285 1505 2600 1570 flexuosisque
2623 1506 2850 1556 dentibus

174 1583 413 1655 ἀλλήλους
438 1583 741 1656 δάπτουσιν,
769 1582 855 1641 ὅτε
886 1582 1070 1662 σχεδὸν
1100 1584 1437 1658 ἀντιάσωσιν,
1669 1597 1962 1643 sese-mutuo
1983 1592 2236 1654 mordent,
2260 1593 2452 1657 quaudo
2469 1607 2617 1657 prope
2637 1594 2739 1644 sibi
2757 1595 3042 1656 occurrunt,

180 1674 227 1729 αἱ
248 1669 337 1748 μὲν
360 1669 673 1748 ἀλευόμεναι
698 1669 895 1750 τρηχὺν
920 1670 1108 1749 γάμον,
1137 1675 1185 1730 οἱ
1213 1671 1257 1729 δ’
1281 1673 1541 1730 ἀεκουσῶν
1668 1681 1828 1731 alteroe
1836 1680 2028 1745 quidem
2037 1680 2328 1731 declinantes
2342 1693 2532 1744 asperas
2543 1680 2752 1745 nuptias,
2767 1681 2929 1732 alleroe
2943 1693 3056 1730 vero
3069 1682 3225 1732 nolen-

96 1779 159 1818 ιεο
180 1761 311 1828 εὐνῆς
331 1757 613 1840 ἱμείροντες
638 1757 861 1817 ἑκούσιοι
891 1759 1089 1817 εἰσόκεν
1111 1760 1249 1837 ἀλκῇ
1669 1769 1810 1833 tium]
1828 1768 2137 1819 concubitum
2160 1773 2435 1832 appetentes
2457 1768 2738 1830 voluntarii,
2764 1769 2916 1819 donec
2937 1769 3106 1820 robore

175 1844 372 1914 νικήσας
396 1841 546 1924 ζεύξῃ
577 1868 665 1922 μιν
695 1844 957 1924 ἀναγκαίῃ
982 1843 1253 1926 φιλότητι,
1670 1858 1845 1907 victum
1866 1857 2089 1919 subjuget
2111 1857 2263 1920 ipsam
2285 1858 2450 1906 coacto
2470 1855 2728 1908 concubitu
2741 1891 2757 1917 ,

177 1929 289 2002 ἠΰτε
312 1931 545 2006 ληῖδίην,
572 1931 803 2011 πολέμου
827 1932 1001 2013 γέρας.
1032 1933 1230 1994 Εἴκελα
1262 1935 1308 1992 δ’
1343 1935 1489 2005 εὐνῆς
1671 1944 1811 2008 quasi
1820 1944 2074 2008 captivam,
2086 1943 2198 1994 belli
2211 1943 2482 2008 proernlum.
2506 1943 2689 1994 Similia
2712 1957 2822 1994 vero
2843 1943 3126 1994 concubitus

178 2019 288 2098 ἔργα
320 2021 439 2080 κυσὶ
472 2020 726 2101 χθονίοισι
777 2020 870 2081 καὶ
904 2020 1159 2100 εἷναλίῃσι
1192 2021 1463 2102 χελώναις·
1672 2046 1817 2096 opera
1836 2035 1962 2082 sunt
1979 2031 2178 2082 canibus
2199 2031 2501 2082 terrestribus
2520 2031 2572 2082 et
2593 2030 2789 2080 uterinis
2811 2031 3158 2093 testudinibuS,

180 2107 337 2166 εἴκελα
356 2108 447 2167 καὶ
468 2107 722 2190 φώκῃσιν·
747 2108 862 2167 ἕπει
885 2107 1031 2186 μάλα
1051 2109 1205 2219 δηρὸν
1227 2107 1437 2169 ἔκαστοι
1674 2120 1848 2170 similia
1867 2133 2058 2184 quoque
2074 2119 2241 2184 phocis
2253 2154 2268 2182 ‚
2291 2119 2518 2182 quoniam
2540 2118 2683 2169 valde
2705 2119 2791 2168 din
2811 2119 2986 2182 singuli

106 2214 167 2254 us
184 2193 391 2262 ἐξόπιθεν
420 2194 729 2276 συνέχονται
766 2195 1017 2277 ἀρηρότες
1036 2189 1163 2268 ἠυτε
1186 2197 1380 2278 δεσμῷ.
1676 2210 1855 2270 a-tergo
1872 2207 2119 2257 cohaerent
2133 2241 2150 2268 ,
2171 2207 2273 2270 apti
2293 2211 2523 2271 tanquam
2543 2206 2750 2257 vinculo.

250 2283 579 2350 Πουλύποδος
604 2284 651 2342 δ’
674 2282 813 2342 ὀλοοί
836 2306 893 2342 τε
920 2283 1375 2365 γάμοικαὶπικρὸς
1386 2285 1595 2365 ὄλεθρος
1738 2296 1904 2359 polypi
1926 2297 2086 2345 autem
2110 2295 2485 2359 perniciemque
2507 2295 2690 2358 nuptiae
2710 2295 2760 2344 et
2778 2307 2972 2346 amarus
2993 2294 3212 2344 interitus

185 2374 509 2453 συμφέρεται,
536 2371 687 2441 ξυνον
721 2369 777 2430 δὲ
806 2370 953 2438 τέλος
980 2369 1223 2431 θανάτοιο
1249 2373 1339 2432 καὶ
1367 2376 1533 2446 εὐνῆς·
1676 2383 1927 2443 coincidit,
1950 2382 2224 2433 communis
2246 2395 2362 2432 vero
2383 2382 2544 2433 exitus
2567 2382 2738 2432 mortis
2755 2383 2806 2432 et
2825 2382 3008 2442 coitus;

185 2459 235 2516 οὗ
256 2457 349 2538 γὰρ
371 2458 494 2540 πρὶν
520 2457 793 2540 φιλότητος
820 2457 1121 2540 ἀπίσχεται,
1150 2460 1257 2518 οὔδ’
1276 2461 1557 2539 ἀπολήγει,
1678 2485 1771 2520 non
1786 2471 1914 2520 enim
1937 2470 2068 2534 prius
2090 2471 2392 2521 a-concubitu
2417 2469 2638 2532 desistit,
2661 2483 2818 2534 neque
2840 2473 3024 2531 cessat,

185 2543 289 2624 πρίν
314 2569 398 2622 μιν
425 2545 531 2605 ἀπὸ
556 2543 755 2624 μελέων
776 2546 1007 2626 προλίτιῃ
1035 2547 1208 2614 σθένος
1231 2547 1563 2627 ἀδρανέοντα,
1678 2571 1823 2622 quam
1850 2558 2006 2620 ipsum
2035 2557 2359 2608 membrorum
2383 2557 2648 2607 destituant
2667 2557 2797 2607 vires
2817 2556 3133 2618 imbecillem,

122 2651 181 2690 ιιο
195 2631 325 2700 οὗτὸς
345 2634 387 2692 δ’
408 2636 463 2693 ἐν
488 2631 780 2715 ψαμάθοισι
806 2632 982 2693 πεσὼν
1011 2633 1264 2712 ἀμενηνὸς
1290 2634 1491 2706 ὄληται·
1680 2645 1877 2710 ipseque
1900 2645 1948 2694 in
1970 2645 2128 2695 arenis
2142 2644 2306 2708 lapsus
2329 2643 2780 2694 viribus-exhaustis
2799 2650 2988 2708 peream
3037 2677 3056 2696 .

189 2719 353 2787 πάντες
365 2719 469 2800 γάρ
502 2745 593 2798 μιν
618 2719 845 2796 ἔδουσιν,
870 2720 981 2782 ὅσοι
1008 2723 1197 2803 σχεδὸν
1227 2724 1541 2799 ἀντιάσωσι,
1680 2746 1847 2784 omnes
1872 2732 2000 2783 enim
2031 2732 2192 2796 ipsum
2227 2731 2511 2792 comedunt,
2542 2731 2818 2796 quicunque
2849 2743 2996 2795 prope
3025 2743 3234 2780 sceme-

190 2807 467 2887 καραινάδες
492 2808 663 2868 δειλαὶ
684 2807 773 2867 καὶ
799 2809 1033 2890 καρκίνοι
1055 2808 1148 2882 ἠδὲ
1176 2809 1267 2870 καὶ
1291 2810 1440 2870 ἄλλοι
1680 2821 1778 2870 rint
1790 2819 1826 2884 ‚]
1845 2819 2118 2870 carcinodes
2141 2819 2322 2869 timidae
2342 2822 2392 2870 et
2413 2818 2568 2869 cancri
2589 2823 2733 2881 atque
2757 2818 2900 2868 etiam
2921 2818 3002 2868 alii

198 2893 342 2973 ἰχθύες
354 2942 371 2969 ,
397 2893 481 2963 οὓς
502 2895 667 2977 πάρος
690 2895 843 2964 αὐτὸς
870 2898 1105 2957 ἐδαίνυτο
1133 2901 1243 2980 ῥεῖα
1272 2897 1557 2981 μεθέρπων·
1681 2908 1988 2974 pisces‚quos
2001 2908 2140 2957 antea
2153 2907 2256 2971 ipse
2272 2906 2535 2958 devorabat
2548 2904 2685 2958 iiicile
2698 2905 3234 2971 serpendo-assequensg

192 2983 279 3049 τοῖς
306 2982 398 3042 ὕπο
424 2983 517 3043 καὶ
544 2982 671 3052 ζωός
697 3007 797 3064 περ
827 2983 923 3043 ἐὼν
952 2984 1029 3043 ἔτι
1052 2985 1287 3065 κείμενος
1314 2985 1513 3061 αὕτως,
1681 3011 1711 3047 a
1732 2996 1936 3061 quibus,
1959 2996 2220 3047 etiamnum
2240 2996 2387 3045 vivus
2409 2995 2545 3057 licet,
2563 2994 2729 3058 iacens
2751 2998 2956 3056 tunae,

125 3086 185 3125 us
201 3068 322 3129 οὐδὲν
348 3069 667 3149 ἀμυνόμενος
693 3069 1043 3153 δαιτρεύεται,
1062 3073 1198 3154 ὄφρα
1227 3073 1427 3153 θάνῃσι.
1680 3085 1801 3135 nibil
1823 3083 2154 3135 se-det'endens
2184 3082 2440 3144 arrodItur,
2464 3082 2619 3133 donec
2641 3082 2894 3133 moriatur.

196 3156 319 3235 Τοίῳ
344 3160 621 3239 δυστερπεῖ
641 3159 924 3241 φιλοτησίῳ
951 3158 1125 3219 ὄλλυτ’
1147 3160 1361 3243 ὄλέθρω.
1681 3172 1785 3223 Tali
1806 3171 2068 3235 injucunde
2085 3172 2315 3221 amatorio
2337 3171 2460 3235 perit
2480 3170 2644 3222 exitio.

200 3242 283 3311 Ὦς
319 3246 360 3304 δ’
388 3246 557 3313 αὕτως
582 3247 674 3306 καὶ
698 3250 855 3319 θῆλυς
880 3248 969 3307 ὑπ’
995 3247 1193 3307 ὠδίνων
1218 3248 1478 3327 μογέουσα
1682 3258 1907 3311 Similiter
1933 3259 2075 3310 etiam
2100 3259 2271 3309 semina
2292 3271 2323 3308 a
2342 3257 2590 3308 doloribus
2613 3256 2834 3307 laborans

198 3330 402 3391 ὄλλυται·
424 3336 484 3392 οὗ
511 3332 613 3413 γὰρ
637 3338 787 3413 τῇσιν
810 3335 1090 3414 ἀποκριδὸν
1120 3328 1205 3395 οἶα
1231 3336 1323 3395 καὶ
1346 3337 1523 3404 ἄλλοις
1682 3348 1955 3411 perimitur3
1971 3360 2069 3397 non
2091 3346 2217 3397 enim
2235 3346 2313 3397 bis
2334 3346 2586 3409 separatim
2601 3380 2618 3408 ,
2640 3358 2737 3408 quo
2759 3344 2904 3395 modo
2924 3345 3072 3396 etism
3095 3344 3203 3395 aliis

192 3416 259 3474 ὦὰ
280 3418 698 3501 διαθρῶσκουσιν,
730 3421 967 3504 ἀρηρότα
996 3422 1039 3481 δ’
1074 3423 1349 3496 ἀλλήλοισι
1680 3448 1775 3485 ova
1802 3434 2088 3498 prosiliunt,
2112 3433 2198 3484 sed
2219 3432 2506 3485 cohaerentia
2526 3432 2803 3483 sibi-mutuo

128 3520 188 3561 uo
206 3506 425 3586 βοτρυδὸν
452 3529 670 3566 στεινοιο
705 3506 854 3587 μόγις
888 3509 1207 3568 διανίσσεται
1231 3513 1407 3572 αὖλου.
1684 3521 2080 3573 υνεε-ἰη-ωοᾶυιιι
2101 3523 2453 3586 per-angustum
2473 3534 2599 3584 aegre
2621 3522 2872 3585 permeant
2891 3520 3121 3572 canalem.

198 3592 405 3652 Τοῦνεκα
431 3594 523 3653 καὶ
546 3594 873 3664 λυκάὸαντος
899 3595 1179 3678 ὑπέρτερον
1205 3596 1394 3657 οὔποτε
1415 3598 1601 3680 μέτρον
1682 3612 1982 3675 Quapropter
2004 3610 2148 3660 etiam
2169 3623 2293 3659 auno
2317 3610 2589 3660 ulteriorem
2607 3621 2853 3672 nunquam
2875 3622 3150 3659 mensuram

196 3677 485 3748 πωλύποδες
508 3680 744 3755 ζώουσιν,
779 3682 1179 3765 ἀποφθινύθωσι
1206 3683 1307 3766 γὰρ
1335 3686 1437 3744 αἰεὶ
1682 3698 1844 3761 polypi
1866 3698 2066 3758 vivunt,
2091 3700 2296 3760 pereunt
2315 3696 2442 3747 enim
2465 3710 2654 3769 semper
2947 3760 2956 3769 ,

199 3766 482 3827 αἰνοτάτοισι
512 3768 731 3847 γάμοισι
762 3794 852 3829 και
874 3772 1191 3831 αἶνοτάτοισι
1213 3771 1459 3835 τόκοισιν.
1684 3784 1976 3835 difficillimis
1997 3784 2178 3848 nuptiis
2195 3786 2246 3835 et
2266 3784 2561 3835 difficillimis
2584 3782 2900 3848 pei-tionibus.

266 3852 409 3937 Ἀμφὶ
436 3854 491 3915 δὲ
525 3856 778 3939 μυραίνης
806 3856 955 3939 φάτις
973 3857 1181 3940 ἔρχεται
1210 3861 1305 3918 οὐκ
1332 3856 1560 3936 ἀΐδηλος,
1745 3876 1817 3923 De
1840 3884 2056 3922 muroena
2080 3884 2196 3921 vero
2219 3871 2345 3921 fama
2366 3872 2517 3921 fertur
2538 3884 2636 3921 non
2659 3871 2896 3933 obscura,

130 3954 185 3994 ἥδ
202 3963 257 4005 ως
280 3966 359 4017 μιν
378 3942 489 4025 ὄφις
509 3943 697 4022 γαμέει
724 3968 810 4018 τε,
842 3944 933 4004 καὶ
956 3945 1007 4015 ἐξ
1033 3944 1215 4013 ἁλὸς”
1186 3970 1395 4027 ερχεται
1420 3948 1553 4013 αὐτὴ
1682 3958 1813 4023 quod
1834 3971 2022 4009 cnm-ea
2048 3971 2246 4021 serpens
2267 3958 2538 4021 copuletur-‚-
2563 3960 2614 4008 et
2633 3972 2694 4009 ex
2717 3958 2835 4008 mari
2861 3957 3059 4021 prodeat
3081 3958 3191 4021 ipsa

200 4028 439 4109 πρόφρων,
459 4031 737 4113 ἱμείρουσα
760 4033 888 4114 παρ’
920 4033 1191 4114 ἱμείροντα
1217 4034 1424 4113 γάμοιο.
1684 4049 1930 4109 prompta,
1953 4049 2183 4109 appetens
2210 4058 2361 4108 prope
2386 4044 2659 4108 cupientem
2683 4044 2986 4095 concubitus.

203 4112 338 4177 Ἤτοι
362 4122 390 4178 ὃ
413 4118 506 4197 μὲν
532 4119 731 4201 φλογέῃ
754 4121 1067 4199 τεθοωμένος
1095 4120 1257 4181 ἔνδοθι
1279 4122 1447 4202 λύσσῃ
1685 4138 1811 4185 Sane
1836 4134 1940 4197 ipse
1960 4132 2155 4197 quidem
2179 4133 2398 4183 flammea
2420 4135 2727 4195 exasperatus
2749 4132 2881 4183 intus
2901 4132 3032 4182 rabie

204 4203 418 4277 μαίνεται
444 4210 514 4275 εἰς
541 4208 797 4289 φιλότητα
814 4255 831 4288 ,
856 4209 946 4268 καὶ
968 4210 1144 4289 ἐγγύθι
1171 4210 1383 4292 σύρεται
1407 4215 1568 4285 ἀκτῆς
1685 4223 1800 4272 furit
1816 4222 1865 4272 iu
1884 4234 2095 4271 amorem
2109 4258 2124 4283 ,
2144 4222 2194 4271 et
2212 4235 2360 4285 prope
2381 4221 2518 4272 littus
2540 4220 2814 4271 advolvitur

200 4312 353 4371 παρος
376 4292 496 4375 ἔχις·
524 4296 665 4377 τάχα
692 4295 747 4355 δὲ
769 4296 1037 4379 γλαφυρὴν
1066 4297 1323 4379 ἐσκέψατο
1352 4298 1566 4381 πέτρην,
1686 4308 1886 4359 acerbus
1909 4322 2129 4372 sen-penu
2154 4322 2266 4359 mox
2290 4310 2450 4359 autem
2473 4322 2642 4359 cavum
2665 4308 2936 4371 speculatur
2959 4320 3126 4357 saxum
3141 4343 3156 4367 ,

138 4392 193 4432 δίο
211 4381 265 4455 τῇ
290 4382 329 4437 δ’
357 4380 430 4439 ἔνι
454 4382 649 4463 λοίγιον
673 4382 748 4443 ἷον
778 4384 1038 4463 ἀπήμεσε,
1070 4384 1242 4443 πάντα
1267 4386 1311 4444 δ’
1337 4386 1557 4446 ὀδόντων
1684 4398 1734 4447 in
1760 4410 1857 4461 quo
1879 4396 2069 4446 exitiale
2092 4396 2225 4446 virus
2251 4396 2456 4457 evomit,
2481 4408 2767 4459 omnemque
2785 4393 3056 4445 edentibus

202 4462 367 4526 ἔπτυσε
397 4472 710 4531 πευκεδανον
738 4475 934 4550 ζαμενῆ
956 4471 1132 4553 χόλον,
1162 4472 1319 4531 ὅπλον
1343 4474 1581 4556 ὀλέθρου,
1685 4484 1850 4548 expuit
1871 4484 2118 4545 acerbam,
2139 4485 2469 4534 vehementem
2493 4484 2664 4543 bilem,
2691 4482 2840 4533 telum
2860 4482 3078 4532 interitus
3094 4515 3109 4540 ,

202 4549 313 4632 ὅτιρα
335 4556 487 4639 γάμω
504 4582 674 4639 πρηυς
699 4583 758 4618 τε
784 4560 874 4619 καὶ
902 4560 1064 4628 εὔδιος
1091 4560 1366 4621 ἀντιάσειε.
1685 4572 1803 4622 dum
1825 4571 2043 4634 conjugio
2066 4576 2342 4622 mansuetus
2363 4574 2414 4623 et
2431 4584 2628 4622 serenus
2656 4569 2879 4619 occurrit.

204 4638 321 4709 Στὰς
342 4644 385 4701 δ’
412 4644 491 4726 ἄρ’
514 4645 605 4705 ἐπι
640 4650 886 4727 ῥηγμῖνος
917 4647 999 4706 ἑὸν
1031 4646 1189 4724 νόμον
1212 4648 1477 4729 ἒῤῥοίζησε
1686 4662 1825 4711 Stans
1849 4661 2010 4711 eutem
2027 4658 2090 4708 ad
2111 4659 2273 4720 littus,
2297 4672 2438 4709 suum
2465 4657 2662 4708 modum
2680 4657 2935 4720 perstrepit

208 4729 473 4801 κικλήσκων
502 4733 775 4813 φιλότητα·
806 4739 933 4803 θοῶς
955 4736 999 4795 δ’
1028 4736 1279 4795 ἐσάκουσε
1304 4729 1565 4810 κελαινὴ
1642 4668 1649 4842 Ι
1686 4760 1863 4797 vocaus
1884 4746 2194 4796 concubitum
2207 4763 2222 4807 ;
2249 4746 2408 4797 statim
2432 4747 2592 4795 autem
2618 4744 2802 4795 inaudit
2821 4744 2952 4807 nigra

140 4826 194 4865 ut»
210 4814 337 4891 ἷῦγὴν
364 4818 587 4901 μύραινα
616 4820 707 4879 καὶ
736 4820 920 4881 ἔσσυτο
936 4826 1126 4882 θᾶσσον
1150 4826 1341 4883 ὀϊστου.
1642 4874 1649 4927 Ι
1686 4847 1852 4883 vocem
1870 4846 2088 4883 muraena
2104 4836 2154 4883 et
2175 4834 2272 4883 ruit
2289 4845 2438 4895 ocyus
2465 4832 2576 4883 telo.

208 4900 263 4960 Ἡ
292 4904 441 4979 μὲν
406 4908 485 4988 αρ’
512 4910 573 4967 ἐκ
599 4906 805 4971 πόντοιο
833 4909 1023 4969 τιταίντ
1006 4934 1145 4983 -ται,
1174 4910 1337 4991 αὐτὰρ
1365 4915 1393 4969 ὁ
1416 4912 1603 4971 πόντου
1691 4922 1779 4971 llis
1796 4920 1991 4984 quidem
2013 4934 2072 4971 ex
2094 4920 2215 4970 mari
2235 4919 2444 4984 prosilit,
2463 4918 2637 4980 etipse
2659 4918 2804 4968 maris

206 4990 256 5045 ἐκ
274 4992 409 5069 γαίης
435 4998 691 5055 πολιοῖσιν
716 4999 809 5055 ἐπε
816 4996 1024 5073 μὸαίνει
1054 4998 1311 5079 ῥοθίοισιν·
1686 5022 1747 5059 cx
1777 5013 1902 5059 terra
1919 5021 2061 5058 canas
2084 5006 2435 5071 supergreditur
2455 5006 2624 5067 undas;

208 5074 342 5157 ἄμφω
366 5084 407 5139 δ’
436 5084 736 5155 ἀλλήλοισιν
760 5086 1009 5161 ὁμιλῆσαι
1040 5090 1287 5163 μεμαῶτε
1687 5096 1829 5147 ambo
1845 5100 2006 5145 autem
2031 5096 2224 5145 inter-se
2245 5094 2467 5157 congredi
2489 5093 2737 5157 cupientes

213 5168 531 5241 συμπεσέτην·
563 5194 601 5227 ε
588 5196 627 5249 s
632 5196 701 5238 ιος
731 5170 787 5230 δὲ
809 5172 945 5252 κάρη
974 5174 1252 5232 κατέδεκτο
1278 5178 1509 5253 χανοῦσα
1641 5214 1654 5240 .
1692 5188 2008 5245 concurrunt3
2034 5183 2266 5246 serpentis
2287 5186 2448 5231 autem
2465 5184 2612 5245 capnt
2631 5180 2798 5243 recipit
2821 5179 2956 5229 bians
