3767 5825
1478 378 1908 442 PRAEFATlo.

60 518 368 583 ‹to-nstituit,
381 517 747 580 vinariorum,
771 514 1201 587 [ripariarum-um,
1224 515 1638 591 caligariorum,

60 607 368 658 eromuino
384 606 632 657 omnium
650 606 877 658 aniam.
906 626 931 651 υ
958 598 1093 679 lpse
1106 589 1427 675 imperator
1441 622 1641 661 secun-

62 688 201 745 dum
230 710 290 745 c.
318 708 394 764 29
416 702 475 747 et
496 691 836 765 piscabatur
850 692 909 746 et
940 692 1287 759 venabulum
1321 691 1635 749 secundum

62 798 110 832 c.
140 778 218 833 30
246 790 310 835 et
330 780 647 853 paloesvoe,
680 791 737 835 et
760 785 966 848 cursui,
1000 790 1059 836 et
1087 781 1478 836 luctaminibus
1503 784 1640 837 mol-

64 870 297 923 lioribus
318 888 549 943 operam
570 870 757 939 decim
786 868 1101 927 secundum
1125 889 1177 925 c.
1209 875 1283 935 4²
1299 876 1628 944 piscatores,

49 955 317 1026 fullones
340 959 776 1013 &habeatur-es
795 964 1020 1015 nonnisi
1043 976 1225 1014 servos
1262 978 1389 1014 suos
1420 960 1639 1019 habuit.

58 1043 233 1112 Quod
266 1044 341 1101 ad
363 1065 673 1121 purpuram
702 1046 935 1117 attinet,
974 1048 1114 1103 satis
1138 1058 1226 1103 est
1262 1045 1643 1123 adscripsisse

60 1146 107 1191 e.
142 1142 221 1200 4ο
252 1154 271 1190 z
309 1158 335 1185 α
360 1152 643 1213 purpurae
664 1134 1001 1193 clarissimae
1024 1154 1143 1192 non
1164 1134 1237 1192 ad
1256 1153 1424 1192 usum
1445 1154 1635 1203 suum,

66 1245 91 1271 ι
124 1222 231 1279 sed
272 1220 347 1280 ad
395 1236 823 1295 matronarum,
868 1224 920 1282 si
962 1243 1092 1301 quae
1134 1236 1231 1280 aut
1270 1236 1507 1301 possent
1545 1236 1643 1281 aut

68 1334 91 1360 ι
125 1310 389 1383 vellent,
414 1324 569 1371 certe
591 1312 663 1370 ad
683 1311 1078 1384 vendendum,
1106 1312 1486 1387 gravissimus
1510 1331 1642 1369 exa·

68 1422 91 1449 ⁸
125 1411 261 1456 ctor
284 1400 437 1462 fuit:
467 1402 551 1461 ita
568 1413 636 1459 ut
658 1404 1059 1459 Alexandrina
1078 1422 1330 1477 purpura
1350 1399 1643 1477 hodieque

70 1512 91 1539 ι
119 1488 381 1561 dicatur,
425 1510 557 1568 quae
600 1491 781 1565 vulgo
809 1492 1101 1549 Probiana
1143 1488 1379 1559 dicitur,
1419 1487 1641 1547 idcirco

66 1599 91 1625 ι
127 1576 294 1649 quod
340 1578 619 1637 Aurelius
650 1578 879 1636 Probus
930 1576 1167 1655 baphiis
1193 1576 1543 1654 praepositus
1577 1577 1641 1635 id

69 1688 91 1714 ι
125 1682 317 1735 genus
346 1667 592 1725 muricis
618 1666 950 1745 reperisset.
999 1691 1025 1727 n,
1073 1665 1161 1722 De
1186 1663 1641 1743 praeceptoribus

62 1749 354 1811 bonarum
377 1756 591 1813 artium
611 1755 831 1813 videsis
853 1775 905 1812 c.
931 1763 1005 1823 44
1022 1798 1039 1826 ,
1063 1751 1217 1811 unde
1238 1772 1369 1811 eum
1398 1754 1641 1812 Antoni-

62 1858 273 1899 norum
306 1842 716 1903 liberalitatem
755 1862 1063 1921 superasse
1097 1841 1233 1919 jure
1274 1842 1585 1899 concludas
1624 1864 1637 1899 ε

70 1954 91 1978 ι
124 1930 493 2004 rhetoribus,
546 1931 969 2008 grammaticis,
1029 1928 1271 1987 medicis
1290 1974 1343 2009 ,ο
1372 1930 1641 2008 haruspi-

70 2040 91 2067 α
129 2018 323 2091 cibus,
351 2022 781 2091 mathematicis,
812 2020 1179 2090 mechanicis,
1203 2017 1532 2076 architectis
1552 2037 1642 2074 sa-

68 2131 93 2157 «
125 2107 278 2166 laria
300 2109 559 2169 instituit
578 2123 637 2168 et
662 2108 958 2168 auditoria
980 2106 1269 2179 decrevit,
1302 2120 1359 2163 et
1384 2107 1641 2184 discipu-

70 2220 92 2245 ·
123 2196 213 2255 los
242 2218 383 2256 cum
414 2202 662 2257 annonis
686 2216 1012 2277 pauperum
1054 2196 1236 2267 filios,
1268 2196 1445 2252 modo
1475 2196 1641 2271 inge-

70 2310 93 2333 ιι
125 2304 299 2360 nuos,
320 2286 450 2344 dari
463 2284 662 2363 jussit.
684 2286 876 2344 Etiam
886 2286 951 2344 in
963 2284 1290 2363 provinciis
1309 2280 1643 2341 oratoribus

72 2398 95 2423 ιι
128 2372 465 2433 forensibus
491 2374 739 2432 multum
768 2372 999 2446 detulit,
1024 2370 1315 2450 plerisque
1335 2374 1504 2427 etiam
1534 2389 1638 2427 an-

74 2486 97 2511 ·
126 2482 319 2520 nonas
348 2462 538 2535 dedit,
580 2482 728 2539 quos
766 2462 1120 2520 constitisset
1157 2460 1335 2536 gratis
1366 2478 1556 2535 agere.
1610 2485 1635 2510 n

70 2552 399 2608 Mechanici
422 2551 639 2611 diserte
675 2562 1078 2609 memorantur
1100 2547 1315 2607 Nostro
1337 2546 1445 2622 vl,
1482 2556 1587 2616 401
1623 2568 1636 2605 ε

182 2700 368 2763 ὄργανα
378 2700 711 2755 δαιδάλλων.
725 2698 787 2749 w
805 2698 947 2748 αἰόλα
964 2696 1301 2761 μηχανόωντας
1313 2732 1331 2759 ,

68 2832 119 2876 et
132 2824 472 2879 mechanica
480 2843 657 2899 opera
672 2825 1134 2898 Romoeplun'ma
1149 2825 1385 2876 instituit
1401 2818 1644 2876 Alexan·

68 2906 164 2966 der
192 2910 518 2970 secundum
540 2933 592 2971 c.
620 2932 715 2970 aa.
736 2943 817 2955 —-
839 2910 987 2969 Sunt
1003 2909 1178 2968 etiam
1203 2907 1485 2986 quaedam,
1513 2928 1642 2984 quae

70 2999 325 3057 nondum
370 3000 849 3060 memoravimus.
876 2997 1064 3056 Poeta
1091 2996 1181 3071 11,
1215 2997 1328 3054 305
1364 2995 1644 3069 faLsarios

72 3101 370 3160 memorat,
391 3101 450 3146 et
465 3086 543 3145 Vl
559 3133 576 3160 ,
603 3089 716 3146 500
742 3108 874 3165 sqq.
884 3087 1055 3161 fures
1071 3099 1129 3144 et
1149 3089 1390 3143 latrones
1418 3085 1638 3160 gravis-

71 3177 207 3232 simo
232 3196 371 3234 cum
394 3178 654 3235 cruciatu
681 3189 933 3234 enectos.
962 3175 1093 3233 Jam
1116 3175 1331 3231 mirum
1354 3173 1637 3250 profect0‚

72 3266 219 3338 quod
248 3287 461 3342 magna
487 3266 750 3344 emphasi
778 3287 830 3323 c.
863 3266 940 3323 28
964 3264 1037 3323 de
1064 3263 1394 3321 Alexandro
1437 3283 1640 3320 narra-

72 3363 159 3409 tur
204 3375 217 3410 z
260 3380 287 3406 «ι
322 3355 739 3413 severissimus
770 3352 946 3413 ‘udex
990 3365 1194 3412 contra
1204 3351 1395 3424 fures,
1437 3352 1640 3430 appel-

78 3468 99 3491 ι
131 3442 256 3500 lans
290 3430 527 3501 eosdem
564 3374 1041 3520 quotidianorum
1071 3441 1351 3499 scelerum
1381 3458 1513 3496 reos
1534 3481 1551 3510 ,
1586 3450 1642 3494 et

79 3557 98 3577 n
130 3529 411 3590 damnans
432 3533 736 3602 acerrime,
759 3549 827 3588 ac
850 3529 1006 3588 solos
1033 3529 1231 3586 hostes
1253 3527 1642 3602 inimicosque

80 3643 101 3664 ι
132 3617 475 3697 reipublicae
503 3639 742 3677 vocans,
769 3617 915 3675 Eum
940 3616 1230 3675 notarium
1248 3659 1263 3686 ,
1293 3616 1393 3693 qui
1415 3615 1639 3687 falsum

82 3727 103 3752 ι
134 3725 320 3763 causae
341 3709 554 3763 brevem
576 3707 639 3765 in
666 3705 915 3764 consilio
935 3705 1303 3781 imperatoris
1328 3704 1637 3776 retulisset,

84 3816 103 3838 ι
134 3792 337 3852 incisis
358 3793 673 3870 digitorum
698 3793 919 3868 nerviS,
936 3795 1019 3851 ita
1041 3807 1107 3851 ut
1131 3811 1427 3868 nunquam
1442 3805 1642 3870 posset

83 3903 105 3926 ι
134 3881 414 3953 scribere,
435 3883 783 3960 deportavit.
808 3907 834 3934 n
849 3882 1037 3940 Porro
1058 3879 1213 3958 apud
1232 3880 1502 3937 Nostrum
1530 3879 1637 3958 111,

84 3984 206 4038 127,
238 3969 409 4028 Luna
422 3971 499 4028 'in
528 3971 966 4030 constellatione
989 3969 1238 4047 quadam
1264 3967 1485 4048 δώτειρα
1515 3991 1639 4025 κευ-

78 4055 305 4128 Θομένοιο
346 4057 574 4117 πλούτου
607 4059 951 4137 appellatur.
997 4056 1126 4115 Jam
1178 4075 1496 4132 cognoscas
1525 4057 1639 4114 im-

76 4147 356 4215 peratoris
397 4145 804 4206 liberalitatem
825 4190 842 4219 ,
886 4167 1001 4224 qua
1042 4144 1331 4223 ejusmodi
1381 4144 1641 4204 Hermaea

80 4229 299 4292 demum
334 4235 503 4293 utilia
536 4234 890 4307 evadebant,
922 4255 972 4296 c.
1007 4237 1081 4304 46
1116 4257 1130 4291 :
1167 4261 1191 4286 α
1221 4233 1523 4292 thesauros
1552 4256 1641 4293 re·

80 4335 261 4395 pertos
288 4323 397 4396 iis,
422 4325 525 4401 qui
550 4337 914 4403 repererant,
942 4324 1203 4384 donavit.
1238 4349 1263 4376 n
1288 4355 1368 4368 —
1395 4322 1638 4382 Possum

80 4409 233 4484 plura
261 4412 505 4485 afferre,
544 4426 638 4485 ut,
670 4434 800 4490 quae
834 4435 888 4473 c.
934 4413 1004 4470 16
1028 4414 1102 4472 de
1127 4419 1469 4489 jurisperitis
1496 4411 1641 4470 affe-

80 4515 297 4574 runtur,
332 4522 581 4579 quorum
608 4523 739 4561 cum
763 4503 1016 4561 consilio
1042 4503 1481 4561 constitutiones
1508 4523 1642 4562 suas

79 4592 416 4661 sacraverit,
444 4605 503 4648 et
526 4612 655 4669 quae
682 4614 735 4650 c.
768 4614 844 4668 ²9
865 4593 939 4651 de
958 4599 1155 4649 amicis
1180 4593 1395 4650 sanctis
1424 4605 1480 4648 et
1508 4592 1642 4651 fide-

84 4675 225 4738 hbus
238 4723 255 4750 ‚
285 4700 394 4759 per
417 4700 565 4755 quos
587 4694 644 4738 et
665 4700 759 4740 res
784 4678 1027 4739 bellicas
1049 4694 1107 4739 et
1133 4680 1335 4738 civiles
1360 4691 1639 4738 tractave-

84 4763 178 4835 rit,
209 4782 264 4824 et
294 4788 426 4844 quae
446 4789 500 4827 c.
537 4769 608 4826 35
634 4781 691 4826 et
717 4770 789 4827 36
815 4770 887 4827 de
906 4772 1357 4846 procuratoribus
1382 4781 1439 4825 et
1466 4777 1639 4827 ratio-

81 4857 311 4926 nalibus,
343 4876 491 4932 quos
508 4857 609 4914 ille
628 4859 996 4916 severissime
1018 4871 1077 4918 et
1093 4857 1335 4934 elegerit
1356 4869 1412 4914 et
1439 4857 1635 4916 obser-

86 4945 297 5003 vaverit
310 4989 327 5017 ,
351 4957 419 5003 ut
438 4946 874 5005 meminerimus
897 4948 1161 5006 locorum
1180 4967 1358 5024 supra
1375 4966 1448 5004 ex
1470 4961 1639 5025 poeta

83 5027 145 5084 de
166 5029 255 5089 his
282 5033 624 5093 hominibus
656 5035 999 5110 allatorum;
1021 5035 1180 5112 quod
1214 5055 1264 5095 c.
1293 5044 1365 5103 24
1390 5041 1637 5092 exoleto-

84 5109 206 5187 fl'tm,
244 5139 396 5198 quos
420 5121 524 5180 ille
548 5125 843 5182 vetiturus
864 5137 990 5182 erat
1004 5168 1021 5197 ‚
1046 5145 1099 5182 c.
1128 5125 1199 5194 45
1223 5125 1594 5181 eunuchorum
1609 5170 1623 5193 ‚

86 5223 219 5278 quos
230 5227 264 5266 a
278 5209 438 5270 fumo
453 5212 760 5272 vendendo
772 5214 1101 5290 prohibuit,
1114 5214 1331 5272 mentio
1346 5213 1635 5290 injicitur,

3197 398 3297 449 'XV

1729 534 1876 593 quos
1900 514 2107 574 Noster
2142 514 2262 589 111,
2298 516 2410 592 395
2437 536 2525 593 sq.
2559 529 2616 573 et
2637 517 2755 589 286
2787 522 3294 593 commemoravit3
3379 578 3382 583 .

1731 623 1970 681 possum
2031 603 2231 662 multis
2281 606 2556 683 persequi
2604 609 2936 663 Mammoeoe
2987 607 3296 667 infaustam

1731 694 1954 771 optimo
1986 693 2192 770 juveni
2220 693 2618 753 auctoritatem
2634 736 2650 765 ,
2681 693 2987 753 muliebris
3021 698 3298 774 potentiae

1732 782 1943 858 soepius
1964 800 1999 839 a
2014 779 2226 839 Nostro
2241 779 2542 839 celebratae
2560 780 2792 855 insigne
2812 783 3140 861 exemplum
3159 806 3181 853 ·,
3199 786 3297 842 sed

1731 870 1978 941 sufficit,
2035 871 2219 945 ipsius
2270 870 2532 927 attulisse
2571 869 2944 946 imperatoris
2985 871 3298 948 imaginem

1732 977 1783 1015 c.
1814 980 1888 1031 27
1912 960 2008 1017 his
2019 957 2220 1017 verbis
2237 958 2581 1016 delineatam
2607 978 2621 1013 :
2649 982 2671 1009 κ
2693 956 3000 1017 Facundiae
3014 960 3126 1019 fuit
3145 961 3303 1020 Grae-

1740 1072 1765 1099 α
1799 1068 1879 1107 cae
1901 1049 2108 1124 magis,
2133 1066 2306 1126 quam
2326 1046 2548 1105 Latinae
2561 1089 2580 1119 ,
2608 1064 2714 1105 nec
2730 1066 2906 1106 versu
2927 1048 3296 1125 invenustus,

1738 1160 1763 1187 α
1797 1149 1854 1194 et
1871 1136 1946 1194 ad
1969 1136 2249 1194 musicam
2271 1154 2493 1214 pronus
2507 1179 2523 1208 ‚
2548 1137 2860 1193 matheseos
2872 1144 3086 1213 peritus
3105 1160 3127 1194 .·
3148 1146 3302 1196 etita

1739 1250 1763 1275 α
1799 1228 2052 1301 quidem,
2103 1240 2166 1283 ut
2187 1246 2262 1283 ex
2302 1234 2424 1299 ejus
2455 1231 2618 1297 jussu
2659 1226 3047 1283 mathematici
3077 1228 3302 1302 publice

1739 1338 1764 1365 «ι
1790 1322 2186 1390 proposuerint
2199 1319 2410 1383 Romae,
2442 1334 2513 1370 ac
2530 1312 2910 1389 sintpmfissi‚
2945 1328 3010 1370 ut
3023 1318 3298 1374 docerent.

1739 1428 1763 1453 α
1798 1403 2200 1481 Haruspicinae
2240 1421 2476 1481 quoque
2513 1402 2902 1479 peritissimus
2937 1402 3068 1465 fuit.
3094 1401 3304 1483 Ὀρνεα-

1738 1516 1761 1541 a
1796 1491 1990 1560 σκόπος
2008 1512 2283 1569 magnus,
2309 1505 2377 1550 ut
2397 1504 2455 1549 et
2468 1488 2759 1549 Vascones
2781 1488 3178 1566 Hispanorum
3196 1535 3214 1565 ‚
3245 1504 3300 1549 et

1737 1604 1762 1631 «ι
1796 1580 2236 1641 Pannoniorum
2265 1598 2514 1657 augures
2539 1578 2772 1639 vicerit.
2796 1577 3185 1637 Geometriam
3219 1580 3302 1638 fe-

1737 1694 1761 1721 α
1798 1670 1908 1742 cit3
1946 1670 2146 1745 pinxit
2175 1668 2356 1739 mire3
2388 1667 2645 1727 cantavit
2671 1664 2986 1723 nobiliter:
3020 1666 3122 1725 sed
3154 1688 3301 1727 nun-

1737 1782 1761 1809 α
1799 1777 1973 1835 quam
2019 1758 2134 1816 alio
2175 1758 2446 1828 conscio,
2492 1755 2608 1815 nisi
2645 1755 2847 1833 pueris
2877 1754 2998 1813 suis
3031 1755 3298 1817 testibuS.

1738 1872 1762 1897 α
1794 1845 1953 1905 Vitas
1989 1846 2330 1923 Principum
2378 1844 2670 1903 bonorum
2723 1841 2990 1901 versibus
3044 1845 3298 1923 scripsit.

1738 1955 1762 1981 «
1800 1930 1986 2007 Lyra,
2011 1932 2190 2010 tibia,
2221 1953 2442 2009 organo
2463 1931 2673 1991 cecinit
2701 1951 2714 1989 ε
2747 1929 2887 1988 tuba
2911 1930 3116 2003 etiam,
3145 1934 3302 2009 quod

1702 2008 1713 2022 ⁶
1740 2043 1763 2069 α
1801 2020 2038 2095 quidem
2063 2021 2382 2100 imperator
2410 2040 2708 2098 nunquam
2731 2019 3002 2079 ostendit.
3033 2020 3303 2081 Palaestes

1739 2133 1763 2155 α
1798 2109 2028 2185 primus
2057 2110 2168 2167 fuit
2186 2153 2203 2181 ,
2234 2109 2298 2167 in
2338 2109 2518 2179 armis
2543 2126 2821 2184 magnus,
2864 2106 3008 2166 adeo
3032 2120 3099 2166 ut
3123 2111 3306 2170 multa

1738 2221 1764 2247 α
1798 2195 1958 2254 bella
1979 2210 2037 2255 et
2064 2198 2604 2275 glorioseagesserit.
2635 2225 2659 2250 υ
2699 2196 2784 2255 En
2812 2198 3006 2257 virum
3029 2199 3306 2259 omnibus

1732 2286 1807 2343 iis
1835 2286 2004 2345 donis
2026 2287 2189 2363 large
2211 2300 2476 2345 ornatum
2493 2330 2510 2359 ,
2538 2306 2668 2363 quae
2697 2305 2770 2343 ex
2795 2286 2970 2345 bonis
3001 2289 3304 2347 constella-

1734 2373 1994 2433 tionibus
2017 2374 2178 2435 nasci
2207 2374 2416 2435 Noster
2439 2375 2620 2433 variis
2645 2374 2790 2432 locis
2814 2376 3177 2434 enumeravit
3195 2420 3212 2449 ,
3242 2392 3306 2436 ut

1732 2462 1923 2534 facile,
1947 2482 2374 2541 quamcumque
2411 2464 2602 2522 dotem
2648 2462 2981 2521 Alexandro
3027 2464 3308 2525 adscribit

1722 2549 2028 2619 ,Romanus
2047 2553 2390 2626 historicuS,
2413 2572 2538 2610 eam
2560 2572 2680 2610 uno
2701 2564 2801 2609 aut
2821 2550 3093 2629 pluribus
3117 2552 3306 2613 Graeci

1730 2640 2120 2700 mathematici
2138 2639 2412 2701 versibus
2435 2640 2764 2718 exprimere
2790 2639 3002 2717 possis.
3035 2640 3105 2698 Et
3129 2642 3307 2701 habes

1731 2730 2014 2787 rationem
2041 2730 2475 2806 gravissimam,
2495 2749 2626 2807 quae
2645 2742 2941 2786 auctorem
2965 2728 3037 2787 ad
3059 2733 3309 2789 conscri-

1730 2812 1988 2876 bendum
2009 2838 2242 2878 carmen
2261 2817 2678 2894 astrologicum
2696 2817 3046 2894 compellere
3058 2832 3306 2897 poterat.

1730 2906 2030 2965 Ne-autem
2058 2907 2237 2967 nimis
2264 2906 2531 2978 mireris,
2554 2905 2714 2984 quod
2739 2904 3142 2984 Oppiauorum
3169 2908 3308 2966 satis

1732 3013 1936 3053 recens
1960 2997 2293 3074 exemplum
2311 2994 2655 3070 dedignatus
2683 3013 2833 3071 opus
2861 3013 3030 3051 suum
3055 2993 3310 3074 impera-

1732 3084 1849 3144 tori
1872 3104 1993 3142 suae
2017 3087 2158 3143 artis
2180 3083 2373 3163 perito
2392 3097 2644 3162 patrono
2665 3081 2937 3140 dedicare
2959 3082 3216 3143 noluerit
3230 3119 3306 3132 --

1732 3193 2082 3252 quamquam
2119 3192 2193 3231 ne
2215 3192 2364 3251 opus
2392 3173 2628 3250 quidem
2660 3183 2746 3230 est
2780 3170 2851 3229 ad
2879 3171 3170 3248 ejusmodi
3197 3177 3308 3230 mi-

1731 3263 2017 3332 rationem
2044 3260 2397 3338 respondere
2427 3293 2526 3337 —,
2559 3259 2875 3339 respondet
2900 3273 3092 3320 tamen
3121 3259 3306 3320 histo-

1734 3351 1894 3410 ricus
1936 3373 1991 3411 c.
2040 3355 2143 3424 18,
2189 3370 2364 3430 quam
2395 3347 2604 3408 acerbe
2628 3348 2764 3422 ille,
2793 3349 2844 3408 si
2873 3349 3008 3426 quis
3049 3352 3308 3408 blandius

1730 3444 1954 3517 aliquid
1968 3445 2226 3509 dixisset,
2255 3439 2352 3498 vel
2395 3438 2754 3498 adulationis
2784 3436 3052 3496 umbram
3081 3458 3309 3517 repres-

1732 3528 1877 3586 serit
1890 3573 1906 3601 ,
1938 3541 2205 3588 accurate
2233 3545 2498 3588 narrans.

1812 3619 1887 3673 At
1914 3619 2071 3677 enim
2094 3616 2206 3675 hoc
2235 3620 2466 3695 ipsum,
2492 3615 2649 3693 quod
2689 3613 2864 3673 modo
2891 3613 3195 3674 attulimus
3223 3627 3302 3674 te·

1733 3707 2103 3778 stimonium,
2129 3706 2491 3765 contrarium
2521 3723 2647 3763 esse
2673 3704 2909 3763 videtur
2940 3702 3089 3780 ipsis
3122 3719 3311 3781 poetae

1732 3793 1965 3867 verbis,
1997 3792 2214 3872 quibus
2236 3793 2340 3852 ille
2362 3811 2437 3850 ex
2463 3791 2681 3870 Heynii
2711 3794 2994 3850 sententia
3018 3811 3198 3869 supra
3225 3794 3308 3852 al-

1732 3880 1848 3940 lata
1864 3880 1974 3955 vl,
2008 3883 2120 3955 734
2157 3901 2287 3960 sqq.
2321 3880 2394 3938 ad
2425 3879 2614 3938 edicta
2657 3881 3077 3958 imperatorum
3101 3894 3306 3940 contra

1732 3968 2166 4038 Mathematicos
2193 3969 2459 4028 allusisse
2485 3968 2816 4027 videbatur.
2842 3967 3124 4026 Consulto
3149 3967 3306 4032 hunc

1731 4061 1921 4115 locum
1943 4059 2269 4117 accuratius
2288 4055 2646 4115 tractandum
2663 4055 2778 4114 huc
2802 4055 3121 4128 reservavi3
3145 4075 3313 4125 nam„

1733 4146 1783 4203 si
1826 4165 1898 4203 ex
1927 4167 1996 4204 eo
2025 4165 2261 4224 quoque
2297 4142 2647 4220 conjecturae
2678 4157 2892 4202 nostrae
2916 4144 2988 4230 de
3015 4155 3302 4222 tempore,

1732 4253 1851 4311 quo
1876 4254 2108 4293 carmen
2132 4235 2412 4309 scriptum
2439 4232 2547 4306 sit,
2571 4231 2796 4309 aliquid
2815 4231 3159 4290 adminiculi
3176 4233 3307 4294 sub·

1726 4322 1835 4399 jici
1874 4327 2152 4401 potuerit,
2196 4322 2380 4398 magis
2407 4319 2580 4378 etiam
2618 4341 2652 4378 a
2684 4320 3024 4378 temeritatis
3063 4322 3307 4380 crimine

1734 4424 1985 4470 remotos
2028 4432 2134 4469 nos
2165 4411 2288 4468 fore
2313 4429 2636 4490 speramus.
2671 4411 2752 4466 Ac
2787 4411 3044 4486 primum
3067 4407 3306 4483 quidem

1733 4505 1941 4561 vellem
1972 4500 2067 4557 vir
2096 4517 2357 4558 summus
2392 4513 2492 4558 aut
2523 4517 2724 4558 eorum
2751 4495 2994 4573 aliquis,
3036 4495 3138 4572 qui
3177 4494 3306 4572 ejus

1732 4591 2077 4650 sententiam
2121 4587 2546 4665 repetiverunt,
2594 4585 2810 4644 clarius
2850 4581 3192 4655 indicasset,
3232 4585 3305 4643 ad

1732 4680 2037 4758 cujusnam
2061 4677 2433 4754 imperatoris
2460 4677 2712 4753 edictum
2743 4685 2972 4752 poetam
3005 4673 3302 4750 allusisse,

1732 4769 1790 4827 h.
1831 4789 1883 4829 e.
1918 4766 2223 4846 cujusnam
2262 4764 2633 4843 imperatoris
2674 4759 3040 4839 temporibus
3079 4761 3304 4819 vixisse

1730 4871 1958 4936 poetam
1989 4869 2263 4914 censeret.
2283 4853 2428 4912 Nam
2450 4855 2523 4910 de
2545 4872 2750 4930 genere
2769 4851 2873 4908 illo
2893 4851 3177 4905 hominum
3191 4871 3302 4924 po-

1728 4946 1962 5005 tentibus
1989 4946 2185 5020 infido,
2234 4945 2584 5020 sperantibus
2606 4939 2839 5014 fallace
2887 4958 3027 4995 vere
3066 4939 3299 5012 evenit,

1728 5035 1886 5114 quod
1908 5035 2140 5094 Tacitus
2155 5033 2278 5111 jam
2301 5031 2579 5110 praedixit
2603 5029 2756 5087 nist.
2783 5026 2843 5099 1,
2871 5048 2968 5100 22,
3001 5026 3062 5085 id
3090 5027 3153 5085 in
3175 5035 3302 5083 civi-

1729 5139 1841 5182 tate
1889 5123 2149 5182 Romana
2179 5135 2237 5180 et
2270 5116 2504 5178 vetitum
2549 5139 2772 5196 semper
2801 5130 2861 5174 et
2897 5129 3163 5173 retentum
3197 5115 3296 5174 iri.

1726 5211 1880 5282 Quid
1910 5213 2071 5290 quod
2089 5254 2106 5284 ,
2148 5223 2214 5269 ut
2242 5209 2444 5288 priora
2484 5207 2677 5268 edicta
2706 5221 2921 5265 taceam
2938 5248 2957 5282 ,
2985 5204 3060 5263 de
3085 5201 3300 5282 quibus
