3767 5825
1934 349 2027 408 PR
2036 348 2337 409 AEFATto

515 474 809 546 311-3233
850 475 1109 551 409·415
1148 475 1355 535 horum
1394 476 1678 535 meminit.
1720 476 1835 535 Nec
1873 476 2080 535 dubito
2170 478 2446 537 aNerone
2471 480 2589 555 jam
2615 476 2878 558 (Sueton.
2908 474 2976 536 N.
3011 497 3072 533 ιι
3097 476 3190 551 )et
3205 473 3394 533 Galba
3425 474 3535 551 (id.
3555 476 3684 543 (ὶῦῖ
3720 464 3721 541 J

517 564 659 639 quin
685 566 857 621 etiam
887 562 971 634 ll,
1001 566 1115 622 263
1137 572 1267 642 sqq.
1295 564 1477 624 verba

642 714 769 760 ἄλλοι
795 712 835 760 δ’
854 712 963 760 αὖτε
984 713 1200 761 πέλονται
1222 714 1501 774 ἀπαγγελέες
1527 714 1782 775 βασιλήων,

638 792 797 839 πίστιν
823 790 863 839 τ’
886 792 1001 853 ἀμφὶ
1025 790 1182 853 &xum
1206 792 1555 853 θεμιστοπόλων
1580 791 1661 839 ἀπ’
1681 792 1894 840 ἀνάκτων

636 869 873 931 ἰσχουσιν,
903 868 1072 925 κείνοις
1096 870 1303 933 σφετέρῳ
1320 868 1415 933 νόῳ
1434 869 1659 925 ἰθύνοντες
1672 906 1687 928 ,

515 992 625 1051 huc
646 992 947 1049 referenda
970 995 1119 1064 sint,
1138 1013 1267 1069 quae
1292 1012 1592 1070 perperam
1618 992 1928 1070 Tyrwhitt.
1955 993 1998 1052 l.
2023 1015 2073 1051 c.

513 1080 585 1137 de
612 1084 923 1154 Age-atibus
952 1089 1009 1137 in
1028 1085 1188 1139 rebus
1211 1080 1516 1141 intellexit.
1538 1080 1679 1138 Nam
1710 1102 1781 1138 ex
1806 1082 2079 1159 plurimis

512 1170 693 1247 ipsius
719 1169 1071 1241 Marcellini,
1107 1188 1279 1247 quem
1316 1169 1416 1227 ille
1444 1169 1717 1241 adduxit,
1743 1170 1889 1226 locis
1911 1170 2079 1227 facile

514 1257 747 1336 probari
776 1271 987 1335 potest,
1017 1276 1120 1317 eos
1152 1273 1381 1335 agentes
1424 1266 1482 1313 in
1522 1261 1683 1314 rebus
1720 1291 1799 1301 —
1828 1278 2076 1334 quorum

514 1364 719 1404 nomen
749 1347 1094 1425 primarium
1128 1366 1259 1405 cum
1289 1346 1484 1405 officio
1509 1344 1960 1425 probrosissimo
1985 1348 2077 1403 vel

512 1436 583 1492 ad
612 1450 811 1495 nostra
837 1448 1098 1513 tempora
1126 1436 1445 1513 permansit
1470 1434 1842 1512 -inprimis
1870 1454 2077 1513 specu-

513 1526 621 1582 lari
650 1522 921 1583 debuisse
935 1569 951 1596 ,
975 1524 1026 1583 si
1048 1524 1193 1601 quid
1214 1542 1497 1580 novarum
1518 1541 1711 1579 rerum
1742 1535 1945 1580 contra
1964 1522 2077 1579 lm-

511 1614 798 1691 peratoris
820 1613 1061 1671 salutem
1091 1612 1507 1690 susciperetur,
1536 1625 1594 1670 et
1614 1612 1847 1670 eosdem
1876 1612 1950 1670 ab
1975 1613 2078 1671 hac

514 1702 774 1759 muneris
798 1714 961 1779 parte
987 1701 1269 1778 primaria
1293 1702 1465 1759 etiam
1496 1702 1840 1759 Cur-iosorum
1868 1721 2078 1759 nomen

514 1788 805 1848 habuisse.
828 1788 941 1847 Sed
961 1790 1062 1864 qui
1090 1808 1123 1846 a
1153 1802 1323 1865 poeta
1347 1801 1741 1846 memorantur
1764 1790 2080 1866 ἀπαγγελέες

507 1878 606 1953 jus
626 1875 881 1936 dicentes
902 1878 1165 1954 apprime
1180 1879 1538 1935 conveniunt
1555 1892 1812 1953 quattuor
1826 1884 2076 1935 consula·

512 1968 693 2033 ribus,
729 1986 862 2041 quos
899 1986 1009 2041 pet·
1048 1986 1263 2021 omnem
1300 1970 1537 2023 Italiam
1552 1970 1775 2038 judices
1811 1974 2084 2023 constituit

513 2052 844 2111 Hadrianus
863 2052 1177 2111 secundum
1200 2052 1307 2113 AEl.
1332 2053 1525 2131 Spart.
1549 2074 1648 2125 aa,
1675 2066 1733 2110 et
1748 2052 1867 2113 Jul.
1888 2052 2076 2133 Capit.

515 2141 731 2200 Anton.
761 2140 871 2199 Pio
896 2162 947 2201 c.
976 2162 1009 2199 a
1028 2186 1045 2213 ‚
1068 2141 1141 2199 ad
1165 2141 1325 2218 quod
1351 2142 1679 2221 exemplum
1708 2146 1855 2199 datis
1866 2148 2078 2217 juridi-

511 2238 591 2285 cis
606 2232 779 2287 etiam
800 2231 1135 2290 Antoninus
1160 2230 1547 2309 philosophus
1566 2236 1764 2289 Italioe
1786 2238 2077 2304 consuluit,

512 2331 653 2376 teste
676 2318 795 2376 Jul.
824 2318 1071 2397 Capitol.
1103 2340 1155 2377 c.
1197 2340 1287 2377 ιι.
1320 2321 1389 2377 Hi
1412 2321 1528 2397 ipsi
1559 2340 1678 2377 non
1702 2319 1910 2378 dubito
1939 2324 2081 2397 quin
2125 2351 2130 2373 l

2123 2264 2130 2348 Ι

2171 586 2275 644 per
2305 568 2496 625 funem
2538 565 2835 625 ambulare
2873 564 3065 623 edocti
3095 564 3242 621 lianc
3282 577 3460 621 artem
3485 564 3687 643 depres-
3720 554 3721 619 ἶ

2169 659 2310 713 sisse
2335 654 2526 713 videri
2568 654 2817 731 possint.
2849 651 2990 709 Nam
3023 652 3116 709 vel
3147 657 3460 707 Antoninus
3469 656 3686 729 philam·
3720 654 3721 661 ’

2161 745 2312 819 plius
2347 742 2564 800 vilibus
2592 738 2930 798 hominibus
2957 753 3178 798 tantum
3217 742 3454 817 pietatis
3491 741 3688 813 largitus

2167 822 2282 900 est,
2316 842 2382 887 ut
2405 829 2480 887 iis
2517 841 2649 906 post
2680 846 2924 905 puerum
2957 827 3190 905 lapsum
3216 828 3488 885 culcitras
3515 828 3686 905 subjici
3720 830 3721 835 ’

2162 916 2396 993 juberet
2413 916 2567 995 (Jul.
2591 916 2841 993 Capitol.
2865 936 2916 974 c.
2947 922 3085 987 12);
3110 928 3167 973 et
3184 914 3458 991 Cyziceni
3481 929 3605 975 teste
3621 938 3687 974 ce·

2167 1004 2480 1063 leberrima
2497 1018 2748 1077 moneta,
2767 1022 2940 1080 quam
2965 1003 3310 1078 Boettigerus
3332 1005 3626 1062 illustravit
3645 1008 3688 1061 in
3720 1008 3721 1015 ’

2165 1093 2466 1170 Opuscull.
2491 1091 2602 1164 Ill,
2621 1113 2680 1170 p.
2701 1093 2815 1151 336
2841 1110 2999 1169 sqq„
3017 1090 3162 1149 festo
3185 1094 3510 1149 Caracalla·
3533 1094 3586 1150 in
3607 1093 3688 1151 ho·
3720 1079 3721 1113 ¹

2168 1199 2370 1237 norem
2391 1179 2679 1239 celebrato
2699 1198 2806 1257 per
2832 1177 3302 1238 funambulorum
3323 1181 3526 1239 ludum
3541 1184 3691 1257 majus
3720 1228 3721 1253 3

2167 1268 2344 1327 decus
2367 1269 2654 1338 fecerunt;
2679 1280 2736 1325 et
2757 1270 3006 1337 Carinus,
3039 1281 3180 1327 teste
3191 1272 3444 1347 vopisco
3469 1291 3515 1328 c.
3542 1272 3620 1339 18,
3641 1284 3686 1327 ιιι
3719 1266 3721 1303 ¹

2169 1378 2386 1416 novum
2409 1356 2797 1435 spectaculum
2817 1359 3174 1425 nembaten,
3209 1358 3313 1433 qui
3337 1358 3501 1414 velut
3521 1359 3575 1414 in
3592 1379 3694 1414 ten·
3720 1352 3721 1357 '

2169 1446 2236 1501 tis
2259 1444 2634 1503 cothurnatus
2656 1443 2924 1515 ferretur,
2947 1443 3245 1517 exhibuit,
3271 1444 3342 1502 de
3363 1466 3482 1523 qua
3499 1446 3690 1522 quidem
3719 1475 3721 1542 i

2169 1533 2310 1591 artis
2329 1533 2684 1611 perfectione
2722 1545 2917 1590 noster
2938 1545 3111 1610 poeta
3141 1533 3328 1603 siluit,
3355 1534 3458 1589 vix
3487 1554 3595 1591 rem
3613 1536 3691 1591 mi·
3720 1544 3721 1565 ³

2169 1622 2414 1680 rabilem
2436 1626 2778 1691 omissurus,
2801 1622 2854 1679 si
2879 1620 3054 1679 modo
3073 1641 3195 1679 eam
3218 1623 3500 1683 novisset.
3523 1623 3692 1679 Multus
3720 1653 3721 1707 ;

2169 1724 2254 1767 est
2285 1712 2459 1767 etiam
2505 1712 2568 1767 in
2615 1708 2707 1769 his
2755 1708 3166 1786 similibusque
3213 1709 3494 1768 ludibriis
3525 1711 3688 1788 depin-
3720 1716 3721 1771 ῐ

2169 1798 2372 1872 gendis
2399 1796 2672 1855 Manilius
2694 1797 2764 1869 V,
2804 1798 3093 1869 162-1733
3121 1798 3422 1869 438-4453
3451 1799 3661 1855 651-55.

2248 1884 2380 1943 Jam
2403 1899 2468 1943 ut
2496 1885 2568 1943 ad
2597 1888 2823 1963 opificia
2849 1899 3206 1943 transeamus
3224 1885 3479 1943 luxuriae
3500 1886 3690 1944 illorum
3720 1880 3721 1949 Ϊ

2171 1986 2493 2051 temporum
2516 1974 2914 2043 inservientia,
2932 1973 3184 2047 insignis
3199 1986 3286 2031 est
3302 1973 3470 2032 locus
3485 1973 3559 2045 11,
3577 1977 3694 2031 320-
3719 1990 3721 2009 ¹

2173 2082 2272 2133 27,
2291 2062 2392 2120 ubi
2423 2074 2816 2119 memorantur
2840 2074 3092 2119 textores
3115 2061 3302 2119 variis
3323 2062 3528 2137 figuris
3549 2076 3694 2119 vestes

2169 2150 2510 2224 pingentes,
2551 2149 2892 2207 encausticae
2923 2149 3167 2227 picturae
3191 2150 3407 2227 periti,
3453 2144 3721 2225 sertorum}

2172 2256 2440 2309 nexores,
2475 2256 2752 2315 purpurae
2779 2228 3084 2307 tinctores,
3110 2249 3168 2293 et
3186 2251 3604 2312 unguentorum
3627 2259 3696 2294 co·
3720 2226 3721 2311 ¹

2173 2337 2388 2395 ctores3
2407 2344 2656 2401 quocum
2681 2324 2812 2381 loco
2836 2323 2936 2397 Vl,
2963 2328 3075 2395 432
3097 2344 3229 2402 sqq.
3258 2346 3573 2403 compares.
3599 2328 3696 2381 Duo

512 2406 873 2482 intelligendi.
902 2408 1018 2466 sint
1040 2407 1195 2485 apud
1216 2408 1393 2466 Dion.
1425 2409 1589 2467 Cass.
1618 2407 1928 2479 Lxxvln,
1963 2430 2035 2469 22
2065 2432 2077 2467 :
2172 2431 2245 2469 ex
2268 2410 2362 2469 his
2393 2431 2606 2488 genera
2631 2416 2980 2484 ,memoravit
2997 2412 3200 2471 Manil.
3224 2411 3296 2484 V,
3318 2416 3564 2489 οδω-69.
3586 2394 3721 2485 pra-¹

513 2494 831 2569 δικαιονόμοι
852 2497 899 2554 οἱ
927 2494 1023 2567 τὴν
1068 2495 1297 2554 Ἰταλίαν
1324 2498 1628 2563 διοικοῦντες
1659 2498 1791 2575 ὑπὲρ
1826 2496 1894 2555 τὰ
1929 2520 2081 2573 νομι-

513 2584 698 2641 σθέντα
728 2583 831 2641 ὑπὸ
856 2590 946 2641 τοῦ
980 2583 1199 2663 Μάρκου
1228 2584 1541 2653 δικάζοντες.

594 2671 724 2730 Jam
754 2673 804 2730 si
834 2671 906 2730 ad
934 2686 1085 2729 artes
1104 2676 1325 2744 varias,
1365 2693 1510 2751 quas
1544 2673 2084 2732 constellationibus

514 2762 820 2839 praedicari
850 2775 1075 2833 censet,
1106 2763 1455 2835 transimus,
1482 2760 1579 2820 hic
1610 2783 1843 2842 quoque
1864 2761 2084 2837 ubique

511 2850 896 2907 recentiorum
931 2848 1325 2908 Romanorum
1355 2852 1533 2908 vitam
1569 2850 1629 2908 in
1662 2850 1861 2907 oculos
1889 2851 2083 2907 incur-

511 2957 639 2996 rere
658 2939 930 3016 plurimis
949 2938 1352 2998 demonstrari'
1372 2952 1577 3017 potest.
1601 2939 2080 2997 Prae-monendum

510 3027 997 3104 autem,singulas
1010 3027 1246 3104 quidem
1270 3041 1423 3086 artes
1444 3029 1615 3086 etiam
1641 3027 1715 3085 ab
1738 3028 2084 3104 antiquiori·

512 3114 621 3174 bus
644 3114 1007 3194 temporibus
1038 3116 1277 3174 minime
1314 3116 1533 3174 alienas
1556 3135 1717 3188 esse3
1746 3116 1845 3174 sed
1869 3136 1950 3174 eae
1978 3137 2083 3174 nec

514 3206 655 3263 tanti
678 3218 843 3264 erant
871 3206 1170 3275 momenti,
1197 3218 1400 3282 utpote
1422 3206 1717 3282 pleraeque
1734 3205 1881 3264 viris
1922 3206 2082 3280 inge-

512 3292 647 3350 nuis
670 3293 950 3368 indignae,
974 3313 1163 3371 neque
1180 3293 1265 3351 ita
1276 3294 1569 3370 expolitae,
1590 3305 1653 3350 ut
1672 3293 2082 3368 apotelesmata

514 3380 629 3437 illis
652 3379 1013 3459 temporibus
1036 3381 1255 3458 scripta
1281 3393 1495 3438 tantam
1522 3400 1725 3438 eorum
1755 3380 2080 3439 multitudi-

515 3487 642 3525 nem
668 3482 1119 3526 enumerassent.
1148 3468 1261 3529 Sed
1288 3489 1395 3527 nos
1414 3488 1485 3526 ex
1505 3470 1835 3545 potioribus
1857 3483 2077 3545 partem

513 3557 801 3614 indicasse
828 3556 967 3614 satis
991 3555 1286 3614 habemus.
1316 3553 1404 3613 lta
1429 3570 1728 3632 geometroe
1752 3575 2080 3614 memoran-

516 3657 609 3700 tur
637 3642 745 3714 vl,
780 3646 928 3718 4693
961 3647 1259 3717 agricolas,
1293 3643 1395 3718 qui
1427 3644 1600 3700 etiam
1630 3644 1879 3700 aliorum
1913 3663 2080 3718 agros

515 3732 778 3790 mercede
795 3733 1013 3802 colunt,
1031 3729 1176 3790 ibid.
1201 3732 1317 3806 489
1332 3753 1348 3802 ;
1365 3731 1503 3789 illos
1520 3732 1865 3790 memoravit
1879 3731 2077 3792 Manil.

518 3818 610 3890 lV,
642 3821 787 3894 2053
816 3820 924 3878 hos
942 3818 1093 3880 ibid.
1131 3827 1239 3887 140
1278 3839 1409 3898 sqq.
1436 3819 1831 3878 Memor-antur
1854 3829 2067 3887 musici,

514 3913 763 3979 comoedi,
792 3911 1051 3984 aagoedi,
1072 3923 1261 3984 mctoe
1276 3909 1497 3984 aliique
1516 3909 1763 3978 atliletoe,
1793 3907 1903 3976 111,
1931 3910 2038 3982 357
2061 3934 2075 3981 ;

515 3997 587 4053 v1
603 4043 620 4071 ,
646 4000 757 4070 374
777 4043 793 4073 ,
825 3998 939 4055 506
966 4017 1125 4074 sqq.‚
1148 3997 1221 4054 de
1245 3994 1463 4071 quibus
1488 3996 1645 4074 pleni
1669 4009 1803 4055 sunt
1833 3997 2079 4074 scripto-

518 4105 640 4156 res3
676 4105 781 4144 nec
808 4085 1015 4144 dubito
1046 4087 1191 4162 quin
1221 4085 1393 4142 etiam
1420 4089 1521 4162 qui
1550 4084 1658 4155 Vl,
1694 4085 1807 4157 375
1842 4085 2077 4163 σθεναροὶ

516 4174 789 4253 ῥοπάλοισι
830 4173 1108 4251 γεγηθότες
1144 4175 1534 4252 appellentur,
1580 4172 1930 4248 gladiatores
1963 4175 2079 4232 sint

515 4265 743 4318 rudibus
785 4261 925 4342 (cfr.
975 4263 1085 4320 AEl.
1129 4261 1427 4339 Lamprid.
1472 4260 1772 4320 Commod.
1817 4284 1868 4320 c.
1917 4263 1983 4336 5)
2023 4271 2080 4319 in

516 4371 691 4408 arena
711 4363 1033 4428 pugnantes
1048 4393 1065 4422 ,
1090 4369 1235 4425 quas
1254 4350 1426 4406 etiam
1449 4353 1638 4404 calvas
1660 4348 1844 4406 dictas
1864 4369 1988 4408 esse
2007 4370 2080 4408 ex

516 4438 639 4496 Cic.
658 4437 788 4496 Sen.
807 4458 857 4498 c.
887 4441 953 4495 16
980 4451 1036 4494 et
1059 4436 1258 4510 Veget.
1284 4437 1407 4494 mil.
1434 4437 1599 4493 Rom.
1628 4437 1705 4506 ΙΙ,
1738 4458 1757 4492 ι
1778 4459 1797 4493 1
1824 4440 2078 4515 suspice—

520 4529 621 4584 ris,
654 4528 770 4584 Nec
797 4527 1073 4584 Manilius
1123 4524 1214 4600 lV,
1255 4546 1365 4596 227
1416 4544 1503 4599 sq.
1556 4525 1934 4600 gladiatores,
1983 4542 2078 4584 aut

518 4613 585 4684 V,
633 4616 854 4683 324-38
884 4615 1169 4684 musicos,
1201 4625 1300 4671 aut
1329 4621 1441 4683 477
1468 4631 1599 4688 sqq.
1632 4613 1960 4670 fabularum
1996 4634 2079 4670 re-

519 4704 785 4761 citatores
810 4703 1203 4780 praetermisit.
1238 4700 1632 4757 Memorantur
1656 4701 1992 4771 funambuli
2024 4719 2081 4761 et

511 4797 830 4864 petent-istae
874 4788 950 4846 Vl
971 4833 987 4862 ,
1022 4797 1136 4858 440
1170 4807 1295 4864 sqq.
1318 4832 1334 4860 ‚
1362 4786 1520 4864 quod
1564 4786 1866 4846 hominum
1899 4810 2078 4864 genus

520 4897 868 4954 quamquam
891 4897 964 4936 ne
984 4878 1172 4956 ipsum
1197 4877 1429 4954 quidem
1457 4895 1491 4932 a
1508 4874 1846 4954 reipublicae
1866 4891 2081 4956 tempo-

522 4963 685 5023 ribus
709 4967 957 5025 alienum
972 5009 988 5037 ‚
1015 4977 1079 5023 ut
1101 4965 1193 5022 vel
1216 4965 1443 5041 prologi
1462 4963 1701 5040 Hecyrae
1720 4964 2081 5027 Terentianae

523 5052 760 5124 docent,
791 5053 901 5112 sub
923 5051 1371 5130 imperatoribus
1403 5064 1593 5109 tamen
1623 5052 1852 5111 demum
1878 5054 1938 5111 in
1963 5075 2078 5113 ma-

528 5138 651 5213 jora
676 5140 840 5215 vulgi
867 5141 1059 5199 studia
1088 5143 1387 5219 pervenit,
1414 5163 1761 5220 quamquam
1790 5145 2080 5222 elephanti

2172 2512 2328 2558 terea
2358 2500 2503 2558 nibil
2539 2502 2754 2559 addere
2784 2504 3001 2578 placet,
3034 2519 3208 2575 quam
3235 2520 3420 2560 unum
3457 2504 3626 2560 locum
3647 2522 3721 2581 er

2173 2586 2224 2642 T
2227 2590 2349 2645 reb.
2377 2589 2528 2647 Poll.
2557 2609 2678 2647 xxx
2703 2587 2847 2665 Tyr.
2876 2609 2931 2648 c.
2961 2596 3056 2659 14,
3085 2587 3192 2646 ubi
3215 2603 3420 2647 narrat
3437 2582 3721 2651 Macrian&

2174 2674 2409 2734 familiae
2424 2678 2696 2737 mulieres
2709 2683 2944 2746 tunicas,
2963 2689 3022 2735 et
3031 2680 3245 2746 limbos,
3266 2690 3321 2735 et
3333 2684 3594 2753 poenuias
3607 2701 3700 2733 ma-
3720 2702 3721 2725 z

2171 2768 2416 2821 annales
2431 2764 2728 2837 habuisse,
2745 2787 2874 2841 quoe
2892 2768 3216 2822 Alexandri
3231 2764 3486 2840 effigiem
3505 2772 3572 2823 de
3587 2772 3698 2822 Iicm
3720 2768 3721 2785 ¹

2173 2856 2522 2909 variantibus
2549 2860 2984 2914 monstraverint.
3012 2844 3414 2924 Quanta‘cura
3439 2869 3612 2912 autem
3633 2856 3721 2910 svb

2174 2943 2556 3020 imperatores
2578 2942 2694 3020 ipsi
2723 2962 2881 3000 verae
2911 2961 3191 3020 purpurae
3219 2941 3472 3000 studiosi
3503 2943 3696 3003 fuerint.

2172 3029 2301 3107 ejus
2343 3034 2426 3088 rei
2473 3031 2545 3088 de
2587 3032 2900 3089 Aureliano
2942 3029 3014 3106 eti
3040 3030 3238 3088 Probo
3279 3043 3338 3088 et
3376 3031 3697 3089 Diocletiana
3720 3055 3721 3058 ¹

2171 3131 2357 3176 exstat
2374 3119 2771 3177 testimonium
2798 3119 2952 3196 apud
2979 3117 3216 3196 Vopisc.
3250 3118 3456 3178 Aurel.
3491 3141 3578 3193 ²9-
3607 3119 3700 3174 Huc

2173 3211 2467 3283 pertinent
2488 3207 2661 3264 etiam
2695 3207 2970 3283 γυναικεῖα
3010 3205 3138 3285 ἔργα
3151 3249 3170 3277 ,
3195 3205 3416 3282 quibus
3441 3217 3721 3288 operantes

2175 3295 2284 3352 viri
2311 3296 2626 3353 secundum
2651 3294 2731 3367 ll,
2756 3304 2869 3362 242
2893 3315 3020 3371 sq.;
3053 3293 3173 3366 111,
3201 3316 3275 3370 79
3303 3315 3426 3372 sq.,
3457 3317 3588 3373 opes
3605 3315 3696 3351 ma-
3720 3365 3721 3372 ἵ

2171 3402 2312 3456 guas
2341 3383 2460 3442 sibi
2489 3396 2716 3461 parant.
2751 3383 3078 3452 Intellexit,
3110 3383 3350 3456 opinor,
3385 3383 3636 3460 inprimis
3657 3379 3721 3438 iu?

2173 3485 2352 3526 vestes
2389 3476 2628 3528 studium
2675 3492 3017 3546 mercemque
3044 3470 3323 3544 sagacem
3337 3515 3350 3538 ,
3413 3483 3476 3528 ut
3515 3471 3698 3527 Manilii
3720 3520 3721 3548 ¹

2169 3558 2364 3617 verbis
2391 3573 2519 3618 utar
2542 3559 2634 3631 lV,
2656 3559 2794 3617 252.
2827 3593 2902 3602 -
2929 3557 3080 3616 Tum
3098 3571 3316 3634 quanto
3336 3558 3534 3615 studio
3553 3573 3602 3614 et
3625 3575 3721 3620 ati-3

2171 3647 2497 3724 cupium'et
2521 3649 2766 3727 piscium
2793 3661 3031 3725 captura
3059 3667 3094 3704 a
3125 3649 3371 3705 summis
3403 3649 3565 3720 viris,
3589 3650 3721 3724 quin}

2169 3739 2241 3792 ab
2262 3737 2408 3813 ipsis
2423 3736 2800 3815 Principibus
2823 3737 2996 3794 fuerit
3013 3748 3272 3806 tractata,
3296 3737 3519 3812 optime
3535 3741 3700 3812 Oppia·
3720 3755 3721 3804 y

2169 3846 2359 3882 norum
2388 3828 2650 3884 carmina
2676 3826 3106 3895 demonstrant,
3131 3843 3240 3880 nec
3283 3823 3608 3881 testimonia
3627 3825 3721 3880 ‹le-1

2169 3927 2333 3984 sunt,
2357 3926 2424 3970 ut
2440 3914 2686 3991 Capitol.
2715 3918 2923 3972 Anton.
2950 3911 3094 3970 Pius
3114 3933 3167 3972 c.
3198 3933 3256 3983 7,
3282 3911 3388 3968 ubi
3409 3911 3536 3988 ejus
3554 3903 3721 3989 impr&

2171 4001 2380 4058 ratoris
2395 4022 2642 4058 mensam
2656 4022 2766 4078 per
2771 4007 3033 4078 proprios
3051 4019 3250 4068 ser-ms,
3275 4007 3536 4076 proprios
3555 4022 3700 4055 atacis-

2161 4110 2282 4163 pes,
2295 4098 2611 4166 piscatores
2635 4105 2695 4146 et
2709 4103 3004 4146 venatores
3028 4096 3352 4143 instructam
3377 4107 3504 4146 esse
3525 4104 3698 4145 narrat.
3720 4081 3721 4108 ¹

2173 4176 2239 4233 Et
2263 4176 2542 4235 Manilius
2563 4176 2632 4249 V,
2673 4179 2926 4252 ι74-ι96
2955 4187 3260 4233 venatores
3293 4189 3354 4232 et
3394 4178 3721 4255 piscatores&

2169 4263 2310 4321 ibid.
2347 4267 2607 4331 364-388
2647 4283 2898 4342 aucupes
2947 4277 3006 4321 et
3043 4266 3240 4322 avium
3285 4266 3600 4322 domitores
3625 4264 3721 4320 ele-i

2169 4355 2424 4431 scripsit.
2457 4354 2658 4431 ltaque
2699 4373 2818 4412 non
2847 4353 3062 4410 mirum
3103 4354 3278 4412 etiam
3325 4374 3362 4411 a
3386 4354 3590 4414 Nostro
3619 4354 3721 4422 Vl,¹

2171 4442 2430 4509 450-455
2453 4449 2761 4518 piscatores
2769 4484 2788 4510 ,
2823 4462 3065 4517 aucupes
3098 4456 3157 4500 et
3183 4453 3586 4502 maras-uetari&
3607 4463 3721 4512 ine-3

2171 4529 2409 4587 morari.
2439 4523 2740 4587 Posterius
2777 4529 3078 4587 hominum
3109 4547 3292 4604 genus
3328 4551 3504 4609 quam
3533 4519 3721 4606 vulga-f

2170 4627 2287 4671 tum
2340 4616 2542 4688 fuerit,
2595 4618 2687 4674 vel
2734 4617 3174 4694 elephantorum
3222 4617 3696 4690 funambulorum,
3720 4633 3721 4647 ¹

2169 4722 2415 4779 quorum
2437 4724 2616 4782 supra
2629 4706 2847 4763 mentio
2865 4705 3030 4776 facta,
3050 4705 3364 4783 disciplina
3377 4707 3602 4778 doceat3
3621 4725 3698 4764 ner.
3720 4693 3721 4707 ¹

2168 4791 2283 4848 alia
2306 4791 2377 4850 de
2396 4793 2529 4850 aliis
2551 4791 2903 4851 animalibus
2929 4793 3134 4851 desunt
3157 4794 3520 4867 testimonia3
3545 4809 3604 4852 ut
3625 4793 3721 4874 Q}

2167 4880 2403 4954 pitolini
2432 4880 2503 4938 de
2537 4885 2682 4938 γεω
2709 4883 3064 4958 imperatore
3093 4902 3144 4938 c.
3181 4882 3248 4952 5,
3293 4903 3426 4941 eum
3468 4883 3721 4944 convivis}

2168 4971 2340 5026 etiam
2368 4975 2498 5025 viva
2521 4975 2804 5028 animalia
2830 4969 3076 5028 donasse
3091 5016 3107 5045 ‚
3139 4975 3240 5028 vel
3263 4980 3508 5030 cicurum
3531 4971 3696 5042 velse·
3720 5004 3721 5040 1

2167 5081 2354 5116 rarum
2385 5067 2564 5116 avium
2577 5104 2597 5133 ,
2627 5064 2730 5118 vel
2755 5064 3191 5136 quadrupedum,
3231 5083 3462 5136 quorum
3488 5065 3588 5118 ce'bi
3618 5081 3698 5132 αρ-
3720 5075 3721 5126 5

2162 5145 2580 5223 positisuerint.
2613 5147 2835 5207 Leones
2861 5161 2921 5206 et
2943 5148 3207 5226 leopardi
3232 5152 3519 5208 mansueti
3543 5169 3576 5206 a
3599 5151 3696 5203 Gor·
3720 5135 3721 5208 ἶ
