3767 5825
432 383 508 435 84
1483 371 1921 434 ΘΕΟΚΡῙΤΟΥ
1962 372 2374 434 ΕΙΔΥΔΔΙΟΝ
2413 375 2522 450 ic.

428 507 533 564 οὐδ’
564 503 815 572 Ὀδυσεὺς
841 503 1024 562 ἑκατόν
1058 525 1115 561 τε
1140 502 1231 560 καὶ
1265 501 1429 560 εἴκοσι
1458 507 1627 580 μῆνας
1652 501 1859 570 ἀλαθείς

426 591 627 659 πάντας
648 595 731 650 ἐπ’
756 589 1055 670 ἀνθρώπους
1068 635 1085 665 ,
1117 587 1291 648 Ἀΐδαν
1318 591 1368 646 τ’
1396 590 1466 655 εἰς
1494 588 1715 670 ἔσχατον
1742 589 1899 648 ἐνθών

428 677 580 750 ζωός,
602 677 694 736 καὶ
722 676 999 754 σπήλυγγα
1022 675 1195 756 φυγὼν
1221 678 1389 735 ὀλοοῖο
1420 675 1709 744 Κύκλωπος
1723 723 1741 754 ,

428 763 635 837 δηναιὸν
662 762 810 832 κλέος
835 763 1007 845 ἔσχεν,
1038 763 1251 842 ἐσιγάθη
1280 765 1329 821 δ’
1357 768 1386 821 ὃ
1415 764 1665 845 συφορὸός

345 873 397 913 ⁶5
425 851 675 930 Εὔμαιος,
697 851 789 910 καὶ
818 851 967 931 βουσὶ
994 850 1259 918 Φιλοίτιος
1278 851 1408 930 ἀμφ’
1432 850 1699 930 ἅγελαίαις

427 940 575 1021 ἔργον
603 939 761 1021 ἔχων,
788 939 941 1006 αὐτός
964 963 1024 998 τε
1050 937 1473 1019 περίσπλαγχγος
1499 939 1766 1018 Λαέρτης,

426 1029 472 1086 εἰ
500 1025 574 1105 μὴ
609 1037 741 1109 σφᾶς
764 1025 974 1086 ὦνασαν
1002 1025 1199 1094 Ἰάονος
1222 1026 1401 1106 ἀνδρὸς
1429 1025 1621 1086 ἀοιδαί.

502 1117 563 1176 ἐκ
590 1119 795 1176 Μοισᾶν
822 1114 1013 1194 ἀγαθὸν
1039 1115 1185 1182 κλέος
1205 1114 1416 1194 ἔρχεται
1445 1113 1783 1195 ἀνθρώποισιν
1802 1133 1815 1147 ·

426 1203 683 1282 χρήματα
711 1203 765 1262 δὲ
795 1203 1009 1272 ζώοντες
1041 1201 1398 1279 ἀμαλδύνουσι
1424 1201 1701 1262 θανόντων.

344 1309 399 1348 σο
422 1292 539 1350 ἀλλ’
556 1282 674 1358 ἶσος
697 1290 799 1372 γὰρ
822 1295 851 1350 ὁ
879 1290 1069 1370 μόχθος
1097 1293 1179 1348 ἐπ’
1209 1289 1321 1372 ᾀόνι
1350 1289 1559 1366 κύματα
1588 1291 1819 1370 μετρεῖν,

424 1376 537 1438 ὅσσ’
566 1377 753 1456 ἄνεμος
779 1378 1026 1457 χέρσονδε
1060 1377 1194 1454 μετὰ
1221 1379 1451 1450 γλαυκᾶς
1480 1377 1603 1444 ἁλὸς
1624 1378 1775 1450 ὠθεῖ,

422 1465 460 1538 ἢ
488 1465 637 1525 ὕδατι
661 1465 813 1535 νίζειν
842 1464 1055 1546 θολερὰν
1084 1464 1293 1524 διαειδέι
1314 1464 1541 1538 πλίνθον,

426 1552 520 1612 καὶ
549 1553 874 1636 φιλοκερδεία
904 1551 1267 1633 βεὸλαμμᾶον
1291 1551 1452 1634 ἄνδρα
1479 1553 1771 1633 παρελθεῖν.

422 1639 650 1720 χαιρέτω
674 1641 727 1708 ὃς
752 1646 979 1706 τοιοῦτος
998 1685 1015 1714 ,
1038 1639 1317 1721 ἀνήριθμος
1344 1641 1400 1698 δέ
1426 1643 1473 1698 οἱ
1498 1641 1578 1711 εἴη
1611 1702 1616 1709 ,

345 1750 397 1789 ot»
423 1727 671 1809 ἄργυρος,
699 1727 801 1787 αἰεὶ
826 1726 882 1786 δὲ
906 1727 1137 1787 πλεόνων
1170 1727 1284 1807 ἔχοι
1312 1726 1489 1807 ἵμερος
1512 1729 1683 1787 αὐτόν.

425 1813 592 1893 αὐτὰρ
614 1813 719 1894 ἐγὼ
744 1813 901 1891 τιμήν
928 1837 985 1873 τε
1011 1814 1102 1873 καὶ
1129 1813 1411 1894 ἀνθρώπων
1441 1815 1689 1895 φιλότητα

424 1903 630 1960 πολλῶν
662 1901 893 1979 ἡμιόνων
917 1925 973 1959 τε
1004 1900 1099 1960 καὶ
1122 1897 1297 1960 ἵππων
1322 1900 1544 1982 πρόσθεν
1578 1901 1811 1980 ἐλοίμαν.

505 1989 719 2067 δίζημαι
746 1989 791 2048 δ’
820 1988 949 2047 δτινι
974 1993 1177 2048 θνατῶν
1197 1990 1571 2071 κεχαρισμένος
1600 1990 1729 2048 ἔνθω

424 2074 517 2135 σὺν
546 2076 799 2144 Μοίσαις·
821 2074 1057 2156 χαλεπαὶ
1082 2075 1185 2156 γὰρ
1212 2077 1320 2137 ὁδοὶ
1352 2075 1645 2137 τελέθουσιν
1674 2079 1861 2142 ἀοιδοῖς

346 2183 402 2223 7⁰
417 2163 653 2246 κουράων
680 2163 936 2224 ἀπάνευθε
958 2163 1083 2230 Διὸς
1112 2163 1247 2243 μέγα
1282 2165 1627 2244 βουλεύοντας.

423 2251 571 2312 οὔπω
598 2257 766 2324 μῆνας
786 2251 925 2330 ἄγων
954 2250 1112 2328 ἔκαμ’
1142 2251 1357 2331 οὐρανὸς
1379 2255 1486 2310 οὔδ’
1520 2252 1813 2320 ἐνιαυτούς·

423 2338 608 2398 πολλοὶ
633 2338 931 2412 κινήσωσιν
954 2338 1030 2397 ἔτι
1056 2337 1241 2418 τροχὸν
1270 2338 1500 2419 ἅρματος
1522 2339 1699 2398 ἵπποι·

422 2427 635 2486 ἔσσεται
660 2417 803 2493 οἶτος
832 2425 981 2505 ἀνήρ,
1003 2423 1058 2493 ὃς
1087 2428 1215 2501 ἐμοῦ
1242 2426 1517 2505 κεχρήσετ’
1537 2430 1710 2486 ἀοιδοῦ

424 2514 569 2597 ῥέξας
594 2511 630 2586 ἢ
656 2511 886 2593 Ἀχιλεὺς
908 2511 1062 2572 ὅσσον
1086 2511 1252 2590 μέγας
1276 2515 1311 2585 ἣ
1336 2515 1493 2595 βαρὺς
1524 2514 1660 2583 Αἴας

342 2626 395 2666 75
423 2606 478 2662 ἐν
499 2602 663 2684 πεδίῳ
686 2600 995 2680 Σιμόεντος,
1018 2598 1099 2658 8οι
1126 2602 1337 2682 Φρυγὸς
1360 2603 1503 2684 ἠρίον
1531 2602 1693 2664 Ἴλου.

420 2691 524 2763 ἤδη
554 2697 643 2750 νῦν
668 2689 911 2757 Φοίνικες
921 2691 1008 2748 ὑπ’
1035 2689 1197 2770 ἠελίῳ
1224 2690 1423 2750 δύνοντι

421 2781 675 2846 οἰκεῦντες
696 2777 894 2854 Λιὸύας
912 2780 1071 2858 ἄκρον
1100 2778 1292 2859 σφυρὸν
1322 2780 1603 2861 ἐῤῥίγασιν.

421 2865 523 2939 ἤδη
555 2864 871 2945 βαστάζουσι
897 2864 1215 2944 Συρακόσιοι
1238 2867 1375 2944 μέσα
1401 2871 1561 2949 δοῦρα

424 2954 701 3035 ἀχθόμενοι
727 2953 973 3014 σακέεσσι
998 2954 1273 3034 βραχίονας
1300 2954 1579 3015 ἰτεΐνοισιν·

343 3067 397 3106 00
423 3044 477 3100 ἐν
504 3040 549 3099 δ’
574 3043 745 3109 αὐτοῖς
768 3040 947 3121 Ἱέρων
973 3040 1237 3122 προτέροις
1266 3042 1372 3112 ἶσος
1396 3044 1649 3124 ἡρώεσσιν

425 3127 702 3206 ζώννυται,
728 3126 937 3187 ἵππειαι
959 3127 1013 3187 δὲ
1036 3128 1191 3210 κόρυν
1220 3133 1533 3192 σκεπάουσιν
1562 3132 1772 3211 ἔθειραι.

504 3220 560 3275 αἰ
599 3216 722 3298 γάρ,
758 3219 861 3276 Ζεῦ
889 3215 1097 3274 κύδιστε
1129 3217 1296 3299 πάτερ
1321 3220 1411 3278 καὶ
1440 3220 1603 3278 πότνι’
1627 3218 1812 3279 Ἀθάνα

424 3303 583 3385 κούρη
610 3307 685 3379 θ’,
706 3303 743 3376 ἡ
772 3302 865 3363 σὺν
894 3302 1054 3384 ματρὶ
1076 3305 1415 3387 πολυκλήρων
1444 3308 1737 3389 Ἐφυραίων

425 3392 639 3471 εἴληχας
667 3389 804 3469 μέγα
832 3390 963 3449 ἄστυ
990 3390 1117 3470 παρ’
1145 3390 1297 3451 ὕδασι
1325 3395 1699 3473 Λυσιμελείας,

344 3502 397 3540 st»
425 3477 635 3560 ἐχθροὺς
656 3480 716 3537 ἐκ
738 3476 917 3538 νάσοιο
934 3476 1074 3537 κακὰ
1098 3477 1351 3561 πέμψειεν
1374 3483 1580 3561 ἀνάγκα

426 3565 707 3647 Σαρδόνιον
729 3564 868 3625 κατὰ
893 3570 1039 3644 κῦμα
1053 3610 1071 3644 ,
1100 3566 1265 3647 φίλων
1296 3570 1453 3651 μόρον
1481 3569 1814 3649 ἀγγελέοντας

423 3654 617 3721 τέκνοις
636 3652 721 3725 ἠδ’
748 3654 1037 3734 ἀλόχοισιν,
1066 3655 1378 3734 ἂριθματοὺς
1403 3656 1507 3716 ἀπὸ
1528 3659 1751 3716 πολλῶν.

426 3742 587 3802 ἄστεα
618 3741 673 3801 δὲ
699 3741 991 3823 προτέροισι
1014 3743 1172 3803 πάλιν
1194 3743 1389 3805 ναίοιτο
1414 3746 1648 3823 πολίταις
1662 3792 1679 3821 ,

425 3828 709 3907 δυςμενέων
734 3827 833 3887 ὅσα
860 3837 1027 3910 χεῖρες
1054 3830 1390 3903 ἐλωὸήσαντο
1416 3832 1533 3892 κατ’
1568 3832 1751 3913 ἄκρας.

345 3936 399 3977 νο
424 3915 610 3997 ἀγροὺς
633 3918 679 3975 δ’
706 3915 999 3997 ἐργάζοιντο
1021 3918 1303 3987 τεθαλότας
1318 3939 1331 3954 ·
1363 3918 1423 3977 αἵ
1448 3922 1494 3979 τ’
1520 3920 1791 4001 ἀνάριθμοι

427 4006 609 4083 μήλων
636 4002 867 4084 χιλιάδες
898 4004 1091 4085 βοτάνα
1112 4006 1493 4067 διαπιανθεῖσαι

427 4091 679 4169 ἀμπεδίον
714 4092 1020 4170 βληχοῒντο,
1046 4092 1161 4172 βόες
1186 4093 1232 4151 δ’
1259 4094 1509 4173 ἀγεληδὸν
1537 4098 1589 4163 ἐς
1613 4088 1762 4154 αὖλιν

426 4179 705 4260 ἐρχόμεναι
742 4180 1011 4237 σκνιπαῗον
1042 4180 1398 4241 ἐπισπεύδοιεν
1426 4182 1599 4242 δδίταν
1616 4205 1629 4218 ·

424 4266 621 4325 vetet&
648 4264 968 4325 ἐκπονέοιντο
984 4266 1105 4325 ποτὶ
1128 4268 1335 4348 σπόρον,
1360 4271 1516 4342 ἡνίκα
1543 4268 1707 4340 τέττιξ

355 4380 419 4421 ⁹5
443 4353 695 4431 ποιμένας
726 4352 919 4421 ἐνδίους
941 4356 1337 4435 πεφυλαγμένος
1365 4356 1528 4417 ἔνδοθι
1562 4360 1778 4440 δένδρων

423 4444 543 4522 ἀχεῖ
570 4444 623 4501 έν
645 4440 1038 4522 ἀκρεμόνεσσιν·
1068 4443 1296 4526 ἀράχνια
1324 4447 1368 4504 δ’
1399 4448 1468 4513 εἰς
1496 4444 1611 4507 ὅπλ’
1640 4447 1865 4528 ἀράχναι

324 4592 331 4600 ,
422 4528 589 4589 λεπτὰ
617 4528 1015 4603 διαστήσαιντο,
1048 4535 1173 4611 βοᾶς
1198 4535 1244 4591 δ’
1267 4531 1341 4592 ἔτι
1378 4536 1502 4611 μηδ’
1535 4535 1678 4613 ὄνομ’
1706 4535 1809 4607 εἴη.

424 4616 622 4697 ὑψηλὸν
647 4619 695 4676 δ’
720 4616 920 4699 Ἱέρωνι
946 4617 1097 4687 κλέος
1119 4619 1347 4703 φορέοιεν
1376 4619 1539 4683 ἀοιδοί

424 4704 517 4764 καὶ
543 4703 737 4765 πόντου
764 4707 1042 4767 Σκυθικοῖο
1066 4708 1230 4789 πέραν
1250 4708 1341 4768 καὶ
1369 4708 1449 4768 ὅθι
1475 4710 1645 4769 πλατὺ
1664 4714 1832 4791 τεῖχος

348 4792 675 4874 ιοοάσφάλτῳ
702 4792 911 4865 δήσασα
938 4793 1232 4875 Σεμίραμις
1262 4796 1618 4874 ἐμὸασίλευεν.

278 4905 307 4935 a
426 4869 500 4945 εἷς
525 4879 619 4957 μὲν
641 4878 763 4959 ἐγώ,
786 4880 1009 4948 πολλοὺς
1033 4881 1087 4940 δὲ
1114 4883 1235 4950 Διὸς
1267 4884 1491 4966 φιλέοντι
1514 4886 1603 4945 καὶ
1638 4886 1830 4953 ἄλλους

424 4969 720 5048 θυγατέρες,
745 4971 853 5037 τοῖς
875 4976 1007 5027 πᾶσι
1029 4968 1176 5046 μέλει
1200 4971 1423 5043 Σικελὴν
1447 4972 1735 5054 Ἀρέθοισαν

426 5055 604 5131 ὓμνεῑν
624 5053 717 5113 σὺν
739 5059 909 5115 ναοῖσι
922 5100 940 5129 ,
964 5055 1055 5115 καὶ
1084 5057 1352 5138 αἰχμητὰν
1381 5059 1611 5141 Ἱέρωνα.

427 5131 473 5199 ὦ
500 5140 815 5203 Ἐτεόκλειοι
839 5142 1085 5224 θύγατρες
1107 5146 1245 5221 θεαί,
1262 5137 1307 5206 ὦ
1329 5148 1576 5209 Μινύειον

2068 525 2226 576 neque
2245 513 2439 576 ulysses
2453 550 2467 576 ,
2487 515 2574 576 qui
2597 515 2794 562 centum
2819 516 2868 563 et
2897 513 3061 576 viginti
3079 527 3266 564 menses
3281 519 3480 578 vagatus
3503 521 3584 568 est

2065 611 2233 648 omnes
2247 613 2333 662 per
2351 600 2566 650 homines
2581 637 2596 662 ,
2615 602 2665 650 et
2681 601 2744 650 ad
2759 602 3030 650 extremum
3047 605 3228 652 orcum
3245 603 3464 664 pervenit

2067 686 2210 736 vivus
2221 723 2238 749 ,
2257 689 2308 736 et
2325 699 2388 736 ex
2403 687 2543 734 antro
2565 686 2816 748 perniciosi
2835 687 3056 749 cyclopis
3071 689 3249 751 evasit,

2065 773 2348 824 diuturnam
2365 774 2543 824 samam
2561 773 2860 836 obtinuerat,
2875 775 3162 838 silentioque
3179 777 3383 827 obrutus
3403 781 3506 827 erat
3537 792 3628 826 su-

2067 859 2256 925 bulcus]
2272 865 2500 912 Eumaeus
2511 899 2528 925 ,
2541 864 2591 910 et
2609 861 2859 912 Philoetius
2876 861 3004 912 circa
3017 863 3167 914 boves
3183 865 3470 914 armentales

2065 960 2188 1010 opus
2202 948 2383 998 habens
2393 985 2409 1010 ,
2421 949 2618 1011 ipseque
2629 962 2850 999 morosus
2869 951 3061 1000 Laertes
3071 986 3086 1011 ‚

2065 1035 2156 1085 nisi
2169 1048 2251 1085 eos
2262 1034 2498 1098 juvissent
2519 1036 2668 1085 ionici
2681 1037 2806 1086 vatis
2817 1038 3044 1087 carmina.

2127 1135 2156 1172 a
2170 1123 2315 1174 Musis
2341 1123 2541 1174 illustris
2560 1124 2686 1174 fama
2697 1124 2830 1174 venit
2855 1125 3158 1186 hominibus3

2063 1209 2314 1272 pecuniam
2333 1213 2496 1261 autem
2517 1213 2821 1261 mortuorum
2835 1216 3127 1262 consumunt
3143 1213 3374 1264 viventes,

2065 1298 2116 1346 at
2135 1298 2262 1346 enim
2286 1311 2372 1361 par
2389 1302 2465 1348 est
2481 1298 2637 1361 labor,
2663 1300 2715 1348 in
2733 1299 2874 1349 litore
2889 1300 3044 1349 undas
3059 1314 3314 1350 numerare
3327 1340 3342 1364 ,

2065 1387 2304 1448 quotquot
2319 1389 2494 1435 ventus
2519 1385 2582 1436 ad
2601 1389 2780 1436 terram
2805 1400 2919 1436 cum
2933 1389 3140 1437 coeruleo
3157 1389 3278 1438 mari
3303 1389 3436 1451 pellit
3449 1426 3462 1450 ‚

2063 1473 2215 1520 autin
2231 1485 2357 1534 aqua
2382 1486 2505 1536 pura
2523 1474 2682 1524 lavare
2699 1474 2946 1537 impurum
2963 1473 3184 1538 laterem,
3446 1511 3474 1544 0

2063 1562 2208 1622 atque
2221 1559 2463 1610 bominem
2479 1561 2678 1610 avaritia
2699 1561 3001 1612 obcaecatum
3029 1562 3209 1612 tallere.

2065 1647 2222 1696 valeto
2240 1648 2324 1710 qui
2340 1648 2452 1698 talis
2468 1651 2561 1711 est,
2587 1651 2634 1698 et
2651 1649 2960 1699 innumerum
2977 1650 3021 1699 ei
3039 1650 3104 1700 sit

2063 1735 2340 1796 argentum,
2360 1748 2642 1798 semperque
2659 1737 2769 1798 plus
2791 1735 2998 1786 habendi
3014 1750 3178 1786 amore
3199 1739 3433 1786 teneatur.

2063 1833 2231 1869 verum
2248 1835 2334 1884 ego
2353 1821 2583 1872 honorem
2602 1825 2651 1872 et
2667 1823 2919 1872 hominum
2941 1823 3188 1874 caritatem

2063 1908 2228 1958 multis
2243 1909 2386 1959 mulis
2401 1912 2452 1960 et
2469 1911 2604 1973 equis
2619 1911 2888 1972 praeferam.

2125 2008 2293 2056 qua-ro
2317 1998 2482 2046 autem
2498 1996 2576 2046 cui
2595 1997 2872 2047 mortalium
2889 2000 3052 2060 gratus
3075 1999 3266 2048 veniam

2063 2097 2176 2132 cum
2195 2085 2368 2146 Musis;
2385 2084 2602 2136 difficiles
2624 2087 2751 2136 enim
2774 2089 2888 2136 sunt
2903 2087 2998 2136 viae
3015 2088 3206 2138 vatibus

2062 2169 2244 2233 absque
2261 2171 2449 2222 filiabus
2462 2173 2597 2224 Jovis
2612 2175 2771 2237 magni
2790 2175 2974 2224 consilii
2989 2175 3214 2225 auctoris.

2062 2258 2275 2308 nondum
2293 2272 2480 2310 menses
2501 2260 2678 2312 ducere
2692 2261 2866 2332 defecit
2883 2262 3060 2312 coelum
3085 2275 3244 2325 neque
3263 2275 3432 2322 annos;

2063 2346 2202 2394 multi
2221 2348 2483 2397 movebunt
2499 2349 2658 2398 adhuc
2673 2351 2829 2399 rotam
2847 2363 3019 2400 currus
3041 2351 3178 2413 equi:

2061 2434 2300 2482 exorietur
2325 2434 2432 2498 ille,
2449 2436 2534 2498 qui
2554 2449 2634 2486 me
2650 2437 2877 2499 indigebit
2888 2439 3000 2487 vate

2063 2524 2169 2583 post
2185 2525 2340 2584 gestas
2365 2537 2441 2572 res
2453 2527 2657 2586 quantas
2673 2525 2750 2574 vel
2769 2539 2970 2588 magnus
2997 2525 3204 2575 Achilles
3225 2525 3300 2574 vel
3319 2525 3476 2586 gravis
3494 2523 3636 2585 Aiax

2061 2608 2220 2672 gessit]
2247 2610 2297 2658 in
2319 2623 2490 2674 campo
2503 2612 2771 2675 Simoentis,
2790 2613 2874 2662 ubi
2893 2613 3168 2676 sepulcrum
3195 2615 3271 2662 est
3298 2612 3500 2675 Phrygis
3521 2611 3612 2661 lli.

2059 2693 2157 2756 jam
2182 2709 2311 2746 nunc
2329 2698 2754 2763 carthaginienses,
2778 2701 2869 2750 sub
2887 2702 2987 2750 sole
3003 2701 3206 2750 occiduo

2063 2781 2327 2832 habitantes
2345 2784 2505 2848 Libyae
2522 2789 2786 2836 extremam
2808 2801 2943 2836 oram
2957 2825 2972 2850 ,
2991 2788 3311 2849 horruerunt;

2059 2868 2158 2931 iam
2182 2873 2367 2933 gestant
2381 2873 2618 2935 Syracosii
2631 2873 2812 2925 medias
2835 2875 3020 2939 hastas,

2063 2959 2113 3005 et
2129 2956 2324 3007 brachia
2347 2962 2524 3009 onusta
2540 2961 2718 3012 babent
2743 2964 2936 3025 salignis
2962 2964 3136 3024 scutis;

2063 3044 2282 3107 interque
2296 3058 2378 3095 eos
2400 3047 2543 3097 Hiero
2555 3085 2570 3110 ‚
2590 3047 2827 3110 prioribus
2843 3061 2928 3110 par
2947 3047 3170 3097 heroibus
3181 3084 3196 3109 ,

2063 3139 2196 3177 arma
2211 3130 2362 3192 capit,
2389 3133 2439 3179 et
2455 3132 2644 3194 equinae
2658 3132 2789 3194 jubae
2805 3134 2988 3195 galeam
3011 3133 3306 3184 inumbrant.

2126 3216 2309 3266 utinam
2321 3254 2337 3279 ,
2361 3218 2546 3281 Jupiter
2563 3222 2761 3282 auguste
2777 3222 2929 3284 pater,
2943 3223 2994 3270 et
3016 3220 3287 3270 veneranda
3303 3222 3520 3273 Minerva
3539 3263 3558 3287 ,

2067 3304 2220 3367 tuque
2243 3306 2540 3369 Proserpina,
2562 3320 2674 3369 quae
2691 3319 2806 3355 cum
2821 3309 2975 3356 matre
2991 3308 3326 3371 opulentorum
3365 3310 3638 3373 Ephyren-

2061 3390 2208 3455 sium]
2231 3393 2398 3442 sortita
2415 3406 2468 3443 es
2481 3406 2702 3456 magnam
2725 3394 2896 3444 urbem
2913 3394 2974 3444 ad
2991 3394 3144 3445 undas
3157 3395 3442 3458 maimanis,

2062 3478 2222 3529 hostes
2239 3494 2301 3529 ex
2323 3480 2476 3530 insula
2488 3482 2617 3531 mala
2638 3482 2796 3544 ejiciat
2818 3483 3073 3533 necessitas

2063 3566 2346 3629 Sardonium
2363 3582 2448 3631 per
2469 3582 2628 3632 mare,
2647 3570 2914 3619 amicorum
2937 3570 3122 3620 cladem
3138 3571 3450 3623 nunciaturus

2061 3654 2222 3705 liberis
2242 3658 2292 3705 et
2307 3656 2564 3719 uxoribus,
2588 3657 2910 3708 numerabiles
2931 3670 2995 3707 ex
3019 3658 3201 3708 multis.

2062 3744 2112 3791 et
2123 3742 2293 3805 oppida
2314 3757 2345 3792 a
2360 3743 2595 3806 prioribus
2611 3746 2799 3795 civibus
2815 3758 2982 3795 rursus
2997 3745 3291 3808 habitentur,

2062 3832 2301 3895 quotquot
2317 3832 2528 3882 hostium
2545 3846 2718 3883 manus
2742 3833 2958 3884 funditus
2979 3836 3272 3884 everterunt.

2062 3928 2292 3981 agrosque
2314 3919 2476 3969 colant
2490 3920 2722 3983 virentes3
2749 3922 2895 3984 atque
2911 3921 2992 3970 illa
3008 3920 3260 3971 innumera

2061 4005 2226 4054 ovium
2243 4006 2393 4056 millia
2403 4044 2418 4069 ‚
2437 4007 2651 4071 gramine
2667 4007 2876 4071 saginata
2891 4046 2907 4070 ,

2061 4106 2147 4155 per
2169 4106 2361 4157 campos
2383 4094 2571 4157 balent3
2591 4098 2639 4145 et
2655 4095 2804 4146 hoves
2820 4096 3046 4158 gregatim
3069 4096 3130 4145 ad
3152 4097 3339 4147 stabula

2062 4180 2314 4231 redeunt&
2335 4173 2532 4232 iai-dum
2547 4185 2747 4245 urgeant
2759 4184 2994 4233 viatorem
3007 4200 3022 4245 ς

2061 4268 2248 4318 novalia
2264 4271 2428 4319 autern
2453 4270 2766 4334 oifflngantur
2783 4270 2844 4320 ad
2861 4274 3122 4322 sementem
3134 4309 3149 4335 ,
3169 4272 3365 4335 quando
3381 4270 3553 4324 cicada
3568 4310 3584 4337 ,

2061 4358 2272 4417 pastores
2290 4356 2381 4406 sub
2397 4356 2478 4407 dio
2491 4358 2749 4408 observans
2765 4358 2814 4407 in
2833 4358 3086 4409 arboribus

2061 4446 2250 4493 resonat
2275 4444 2324 4491 in
2350 4445 2550 4495 summis
2565 4446 2711 4495 ramis
2722 4462 2737 4506 ;
2755 4445 2876 4495 telas
2903 4458 3048 4509 supa·
3063 4458 3198 4495 arma
3215 4458 3403 4499 araneae

2061 4530 2227 4579 tenues
2239 4530 2537 4593 expandant,
2557 4531 2767 4595 bellique
2784 4532 2884 4595 iam
2907 4546 2998 4583 nec
3013 4546 3192 4584 nomen
3213 4534 3456 4590 audiatur.

2059 4618 2295 4669 excelsam
2317 4632 2433 4669 vero
2449 4618 2643 4670 Hieroni
2665 4620 2865 4683 gloriam
2890 4622 3045 4671 ferant
3063 4624 3218 4684 poetae

2061 4706 2110 4754 et
2131 4705 2258 4755 ultra
2282 4706 2561 4769 Scythicum
2584 4711 2789 4771 pontum
2807 4710 2858 4759 et
2883 4708 2969 4758 ubi
2984 4710 3082 4759 lata
3099 4704 3278 4760 moenla

2061 4791 2293 4843 bitumine
2307 4806 2420 4857 qum
2435 4796 2782 4858 conglutinavit
2797 4796 3071 4847 Semiramis
3087 4798 3331 4860 regnabat.

2063 4893 2188 4930 unus
2205 4894 2290 4943 ego
2305 4894 2441 4943 sum,
2468 4894 2638 4933 verum
2659 4888 2708 4934 et
2730 4884 2850 4935 alios
2874 4884 3054 4934 multos
3070 4884 3203 4934 Jovis
3219 4892 3384 4935 amant

2063 4966 2200 5029 filim,
2225 4968 2404 5031 quibus
2428 4970 2651 5021 omnibus
2675 4986 2806 5021 curae
2833 4974 2907 5021 est
2931 4971 3141 5021 Siculam
3159 4973 3446 5023 Arethusam

2063 5055 2302 5105 celebrare
2317 5070 2431 5106 cum
2447 5058 2640 5121 templis
2650 5095 2665 5120 ,
2685 5063 2734 5109 et
2749 5060 3032 5109 bellicosum
3055 5059 3334 5109 Hieronem.

2061 5154 2091 5188 o
2111 5142 2344 5193 Eteocleas
2361 5142 2474 5195 fflioe
2490 5143 2620 5208 deoe,
2639 5158 2670 5196 ο
2687 5159 2797 5209 quae
2820 5146 3062 5209 Minyeum
