3767 5825
1186 314 1525 375 DIONYSII
1568 315 1671 377 DE
1712 315 2006 379 AVIBUS
2049 319 2200 380 LIB.
2247 321 2293 379 1.

154 449 383 526 χειμῶνος
400 445 543 512 ὄντος
558 492 577 524 ,
604 449 635 506 ὁ
658 445 916 526 κόσσυφος
940 446 1239 520 ἀποτίκτει,
1260 447 1351 505 καὶ
1368 448 1544 528 χαίρει
1560 447 1695 528 μύρ-

156 560 243 600 τοις
269 535 355 593 καὶ
377 535 591 615 δάφναις
616 535 707 593 καὶ
736 533 1072 616 κυπαρίσσων
1101 537 1284 593 ἄλσεσι
1304 535 1395 594 καὶ
1418 536 1528 603 ταῖς
1554 539 1699 594 εὐθα-

159 625 257 682 λέσι
282 623 516 697 λεύκαις,
556 624 775 692 πεύκαις
816 647 872 682 τε
904 623 995 682 καὶ
1034 625 1317 690 πλατάνοις
1354 625 1445 682 καὶ
1472 629 1588 691 ταῖς
1618 627 1693 682 δι·

157 711 361 789 πλόθριξι
383 711 561 770 πίτυσι
578 758 595 790 ,
615 711 707 769 καὶ
730 720 949 777 κισσοῖς.
1039 711 1145 772 Δύο
1170 715 1215 770 δ’
1238 712 1349 770 ἐστὶ
1368 712 1493 791 γένη
1514 712 1699 772 κοσσύ·

157 824 267 880 ρων·
292 801 377 858 καὶ
403 803 449 859 οἱ
479 800 576 878 μὲν
602 799 777 873 πάντη
805 800 1022 876 μέλανες
1042 845 1059 876 ,
1100 804 1145 859 οἱ
1183 801 1238 858 δὲ
1276 805 1424 881 κηρῷ
1454 799 1522 858 τὰ
1546 802 1697 880 χείλη

157 887 517 966 προσεοικότες,
546 886 637 947 καὶ
666 891 768 945 τῶν
808 888 997 968 ἑτέρων
1036 891 1236 965 μᾶλλον
1264 889 1397 968 πρὸς
1440 888 1531 955 τὰς
1564 888 1701 967 ᾠδὰς

158 975 433 1046 ἐπιτήδειοι.

226 1067 483 1126 XXVIII.
529 1063 609 1125 Τὸ
648 1064 839 1132 κάλλος
873 1063 927 1123 δὲ
961 1069 989 1123 ὁ
1021 1063 1158 1133 ταὼς
1199 1064 1261 1125 τὸ
1298 1067 1486 1125 οἰκεῖον
1520 1065 1701 1124 τεθαύ-

159 1177 295 1230 μακε,
318 1153 405 1213 καὶ
431 1156 479 1213 εἰ
497 1153 661 1214 καλόν
682 1179 759 1223 τις
775 1155 929 1214 αὐτὸν
950 1154 1273 1234 ὀνομάσειεν,
1296 1155 1443 1222 εὐθὺς
1463 1157 1566 1213 τῶν
1581 1178 1702 1212 πτε-

160 1247 245 1320 ρῶν
270 1241 331 1300 τὰ
361 1241 488 1316 ἄνθη
520 1244 821 1321 μεμιγμένα
841 1248 1052 1324 χρυσῷ,
1080 1242 1261 1324 ὥσπερ
1290 1241 1408 1302 τινὰ
1434 1245 1669 1320 λειμῶνα
1688 1287 1703 1315 ,

160 1333 388 1390 δείκνυσιν
412 1332 735 1406 ἀναστήσας,
757 1333 1023 1410 περιάγων
1052 1333 1123 1399 εἰς
1154 1332 1345 1390 κύκλον
1371 1331 1505 1391 αὐτὰ
1534 1333 1703 1390 διατε-

160 1421 407 1498 ταγμένοις
428 1421 689 1498 ὄμμασιν·
719 1419 785 1478 τὰ
815 1420 879 1491 δὴ
922 1419 1059 1479 κατὰ
1084 1424 1177 1492 τῆς
1219 1422 1373 1500 οὐρᾶς
1408 1419 1703 1498 λάμπωσιν

160 1508 315 1588 ὥσπερ
342 1509 549 1588 ἀστέρες
570 1511 730 1590 αὐτῷ.
815 1507 925 1568 Καὶ
944 1511 991 1566 εἷ
1009 1508 1270 1590 προσιδών
1290 1532 1366 1575 τις
1386 1507 1704 1568 ἐπαινέσειεν

161 1597 235 1654 ἐπὶ
260 1600 329 1675 τῷ
354 1597 537 1656 κάλλει
552 1641 568 1668 ,
596 1599 687 1655 καὶ
712 1595 797 1654 διὰ
814 1601 908 1668 τῆς
931 1601 1105 1677 φωνῆς
1124 1596 1544 1678 φιλοτιμήσεται·
1576 1595 1709 1656 σκώ-

160 1689 327 1764 ψαντος
356 1686 411 1744 δέ
436 1707 573 1752 τινος
589 1729 608 1761 ,
632 1685 728 1756 τὴν
756 1685 912 1765 οὐρὰν
940 1683 1297 1768 κατακρύψει,
1326 1689 1495 1761 μισῶν
1529 1685 1707 1764 ὥσπερ

162 1774 235 1830 τὸν
256 1772 623 1853 φιλολοίδορον.
707 1772 949 1854 Φρουρὸς
975 1763 1120 1840 οὗτος
1142 1764 1206 1845 ἧν
1240 1776 1333 1844 τ’ῆς
1364 1773 1491 1840 Ἰοῦς
1508 1817 1525 1845 ,
1552 1777 1707 1843 ἡνίκα

162 1857 291 1938 Ἥρα
312 1865 428 1920 κατ’
445 1863 605 1932 αὐτῆς
631 1861 995 1940 ἐχαλέπαινεν·
1020 1859 1223 1941 Ἑρμῆς
1247 1861 1293 1919 δ’
1319 1862 1517 1918 ἀνεῖλεν
1536 1862 1709 1934 αὐτὸν,

162 1947 239 2005 καὶ
261 1949 682 2022 τελευτήσαντος,
718 1951 907 2020 ἀνῆκεν
934 1947 1075 2029 ὄρνιν
1110 1955 1143 2022 ἡ
1180 1951 1249 2027 γῆ
1276 1953 1381 2007 τῶν
1426 1951 1707 2030 ὀφθαλμῶν

164 2035 329 2114 ἔχοντα
352 2037 419 2096 τὰ
450 2046 647 2114 σημεῖα
677 2040 781 2096 τῶν
811 2036 1056 2118 πρόσθεν.

232 2127 435 2187 XXIX.
474 2123 636 2186 Ἴίστι
662 2149 715 2184 τι
744 2125 1038 2208 πορφυρίων
1083 2127 1189 2185 ἀπὸ
1214 2129 1305 2198 τῆς
1340 2135 1521 2206 χροιᾶς
1558 2125 1708 2203 λεγό-

165 2235 295 2286 μενον
321 2214 509 2294 ὄρνεον·
536 2211 748 2294 ἐρυθρὸν
784 2215 928 2294 αὐτῷ
955 2213 1009 2271 τὸ
1041 2215 1243 2294 ῥάμφος
1280 2213 1419 2284 ἐστὶ,
1455 2212 1546 2272 καὶ
1574 2212 1709 2271 κατὰ

165 2307 367 2376 κεφαλῆς
410 2301 591 2380 ὥσπερ
630 2301 747 2359 τινὰ
788 2303 941 2358 πῖλον
988 2301 1097 2382 ἔχει
1124 2349 1139 2376 ,
1173 2301 1378 2368 ὁποίους
1420 2303 1467 2360 οἳ
1507 2301 1710 2369 τοξόται

170 2391 348 2468 Πέρσαι
368 2391 630 2474 φέρουσιν·
656 2391 761 2456 τοῖς
792 2391 1123 2458 κατοικιδίοις
1160 2389 1353 2470 ὄρνισιν
1378 2389 1487 2458 ἴσος
1518 2391 1589 2456 εἷς
1616 2389 1711 2464 μέ-

170 2485 321 2556 γεθος,
342 2479 481 2551 πλὴν
516 2480 598 2536 ὅτι
624 2483 821 2560 χρῆται
846 2479 1055 2537 σκέλεσι
1097 2477 1457 2558 μακροτέροις.
1544 2469 1711 2546 Οὗτος

167 2571 245 2625 οὔκ
268 2569 325 2625 ἄν
348 2592 474 2627 ποτε
502 2571 573 2636 εἰς
601 2569 738 2644 μίξιν
763 2567 902 2624 ἔλθοι
921 2610 938 2636 ,
966 2567 1225 2647 παρόντος
1251 2567 1341 2624 καὶ
1370 2569 1593 2646 ὁρῶντος
1623 2568 1710 2623 ἀν·

169 2657 287 2734 δρός·
311 2657 461 2736 φύσει
483 2655 539 2715 δὲ
569 2655 791 2736 σώφρων
817 2655 955 2728 ἐστὶ,
979 2655 1069 2712 καὶ
1093 2657 1140 2714 εἷ
1166 2654 1456 2728 ζηλευθείη,
1482 2657 1711 2726 ἀνιᾶται,

168 2749 225 2811 ὣς
243 2745 363 2820 μηδὲ
378 2749 505 2826 ὁρᾷν
526 2743 691 2823 ἄνδρα
706 2745 871 2802 θέλειν
890 2747 955 2822 τῇ
972 2746 1159 2802 ἑαυτοῦ
1179 2747 1386 2822 γαμετῇ
1404 2744 1709 2822 προσιόντα·

170 2834 271 2892 εἰδὲ
300 2835 533 2914 μοιχείας
581 2831 841 2903 αἴσθοιτο,
874 2833 1063 2907 ἀθυμεῖ
1091 2837 1369 2908 τοσοῦτον,
1395 2835 1465 2898 ὣς
1484 2831 1710 2910 διαφθεί·

172 2930 345 3003 ρεσθαι.

238 3016 409 3075 XXX.
456 3016 529 3073 Οἱ
569 3010 623 3070 δὲ
650 3010 862 3091 ὄρτυγες
880 3054 899 3087 ,
928 3009 994 3082 ἢν
1029 3008 1125 3077 τὰς
1151 3010 1316 3083 νομὰς
1341 3008 1436 3076 τὰς
1463 3009 1716 3091 προτέρας

170 3102 605 3179 ἀπολιμπάνωσιν,
638 3098 980 3158 συνίπτανταί
1013 3103 1061 3157 τ’
1095 3099 1342 3170 ἀλλήλοις
1368 3098 1457 3157 καὶ
1495 3109 1593 3180 μιᾷ
1620 3099 1714 3170 τὴν

172 3186 415 3247 θάλασσαν
439 3192 579 3269 ὁρμῇ
600 3186 1025 3269 παραμείὸουσι,
1042 3191 1255 3260 πτηνῶν
1280 3186 1423 3253 ὅντες
1448 3186 1715 3259 ὀξύτατοι,

171 3276 246 3330 καὶ
276 3274 433 3335 δειλοὶ
464 3282 710 3335 τοσοῦτον
730 3322 747 3353 ,
776 3272 915 3333 ὥστε
948 3274 1175 3357 φρίττειν
1204 3280 1297 3333 τοῦ
1332 3275 1589 3353 πελάγους
1620 3274 1714 3345 τὴν

170 3360 271 3442 ὄψιν
296 3366 385 3423 καὶ
410 3364 475 3423 τὰ
502 3364 740 3447 βλέφαρα
771 3363 1009 3440 ἐπιμύειν
1025 3408 1044 3441 ,
1086 3363 1179 3422 καὶ
1216 3372 1324 3430 τοῖς
1350 3365 1531 3431 ἱστίοις
1572 3366 1715 3422 πολ-

172 3452 303 3519 λάκις
328 3457 429 3511 τῶν
451 3457 583 3512 νεῶν
605 3454 1052 3535 περιρρήγνυσθαι
1096 3453 1185 3511 καὶ
1217 3458 1396 3511 τοῦτον
1438 3451 1585 3532 παρὰ
1614 3457 1717 3511 τῶν

172 3546 349 3600 ναυτῶν
378 3546 635 3625 θηρᾶσθαι
665 3542 874 3620 τρόπον.
962 3539 1054 3607 Ὡς
1084 3542 1133 3598 δ’
1156 3539 1219 3599 ἂν
1244 3542 1424 3599 εἰδεῖεν
1442 3586 1460 3619 ,
1493 3542 1718 3620 πότερον

176 3628 542 3703 διεληλύθασιν,
586 3630 621 3702 ἢ
670 3629 816 3689 οὔπω
833 3674 848 3701 ,
902 3628 961 3687 τὸ
1014 3627 1270 3705 πέλαγος,
1316 3631 1502 3709 πείρας
1548 3631 1720 3697 αὐτοῖς

172 3720 351 3777 τοιόσδε
375 3721 560 3803 τρόπος
586 3719 883 3799 ἐξηύρηται.
966 3720 1124 3797 Τρεῖς
1146 3717 1361 3785 ἕκαστος
1389 3718 1558 3785 λίθους
1589 3723 1716 3799 βρα-

172 3814 269 3885 χεῖς
306 3808 391 3865 ἐπὶ
432 3814 521 3867 τοῦ
565 3808 821 3885 στόματος
867 3805 1041 3887 φέρει,
1072 3806 1187 3865 καθ’
1234 3809 1323 3865 ἕνα
1371 3829 1429 3864 τε
1478 3806 1719 3887 ἀφίησιν,

175 3898 479 3975 ἀκροώμενος
506 3896 722 3975 πότερον
769 3894 803 3967 ἢ
834 3898 903 3960 εἷς
937 3893 1077 3974 ὕδωρ
1112 3894 1459 3972 ἐμπέπτωκεν
1476 3940 1495 3971 ,
1529 3895 1621 3953 καὶ
1646 3896 1726 3953 δεῖ

174 3984 393 4056 πτήσεως
412 3984 778 4065 μακροτέρας,
808 3982 843 4054 ἢ
874 3980 1011 4041 κατὰ
1042 3987 1134 4055 τῆς
1176 3987 1271 4061 γῆς
1300 3982 1601 4056 ἐνήνεκται,
1630 3983 1721 4041 καὶ

176 4073 333 4151 καιρὸς
355 4073 471 4145 ἥκει
499 4073 921 4139 διαναπαύσεως.

244 4164 449 4225 XXXI.
496 4161 859 4223 Μεθίστανται
898 4159 952 4220 δὲ
982 4159 1171 4240 ὀρνέων
1200 4160 1324 4237 γένη
1349 4159 1548 4234 πολλὰ,
1588 4160 1724 4219 ὥστε
1763 4182 1765 4187 ’

178 4250 330 4307 αὐτῶν
352 4252 417 4310 τά
444 4274 502 4312 τε
520 4255 613 4322 τῆς
642 4248 895 4326 ἐκδημίας
920 4249 1009 4307 καὶ
1027 4247 1095 4306 τὰ
1121 4253 1215 4320 τῆς
1239 4248 1534 4329 ὁδοιπορίας
1556 4248 1723 4328 μέτρα

178 4338 529 4415 γινώσκεσθαι,
560 4338 701 4411 πλὴν
725 4338 880 4416 μόνον
902 4340 1005 4395 τῶν
1032 4339 1312 4417 πελαργῶν
1330 4382 1347 4415 ,
1373 4337 1503 4417 ὑπὲρ
1530 4328 1603 4395 ὧν
1632 4340 1725 4398 οὐκ

178 4426 233 4485 ἄν
257 4452 329 4497 τις
348 4428 575 4510 ἀκριὸῶς
600 4426 747 4493 εἰδὼς
765 4425 925 4502 εἴποι,
948 4427 1103 4485 πόθεν
1126 4425 1414 4500 ἥκουσιν,ἢ
1438 4432 1541 4486 ποῦ
1566 4428 1726 4486 πάλιν

179 4516 432 4577 ἐπανίασιν
449 4542 462 4554 ·
488 4520 538 4577 οἱ
572 4515 669 4594 μὲν
696 4512 801 4594 γὰρ
830 4518 891 4573 ἐκ
919 4514 1123 4582 Λυκίας
1159 4514 1377 4587 αὐτοὺς,
1416 4517 1465 4574 οἱ
1494 4514 1549 4575 δὲ
1579 4514 1723 4595 ἔρχε·

180 4610 286 4663 σθαι
305 4606 355 4675 ἓξ
374 4606 648 4672 Αἰθιοπίας
674 4603 862 4687 φασὶν,
892 4602 1007 4663 ὅθεν
1029 4602 1088 4662 τὸ
1114 4603 1296 4683 μυρίον
1318 4603 1456 4684 ὕδωρ
1485 4610 1573 4662 τοῦ
1602 4604 1725 4664 Νεί-

178 4692 261 4750 λω
307 4694 417 4763 τοὺς
459 4698 511 4754 ἐν
556 4692 815 4773 Αἰγύπτῳ
859 4691 1090 4770 καρποὺς
1129 4698 1266 4749 ποιεῖ
1312 4690 1723 4767 πλατυνόμενον.

181 4784 477 4858 Θαυμαστοὶ
504 4783 561 4843 δὲ
599 4784 689 4842 καὶ
728 4778 959 4861 ἀγχίνοοί
996 4782 1159 4858 εἰσιν,
1184 4779 1251 4851 ἦν
1306 4803 1363 4837 τε
1406 4776 1731 4860 φυλάξασθαι

188 4870 401 4945 ,EMc-qv,
444 4872 508 4945 ἤν
552 4894 609 4932 τε
638 4872 839 4931 ἐκτῖσαι
893 4869 985 4949 δέῃ
1015 4869 1170 4949 χάριν
1216 4868 1531 4948 εὐεργεσίας.
1624 4868 1733 4928 Καί

184 4980 227 5013 τι
256 4960 367 5039 περὶ
388 4962 555 5019 αὐτῶν
578 4959 773 5020 τοιόνδε
803 4957 1024 5029 ἀκήκοα·
1054 4956 1183 5038 λίθῳ
1210 4979 1288 5023 τις
1316 4954 1499 5022 σκέλος
1542 4954 1732 5015 ἔκλασε

186 5048 455 5126 πελαργόῠ·
480 5052 508 5107 ὁ
536 5048 581 5106 δ’
624 5048 729 5105 ἀπὸ
755 5050 849 5119 τῆς
878 5048 1041 5105 αὑτοῦ
1074 5042 1289 5121 πλάγιος
1326 5042 1481 5102 ἔπεσε
1513 5046 1733 5123 καλιᾶς,

186 5124 287 5189 εἶτα
334 5144 566 5213 γυναῖκες
611 5140 924 5197 ἀσθενοῦντα
976 5133 1129 5193 αὐτὸν
1178 5132 1269 5192 καὶ
1310 5134 1568 5201 σκάζοντα
1609 5137 1729 5191 θεα·

3243 331 3268 382 'l
3283 334 3308 383 l
3322 333 3354 384 3

1786 459 2010 508 exactam
2041 459 2273 522 hyemem
2309 459 2573 510 faetificant.
2640 458 2843 522 Myrtis,
2879 458 3029 508 lauris
3053 459 3105 510 et
3126 473 3356 525 cupresso

1787 561 1994 611 consitis
2019 563 2306 614 nemoribus
2329 563 2540 626 gaudet,
2569 565 2620 612 et
2643 563 2758 612 laeta
2786 563 2970 627 populo
2986 600 3003 626 ,
3021 563 3163 626 picea
3183 576 3244 613 ac
3261 564 3362 627 pla·

1786 663 1902 712 tanc
1927 663 2144 727 pinuque
2164 664 2244 712 bis
2266 664 2527 727 quotannis
2544 665 2672 728 pilos
2694 665 3016 728 producenti,
3047 664 3260 728 denique
3277 665 3360 714 lie·

1787 764 1907 814 dera
1926 778 1979 815 se
2002 765 2269 817 oblectant.
2333 769 2444 818 Duo
2465 781 2637 818 earum
2658 767 2846 830 genera‘
2855 771 2998 830 sunt,
3017 781 3228 831 quarum
3251 769 3364 818 alte-

1790 881 1898 916 rum
1921 867 2242 930 undequaque
2257 867 2455 930 nigrum
2481 868 2780 932 (fuscum),
2820 870 3025 920 alterum
3057 883 3178 920 vero
3210 873 3367 921 rostro

1790 981 1930 1017 cereo
1947 1006 1962 1030 ,
1997 968 2229 1032 idemque
2253 969 2414 1028 magis
2431 983 2680 1021 canorum.

1852 1075 2080 1123 xxvm.
2119 1076 2252 1122 Pavo
2269 1087 2412 1124 suam
2429 1073 2536 1137 ipse
2558 1074 2767 1126 miratur
2789 1076 3231 1141 pulchritudinem,
3255 1081 3307 1129 et
3324 1079 3368 1130 si

1791 1161 1906 1224 quis
1937 1176 2052 1211 eum
2069 1162 2341 1212 formosum
2363 1163 2709 1227 appellaverit,
2729 1177 2844 1214 mox
2866 1165 3062 1214 floridas
3079 1166 3372 1217 auricomas-

1792 1264 1888 1313 que
1911 1263 2094 1313 pennas
2125 1250 2360 1314 expandit
2384 1252 2435 1301 et
2454 1251 2610 1302 veluti
2645 1254 2842 1315 pratum
2866 1253 3053 1316 erigens
3082 1257 3295 1304 ostentat
3323 1259 3374 1306 et

1793 1339 1948 1388 oculis
1969 1341 2284 1403 interspersas
2303 1340 2356 1389 in
2375 1339 2548 1390 orbem
2569 1340 2912 1392 circumducit.
2974 1347 3014 1392 Α
3047 1347 3183 1405 parte
3205 1344 3374 1394 caudae

1794 1428 1946 1477 stellae
1967 1428 2150 1478 enitere
2183 1428 2432 1492 videntur,
2451 1441 2511 1478 ac
2540 1429 2584 1478 si
2606 1430 2718 1493 quis
2743 1443 2858 1480 eum
2877 1431 3150 1481 laudaverit
3177 1432 3240 1482 de
3270 1434 3374 1496 pul·

1795 1516 2076 1566 cliritudine
2097 1517 2411 1580 conspicatus
2427 1553 2443 1580 ,
2466 1517 2726 1568 confestim
2749 1519 2890 1568 vocis
2915 1533 3008 1582 ope
3031 1521 3182 1569 etiam
3205 1521 3376 1571 laudes

1795 1605 2010 1654 ambibit
2029 1624 2042 1654 ε
2064 1605 2106 1654 si
2121 1605 2234 1667 quis
2243 1618 2364 1654 vero
2379 1605 2766 1670 reprehenderit,
2780 1607 2936 1658 cauda
2949 1609 3216 1672 recondita,
3235 1611 3374 1674 quasi

1796 1693 2203 1743 calumniatorem
2225 1693 2341 1743 odio
2363 1693 2459 1743 sibi
2494 1706 2602 1743 esse
2623 1693 2902 1745 testabitur.
2972 1697 3104 1744 Pavo
3126 1696 3378 1758 quondam

1798 1785 1881 1832 lus
1903 1785 2007 1832 erat
2041 1785 2234 1844 custos,
2260 1781 2346 1831 ubi
2374 1781 2425 1830 in
2461 1781 2671 1831 lunonis
2703 1782 2830 1831 iram
2855 1781 3150 1846 incurrerat,
3191 1797 3222 1833 a
3255 1788 3377 1834 Mer-

1797 1871 1934 1920 curio
1961 1869 2162 1920 ‹lemum
2195 1869 2512 1920 interfectus:
2541 1883 2607 1919 ex
2637 1868 2778 1931 cuius
2798 1869 3038 1920 cadavere
3065 1871 3208 1921 tellus
3234 1885 3376 1922 avem

1797 1959 2026 2022 protulit,
2053 1958 2105 2008 in
2138 1971 2235 2022 qua
2257 1959 2530 2008 etiamnum
2559 1959 2716 2021 signa,
2743 1973 2868 2021 quos
2897 1959 3100 2024 habuit,
3127 1962 3378 2013 oculorum

1798 2050 2050 2111 apparent.

1862 2139 2038 2187 xxix.
2072 2137 2252 2190 Exstat,
2262 2135 2535 2200 porphyrio
2552 2135 2782 2199 quaedam
2800 2135 2912 2186 avis
2926 2172 2943 2199 ,
2961 2137 3042 2186 cui
3067 2151 3098 2186 a
3119 2138 3280 2188 colore
3298 2153 3382 2188 no-

1804 2249 1951 2296 rnen3
1987 2237 2198 2284 rostrum
2236 2235 2383 2285 habet
2409 2233 2738 2284 rubicundum
2773 2236 2824 2284 et
2860 2248 3005 2299 super
3037 2236 3197 2300 capite
3233 2237 3380 2287 veluti

1799 2332 2000 2382 cristam
2018 2368 2034 2394 ,
2069 2332 2199 2395 pileo
2237 2331 2455 2382 similem
2498 2345 2650 2395 quem
2679 2335 2869 2395 gestant
2904 2333 3158 2396 sagittiferi
3194 2337 3383 2396 Persoe,

1802 2445 1890 2494 par
1921 2429 2259 2492 magnimdine
2287 2429 2488 2492 gallinis
2509 2430 2723 2480 altilibus
2739 2468 2756 2494 ,
2779 2431 2868 2480 sed
2896 2443 3037 2480 crura
3067 2431 3112 2480 ei
3147 2431 3378 2494 longiora.

1804 2531 1858 2576 ln
1884 2527 2150 2577 hominum
2178 2530 2440 2592 conspectu
2475 2541 2728 2591 nmquam
2755 2527 2950 2590 coniugi
2974 2541 3077 2578 suoe
3107 2528 3344 2578 miscetur
3368 2549 3381 2578 ;

1802 2628 1973 2674 natura
1995 2625 2129 2674 enim
2147 2629 2310 2674 castus
2327 2629 2402 2676 est
2416 2663 2433 2688 ,
2452 2629 2602 2689 atque
2618 2663 2641 2688 ,
2657 2626 2698 2674 si
2721 2625 3018 2688 invideatur,
3041 2639 3170 2688 aegre
3185 2627 3296 2688 fert,
3316 2626 3386 2677 ita

1802 2725 1857 2771 ut
1876 2722 1970 2770 viri
2006 2721 2157 2770 etiam
2190 2722 2252 2770 ad
2270 2721 2529 2785 conjugem
2556 2722 2834 2772 accedentis
2860 2721 3145 2785 adspectum
3179 2724 3386 2774 tolerare

1804 2819 1946 2870 nolit.
1972 2819 2024 2869 Si
2045 2832 2162 2868 vero
2178 2818 2479 2868 adulterium
2490 2818 2866 2882 deprehenderit
2881 2856 2897 2882 ,
2915 2819 3260 2873 nimio.dolore
3271 2834 3386 2870 con-

1802 2917 2022 2967 tabescit.

1864 3022 2013 3069 XXX.
2049 3018 2364 3081 Cotnrnicoe,
2397 3018 2593 3081 pascuis
2618 3016 2872 3081 prioribus
2907 3017 3121 3081 relictis,
3147 3020 3386 3083 gregatim

1802 3136 2028 3197 volitant,
2039 3137 2090 3185 et
2101 3134 2251 3184 maris
2265 3134 2484 3197 spatium
2494 3134 2666 3184 volatu
2681 3146 2780 3185 non
2793 3133 3096 3195 intermisso,
3111 3146 3200 3184 ceu
3213 3136 3384 3185 avium

1806 3250 2075 3300 celerrimae
2089 3286 2104 3313 ,
2127 3252 2388 3313 superant,
2411 3251 2512 3299 tam
2533 3248 2728 3305 timidae.
2750 3248 2946 3299 interim
2959 3285 2975 3311 ,
2999 3251 3056 3299 ut
3074 3248 3227 3299 maris
3247 3263 3386 3313 aspe-

1805 3368 1942 3416 ctum
1967 3366 2259 3417 exhorreant
2292 3366 2344 3415 et
2379 3364 2535 3417 oculis
2565 3364 2892 3427 conniveant,
2928 3363 3062 3414 unde
3099 3378 3228 3427 saepe
3263 3365 3389 3416 velis

1808 3480 1948 3531 illisae
1965 3481 2166 3531 navium
2184 3495 2214 3531 a
2238 3480 2404 3531 nautis
2426 3479 2699 3543 capiuntur.
2724 3481 2791 3528 Ut
2807 3481 2972 3529 autem
2996 3478 3298 3543 intelligant,
3325 3493 3388 3529 an

1808 3598 2088 3659 superatum
2120 3596 2223 3659 jam
2261 3594 2381 3658 ipsis
2402 3556 2538 3645 mare
2559 3595 2654 3658 sit,
2687 3607 2862 3657 necne,
2884 3595 2979 3645 hoc
2999 3594 3390 3658 experimentum

1809 3714 2103 3761 commentae
2112 3713 2228 3761 sunt
2241 3730 2253 3760 :
2267 3723 2574 3774 unaquaeque
2585 3712 2750 3760 ternos
2758 3722 2842 3760 ore
2853 3708 3046 3773 lapillos
3057 3710 3165 3772 fert,
3181 3724 3390 3773 quorum

1809 3818 2024 3881 singulos
2050 3832 2138 3881 per
2163 3816 2418 3867 intervalla
2444 3815 2745 3878 demittunt,
2765 3816 3088 3867 auscultantes
3103 3852 3118 3879 ,
3147 3818 3310 3866 utrum
3341 3816 3390 3867 in

1812 3946 1948 3983 mare
1971 3931 2227 3994 deciderit,
2255 3930 2564 3993 ulteriusque
2593 3929 2862 3981 volandum
2888 3930 2974 3993 sit,
3010 3944 3074 3981 an
3095 3943 3214 3981 vero
3247 3944 3392 3995 super

1811 4050 1939 4097 terra
1955 4048 2133 4097 feratur
2157 4047 2208 4095 et
2233 4047 2430 4110 tempus
2451 4044 2708 4096 advenerit
2733 4044 3041 4109 quiescendi.

1876 4169 2052 4217 xxxl.
2088 4166 2270 4215 Avium
2296 4164 2454 4214 multa
2475 4176 2649 4227 genera
2671 4164 2836 4214 locum
2862 4164 2933 4214 ita
2959 4164 3184 4229 mutant,
3209 4167 3264 4216 ut
3287 4178 3392 4215 cer-

1812 4256 1920 4304 tum
1941 4256 2032 4318 sit,
2052 4253 2180 4304 unde
2200 4257 2251 4305 et
2277 4268 2376 4317 quo
2399 4266 2452 4303 se
2475 4253 2740 4316 recipiant;
2763 4253 2965 4303 ciconiae
2984 4266 3100 4303 vero
3127 4254 3244 4304 solae
3265 4254 3395 4304 uude

1814 4343 2034 4405 veniant,
2054 4357 2112 4393 ac
2128 4356 2230 4406 quo
2246 4344 2568 4403 revertantur,
2579 4354 2678 4391 non
2691 4342 2807 4391 satis
2829 4344 3032 4392 constat.
3101 4342 3313 4400 Quidam
3333 4356 3395 4392 ex

1816 4434 1966 4497 Lycia
1990 4433 2152 4483 volare
2173 4430 2312 4481 aiunt
2327 4468 2344 4495 ,
2375 4430 2460 4479 alii
2489 4430 2862 4493 ex·AEthiopia,
2887 4442 2987 4493 quo
3009 4431 3114 4480 loco
3130 4468 3145 4492 ,
3171 4431 3397 4481 inchoata

1816 4522 1916 4572 Nili
1933 4520 2276 4579 exundatione,
2297 4517 2600 4569 foecundatur
2617 4520 2868 4581 AEgyptus.
2935 4519 3174 4569 mirabilis
3190 4521 3396 4571 omnino

1818 4615 1869 4662 et
1892 4609 2086 4660 solertis
2115 4608 2289 4671 ingenii
2315 4612 2429 4659 sunt
2448 4646 2462 4671 ,
2491 4607 2596 4657 sive
2629 4608 2808 4670 injuria
2827 4607 3073 4670 cavenda,
3107 4608 3213 4659 sive
3246 4610 3395 4671 grati·

1820 4696 2255 4750 tudinisedendum
2273 4696 2467 4759 aliquod
2479 4696 2675 4761 signum
2695 4696 2858 4746 fuerit.
2927 4694 3220 4757 Huiusmodi
3233 4699 3396 4747 autem

1822 4788 1886 4838 de
1930 4788 1992 4837 iis
2023 4786 2184 4849 accepi
2213 4786 2312 4835 fere
2343 4784 2782 4845 narratiunculam3
2807 4798 2920 4833 cum
2955 4784 3158 4847 quidam
3193 4784 3398 4836 ciconiae

1820 4889 1937 4925 crus
1973 4874 2134 4938 lapide
2161 4874 2504 4936 confregisset,
2525 4886 2679 4936 eaque
2706 4886 2734 4922 e
2761 4870 2878 4921 nido
2901 4878 3177 4921 transversa
3199 4871 3399 4935 delapsa

1820 4966 1968 5025 esset,
1988 4976 2017 5012 a
2035 4962 2342 5023 mulieribuS,
2367 4975 2480 5025 quae
2493 4960 2850 5011 claudicantem
2871 4959 3108 5021 viderant,
3128 4964 3330 5024 excepta
3351 4963 3400 5012 et

1820 5054 1992 5103 curata
2008 5054 2083 5101 est
2108 5053 2290 5113 mgrota
2306 5042 2320 5113 ;'
2335 5050 2470 5112 dein,
2491 5053 2660 5100 sanato
2674 5048 2777 5111 jam
2803 5048 2994 5109 morbo,
3016 5061 3267 5111 progressa
3285 5061 3398 5098 curn

1824 5141 2000 5191 ceteris
2019 5140 2252 5189 avolavit.
2321 5138 2583 5201 sequentis
2607 5136 2786 5190 deinde
2817 5136 2930 5187 anni
2961 5148 3078 5187 vere
3099 5136 3160 5185 ad
3192 5136 3398 5187 eandem
