3767 5825
412 365 491 418 90

428 516 481 555 οε
522 488 727 560 τόσσον,
756 482 876 545 ὅσον
901 479 1201 564 πραπίδων·
1224 474 1359 548 ἀλκὴ
1380 475 1427 535 δ’
1449 474 1734 552 ἀνεμώλιος
1760 475 1936 556 ἄφρων
1951 498 1962 510 ·

520 579 611 640 καί
640 601 696 636 τε
727 573 863 653 μέγα
899 568 1143 651 βριάοντα
1172 563 1487 624 κατέσὸεσεν
1512 565 1595 635 ἠδ’
1624 563 1826 622 ἐσάωσε

525 666 671 747 βαιὸς
700 662 832 741 ἀνὴρ
860 658 1098 736 εὕμητις·
1130 654 1243 714 ἐπεὶ
1270 651 1361 712 καὶ
1389 658 1544 724 κῆτος
1572 652 1773 710 ἄαπτον

523 753 774 812 ἅπλάτων
806 747 1006 827 μελέων
1035 745 1207 823 ὀλίγον
1236 741 1645 822 προτιὸάλλεται
1674 738 1843 818 ἰχθύν.

520 847 572 904 T
574 839 761 901 οὕνεκά
783 863 861 904 τις
886 835 1216 915 πάμπρωτον
1246 828 1356 889 ἕλοι
1385 829 1577 888 σκοπὸν
1604 832 1845 906 ἡγητῆρα

421 955 497 994 100
525 933 711 1002 κεῖνον,
739 927 828 986 ὑπ’
859 923 1159 1005 ἀγκίστροιο
1189 920 1277 999 βίῃ
1308 919 1397 978 καὶ
1422 917 1558 976 δαιτὶ
1588 915 1847 980 δολώσας·

522 1023 583 1077 οὗ
609 1017 713 1099 γάρ
738 1039 798 1074 κε
827 1013 1041 1084 ζώοντος
1069 1007 1343 1088 ἐπιὸρίσας
1370 1005 1636 1082 δαμάσαιο

524 1105 816 1165 κνώδαλον·
841 1097 1117 1180 οἰχομένου
1146 1095 1202 1154 δὲ
1230 1093 1479 1173 θοώτερος
1506 1091 1677 1150 ἔσσετ’
1704 1089 1927 1167 ὄλεθρος.

524 1195 607 1253 Οὔ
633 1190 735 1272 γὰρ
766 1188 834 1247 ἔτ’
864 1186 970 1247 οὔθ’
1001 1183 1175 1260 ἅλμης
1204 1178 1408 1247 ἰοειδέος
1438 1170 1545 1238 οἶδε
1568 1177 1785 1236 κέλευθα

526 1279 807 1361 ἀτρεκέως,
837 1279 895 1334 οὗ
924 1279 1081 1350 πῆμα
1113 1268 1450 1351 παρασχεδὸν
1479 1265 1813 1334 ἐξαλέασθαι,

436 1393 509 1432 105
534 1374 665 1430 ἀλλ’·
680 1367 877 1439 αὕτως,
906 1363 997 1422 ἅτε
1024 1360 1197 1442 φορτὶς
1224 1355 1479 1422 ὀλωλότος
1508 1358 1794 1432 ίθυντῆρος,

525 1457 782 1526 πλάζεται
812 1449 1232 1533 ἀπροφύλακτον,
1258 1443 1554 1524 ἀμήχανον,
1582 1435 1619 1521 ᾗ
1646 1465 1733 1499 κεν
1764 1439 1924 1518 ἄγῃσι

523 1543 747 1627 γλαυκὸν
775 1541 942 1621 ὕδωρ,
974 1536 1196 1601 σκοτίοις
1221 1533 1275 1591 δὲ
1296 1532 1387 1591 καὶ
1407 1531 1718 1613 ἀφράστοισι
1738 1529 1973 1606 πόροισιν

530 1632 837 1717 ἐμφέρεται,
860 1623 1097 1708 χηρωθὲν
1127 1621 1381 1704 ἀρηγόνος
1404 1618 1653 1697 ἡνιόχοιο.

530 1719 771 1783 Πολλάκι
798 1717 889 1776 καὶ
910 1712 1133 1794 πέτρῃσι
1157 1710 1248 1770 καὶι
1274 1707 1535 1780 ἧῖόνεσσιν
1559 1707 1736 1763 ἔκελσε

413 1833 489 1872 110
528 1807 878 1884 πλαξόμενον·
908 1803 1023 1873 τοίη
1051 1805 1098 1860 οἱ
1128 1799 1213 1857 ἐπ’
1243 1797 1452 1874 ὄμμασι
1478 1792 1743 1851 πέπταται
1774 1791 1951 1868 ἀχλύς.

524 1898 604 1969 Δή
636 1902 701 1980 βα
727 1894 832 1954 τότ’
862 1895 1124 1973 ὀτρηροῑσι
1152 1888 1407 1964 νοήμασιν
1436 1885 1489 1949 ἐς
1514 1881 1669 1941 πόνον
1698 1881 1857 1959 ἄγρης

532 1985 799 2068 ἷχθυὸόλοι
830 1979 1157 2051 σπεύδουσιν,
1182 1976 1523 2054 ἐπευξάμενοι
1549 1971 1845 2052 μακάρεσσι

530 2073 857 2158 κητοφόνοις,
884 2069 1149 2148 ἀλεγεινὸν
1180 2069 1314 2126 ἑλεῖν
1336 2063 1491 2145 τέρας
1518 2059 1844 2139 ἄμφιτρίτης.

534 2164 634 2232 Ὦς
660 2163 703 2221 δ’
733 2160 819 2220 ὅτε
846 2155 1144 2235 δυσμενέων
1171 2152 1380 2235 βριαρὸς
1404 2151 1559 2230 λόχος
1584 2145 1859 2207 ἀντιὸίοισι

419 2275 495 2316 115
535 2251 740 2333 λάθριος
767 2245 1071 2326 ἐμπελάσῃ,
1104 2241 1337 2321 μεσάτην
1366 2239 1454 2298 ἐπὶ
1480 2237 1643 2296 νύκτα
1674 2233 1946 2302 δοκεύσας,

528 2341 768 2404 εὕδοντας
796 2337 840 2395 δ’
868 2335 1085 2414 ἐκίχησε
1112 2333 1447 2414 φυλακτῆρας
1476 2326 1581 2406 πρὸ
1606 2322 1856 2392 πυλάων,·

534 2428 713 2509 Ἄρεος
741 2422 1093 2502 εὖμενέοντος,
1126 2417 1402 2489 ἐνιπλήξας
1431 2418 1474 2474 δ’
1506 2413 1828 2490 ἐδάμασσεν·

538 2518 675 2578 ἔνθεν
706 2513 867 2574 ἔπειτ’
892 2511 1057 2591 ἄκρην
1083 2531 1140 2566 τε
1164 2505 1317 2566 πόλιν
1346 2503 1437 2563 καὶ
1462 2502 1641 2581 τύρσιν
1671 2500 1751 2557 ἐπ’
1780 2499 1944 2568 αὐτὴν

537 2601 815 2687 θαρσαλέοι
844 2595 1155 2668 σπεύδουσι,
1178 2593 1341 2674 πυρὸς
1372 2591 1549 2672 βέλος,
1580 2589 1761 2654 ἄστεος
1790 2585 1941 2656 ἄτην,

424 2719 497 2758 tm
537 2693 691 2754 δαλὸν
719 2689 991 2767 ἐϋδμήτων
1017 2684 1262 2765 μεγάρων
1294 2685 1549 2764 ῥαιστῆρα
1576 2677 1841 2760 φέροντες·

520 2783 609 2850 ὣς
634 2780 752 2841 τότε
776 2774 1077 2858 θαρσαλέως
1104 2771 1279 2838 ἁλιεὺς
1300 2769 1518 2851 στρατὸς
1542 2765 1864 2844 ἐγκονέουσιν

534 2873 798 2955 ἄφρακτον
829 2863 963 2946 μετὰ
990 2869 1157 2945 θῆρα,
1184 2857 1520 2937 πεφασμένου
1550 2859 1832 2935 ἷθυντῆρος.

536 2966 649 3023 Τοῦ
678 2962 725 3019 δ’
749 2958 869 3031 ἤτοι
883 2958 1092 3038 πρῶτον
1122 2950 1217 3030 μὲν
1242 2948 1320 3009 ἐνὶ
1348 2947 1502 3028 φρεσὶ
1524 2944 1897 3023 τεκμαίρονται

540 3050 697 3131 ἄχθος
718 3046 837 3107 ὅσον
859 3042 1071 3124 μέγεθός
1087 3063 1173 3099 τε·
1194 3036 1261 3096 τὰ
1286 3037 1329 3095 δ’
1348 3036 1535 3094 ἔπλετο
1560 3032 1776 3109 σήματα
1796 3028 1982 3109 γυίων·

542 3140 589 3197 εἷ
618 3135 711 3215 μὲν
738 3136 841 3215 γὰρ
862 3131 1072 3191 πόντοιο
1096 3123 1459 3203 κυλινδόμενον
1487 3119 1621 3199 μετὰ
1648 3118 1807 3184 δίναις

544 3225 691 3307 βαιὸν
718 3220 1086 3303 ὑπερτέλλοιτο
1115 3215 1269 3297 ῥάχιν
1296 3212 1481 3293 λοφιήν
1511 3233 1567 3267 τε
1592 3216 1798 3289 φαεῖνον

544 3314 727 3395 ἄκρην,
756 3302 791 3383 ἧ
820 3307 959 3388 μέγα
985 3313 1125 3365 κεῖνο
1150 3302 1244 3361 καὶ
1272 3299 1475 3377 ἔξοχον·
1508 3295 1626 3354 οὐδὲ
1655 3293 1755 3373 γὰρ
1786 3296 1918 3363 αὐτ-ὴ

543 3400 751 3484 ῥηϊδίως
778 3396 953 3482 φορέει
978 3419 1069 3471 μιν
1101 3388 1444 3470 ἀνοχλίζουσα
1477 3387 1743 3444 θάλασσα·

544 3493 590 3549 εἰ
618 3488 674 3547 δέ
703 3511 755 3547 τι
776 3486 869 3546 καὶ
895 3483 1079 3545 νώτοιο
1106 3479 1401 3565 φαείνεται,
1431 3477 1489 3533 οὗ
1516 3474 1666 3531 τόσον
1699 3470 1855 3551 ἄχθος

543 3576 812 3657 ἀγγέλλει·
839 3580 1031 3647 κοῦφαι
1062 3569 1165 3651 γὰρ
1190 3562 1589 3648 ἀφαυροτέροισι
1618 3558 1864 3619 κέλευθοι.

541 3668 723 3728 Τοῖσιν
753 3663 797 3723 δ’
826 3659 984 3743 ὁρμιὴ
1013 3657 1106 3736 μὲν
1140 3652 1517 3732 ἐπασσυτέραις
1544 3650 1769 3730 ἀραρυῖα

543 3754 819 3833 θωμίγγων
846 3750 1095 3829 ξυνοχῇσι
1122 3740 1563 3822 πολυστρεφέεσσι
1590 3738 1859 3809 τέτυκται,

544 3844 697 3911 ὅσσος
716 3864 774 3901 τε
801 3838 1049 3920 πρότονος
1074 3834 1195 3907 νηὸς
1220 3830 1370 3890 πέλει
1394 3828 1510 3888 οὔτε
1542 3826 1750 3906 βαθείης

544 3932 650 3992 οὔτ’
678 3928 883 4009 ὀλίγης·
916 3930 1083 4004 μῆκος
1113 3921 1170 3983 δὲ
1197 3916 1688 3996 τιταίνεταιᾶρκιον
1720 3914 1852 3994 ἄγρῃ
1868 3939 1880 3950 ·

544 4018 821 4101 ἄγκιστρον
844 4014 891 4075 δ’
919 4010 1122 4093 εὐεργὲς
1151 4007 1467 4086 ἐπημοιὸαῗς
1493 4004 1822 4084 κεχάρακται

542 4105 815 4188 γλωχίνων
843 4102 1163 4185 προὸολῇσιν
1192 4093 1493 4175 ἀκαχμένον
1524 4089 1908 4173 ἀμφοτέρωθεν,

544 4187 649 4257 οἷον
678 4194 771 4255 καὶ
796 4190 993 4272 πέτρην
1021 4187 1184 4248 ἑλέειν
1210 4184 1300 4245 καὶ
1324 4184 1536 4266 ῥωγάδα
1562 4182 1766 4259 πεῖραι,

544 4285 730 4344 τόσσον
751 4280 864 4341 ἴτυν
886 4276 1133 4359 κρυερὴν,
1162 4272 1316 4333 ὅσσον
1340 4270 1460 4351 περὶ
1482 4269 1667 4350 χάσμα
1699 4264 1948 4347 καλύψαι.

544 4368 751 4441 Δινωτὴ
778 4370 824 4428 δ’
853 4366 1035 4432 ἅλυσις
1058 4360 1436 4445 περιὸάλλεται
1464 4358 1602 4438 ἄκρα
1632 4357 1872 4417 κελαινοῦ

545 4460 861 4539 ἀγκίστρου,
885 4452 1141 4535 στιὸαρὴ,
1162 4448 1525 4531 χαλκήλατος,
1549 4444 1584 4515 ἥ
1613 4467 1699 4501 κεν
1720 4442 1949 4527 ,ὀδόντων

543 4546 831 4626 λευγαλέην
859 4541 1097 4623 ἀνέχοιτο
1128 4538 1245 4621 βίην
1270 4536 1362 4596 καὶ
1383 4534 1657 4615 χάσματος
1686 4530 1883 4610 αἰχμάς
1897 4554 1909 4565 ·

547 4640 725 4719 δεσμῷ
752 4633 797 4693 δ’
825 4637 878 4693 ἐν
908 4630 1123 4712 μεσάτῳ
1148 4622 1451 4710 τροχοειδέα
1478 4620 1648 4680 κύκλα
1676 4620 1948 4689 τέτυκται,

545 4722 717 4784 πυκνὰ
744 4721 871 4802 παρ’
892 4718 1213 4790 ἀλλήλοισιν,
1238 4714 1273 4773 ἅ
1294 4738 1382 4773 κεν
1409 4708 1791 4791 στροφάλιγγας
1817 4706 1989 4785 ἐρύκοι

547 4810 847 4894 φοιταλέας,
878 4806 1002 4886 μηδ’
1030 4805 1136 4872 ἷθὺς
1164 4800 1473 4883 ἀποῤῥήξειε
1502 4797 1711 4874 σίδηρον

434 4917 511 4964 us
548 4900 842 4979 αἱμάσσων,
871 4897 1054 4974 ὀλοῇσι
1074 4888 1429 4975 περισπερχὴς
1450 4884 1711 4963 ὀδύνῃσιν,

543 4987 680 5048 ἀλλὰ
706 4981 1128 5067 περιστροφάδην
1154 4977 1421 5055 πλαγκτὸν
1450 4974 1641 5055 δρόμον
1668 4971 1966 5030 εἱλίσσοιτο.

548 5080 718 5137 Δαῖτα
746 5075 791 5133 δ’
814 5072 895 5132 ἐπ’
927 5069 1192 5150 ἀγκίστρῳ
1221 5062 1512 5145 δυστερπέα
1539 5061 1853 5151 πορσύνουσι

549 5165 782 5246 ταύρειον
814 5159 978 5239 μέλαν
1006 5152 1152 5235 ἧπαρ
1182 5155 1479 5233 ἀπόκριτον,
1507 5149 1569 5220 ἠὲ
1596 5148 1687 5207 καὶ
1714 5152 1855 5223 ὦμον

425 3158 499 3199 125

426 3600 502 3639 1³⁰

428 4042 502 4081 1³⁶

430 4482 502 4522 no

1471 337 1880 398 ΟΠΠΙΑΝΟΥ
1927 335 2401 393 ΑΛῙΕΥΤΙΚΩΝ
2447 335 2510 392 Ε.

2062 482 2220 540 tanta,
2245 481 2426 542 quanta
2447 478 2594 528 animi
2611 495 2625 539 ;
2651 478 2725 526 vis
2746 477 2908 526 autem
2927 477 3100 528 stolida
3119 481 3197 528 est
3215 476 3396 539 inanis3

2057 569 2336 630 quinetiam
2358 566 2620 616 admodum
2645 569 2889 628 potentem
2907 566 3114 615 extinfit
3141 571 3190 614 et
3209 567 3416 616 servavit

2059 658 2261 718 exiguus
2279 657 2426 705 bomo
2445 653 2848 715 valens-oonsilio;
2870 654 3062 716 quando
3077 654 3222 703 etiam
3241 656 3375 704 cetus
3393 655 3596 704 immani:-

2060 747 2208 794 vastis
2229 744 2460 793 membris
2478 757 2680 805 parvum
2705 743 2955 804 praemittit
2977 741 3176 805 piscem.

2059 839 2358 895 Quapropter
2380 832 2554 893 aliquis
2570 831 2958 893 omnium-primo
2981 831 3141 894 capiat
3157 830 3496 894 speculatorem
3521 834 3595 880 du-

2058 921 2181 984 cem]
2200 920 2336 970 illum
2350 957 2363 980 ,
2384 919 2476 968 sub
2495 920 2636 968 bomo
2657 919 2704 966 vi
2721 922 2772 967 et
2786 931 2898 968 esea
2911 918 3190 982 deceptum3

2059 1024 2151 1058 non
2175 1009 2302 1058 enim
2324 1009 2438 1057 vivo
2462 1007 2554 1058 hoc
2577 1007 2905 1070 impetu-facto
2926 1007 3170 1056 domueris

2059 1098 2293 1157 imbuam,
2319 1095 2512 1145 sublato
2534 1097 2696 1144 autem
2716 1107 2773 1144 eo
2787 1094 3002 1144 velocior
3023 1095 3114 1144 erit
3137 1095 3372 1143 interitus.

2060 1189 2164 1234 Non
2187 1184 2316 1234 euim
2335 1183 2542 1246 amplius
2563 1182 2710 1231 maris
2733 1182 2960 1244 purpurei
2988 1181 3123 1231 novit
3145 1183 3248 1230 vias

2059 1278 2214 1334 certo,
2239 1286 2336 1322 non
2358 1285 2536 1321 noxam
2558 1271 2872 1333 propinquam
2895 1271 3076 1320 evitare
3102 1273 3274 1326 novit,

2061 1361 2142 1410 sed
2170 1364 2377 1421 temere,
2404 1363 2630 1422 tanquam
2655 1357 3025 1408 navis-oneraria
3050 1364 3263 1420 peremto
3280 1357 3601 1418 gubernatore,

2061 1449 2250 1499 oberrat
2269 1447 2586 1507 incustodito,
2608 1447 2766 1508 impos
2778 1482 2792 1506 ‚
2811 1459 3098 1508 quocunque
3123 1446 3286 1494 tulerit

2062 1538 2266 1586 caerulea
2283 1549 2407 1599 aqua
2420 1573 2435 1598 ‚
2455 1536 2721 1585 tenebrosis
2745 1539 2905 1583 autem
2925 1536 2975 1583 et
2993 1533 3302 1582 non-munitis
3321 1534 3414 1582 viis

2063 1625 2279 1685 infertur,
2302 1624 2496 1674 viduata
2515 1622 2792 1672 auxiliatore
2813 1621 2995 1682 auria.

2065 1716 2202 1775 Saepe
2219 1717 2268 1761 et
2285 1713 2434 1774 petris
2453 1716 2504 1760 et
2526 1709 2765 1761 littoribus
2782 1709 3038 1772 appellitur

2063 1815 2256 1862 errans;
2281 1801 2397 1851 talis
2417 1801 2508 1863 ipsi
2531 1799 2594 1848 ob
2617 1799 2785 1848 oculos
2803 1798 2936 1847 volat
2957 1797 3128 1858 caligo.
3161 1789 3169 1796 “

2063 1895 2198 1940 Tunc
2215 1903 2330 1940 sune
2350 1888 2596 1938 velocibus
2617 1886 2985 1947 cogitationibus
3009 1885 3070 1934 ad
3088 1885 3300 1935 laborem
3323 1890 3531 1948 capturae

2066 1979 2326 2040 piscatores
2344 1977 2597 2036 festinant,
2617 1973 2800 2038 precati
2819 1987 3020 2037 superos

2071 2064 2296 2115 ceticidas
2309 2100 2324 2126 ,
2347 2063 2648 2114 doloriiicum
2667 2062 2936 2125 ut-capiant
2953 2061 3220 2110 monstrum
3241 2061 3402 2110 maiis.

2067 2152 2481 2211 Quemadmodum
2504 2156 2666 2201 autem
2685 2163 2836 2213 quum
2855 2149 3067 2198 bostium
3095 2147 3232 2198 tortis
3257 2147 3522 2212 manipulus
3545 2147 3598 2194 bo

2068 2241 2239 2308 stibus]
2251 2240 2576 2290 clandestinus
2591 2239 2900 2302 propinquat,
2919 2237 3129 2286 mediam
3149 2241 3339 2286 noctem
3355 2237 3610 2286 observ-ms.

2069 2331 2359 2380 dormientes
2381 2335 2543 2378 autem
2566 2325 2880 2390 deprehendit
2903 2325 3072 2388 vigiles
3093 2337 3182 2388 pm
3203 2325 3378 2387 partie,

2069 2421 2220 2468 Marte
2242 2418 2448 2482 propitio
2461 2453 2476 2477 ,
2501 2429 2755 2480 percussos
2777 2427 2892 2464 vero
2909 2413 3103 2474 domat;

2069 2506 2181 2556 inde
2193 2507 2420 2569 deinceps
2427 2517 2764 2566 summamque
2777 2501 3030 2553 aid-urbem
3039 2503 3090 2551 et
3101 2501 3414 2550 munitionem
3424 2503 3470 2550 in
3485 2502 3614 2565 ipsam

2070 2594 2302 2645 audentes
2321 2597 2603 2656 properant,
2627 2592 2751 2655 ignis
2769 2589 2982 2654 iamlam
2995 2625 3010 2650 ,
3031 2589 3166 2639 urbis
3193 2589 3478 2652 perniciem,

2071 2686 2248 2732 torrem
2265 2681 2578 2746 pulchrorum
2601 2679 2954 2729 domiciliorum
2979 2683 3272 2728 vastatorem
3294 2677 3520 2728 scentes:

2073 2772 2138 2820 ita
2161 2768 2590 2820 tunc'coulidenter
2609 2767 2897 2832 piscatorias
2917 2766 3156 2816 exercitus
3181 2764 3404 2816 festinant

2071 2856 2411 2909 incustoditam
2427 2858 2490 2906 ad
2511 2856 2720 2906 belluam
2735 2891 2750 2918 ‚
2769 2855 2930 2906 οοσίεο
2947 2858 3147 2904 rectore.

2075 2948 2230 3009 Huius
2251 2960 2366 2996 vero
2387 2946 2596 3010 primum
2618 2945 2814 3008 quidem
2837 2945 2886 2994 in
2908 2944 3083 2994 animis
3103 2943 3404 2993 considerant

2073 3035 2260 3099 pondus
2276 3036 2512 3097 quantum
2531 3038 2601 3083 sit
2619 3038 2669 3083 et
2703 3030 3008 3095 magnitudo;
3039 3037 3153 3081 sunt
3183 3033 3346 3081 autem
3375 3032 3480 3081 naec
3503 3030 3613 3090 signa

2075 3124 2398 3172 membrorum
2419 3121 2460 3186 t]
2485 3122 2526 3171 si
2549 3121 2746 3184 quidem
2769 3120 2896 3169 enim
2921 3119 3070 3169 maris
3093 3118 3262 3167 voluta
3281 3132 3364 3181 per
3393 3120 3580 3169 vortices

2076 3211 2290 3274 paullum
2308 3209 2610 3259 se-extendat
2622 3246 2636 3271 ,
2657 3209 2842 3271 spinam
2876 3208 3204 3269 verticemque
3223 3210 3494 3256 monstrans

2075 3304 2360 3357 extremam,
2377 3300 2508 3347 certe
2524 3298 2688 3359 ingens
2714 3296 2832 3346 illud
2867 3300 2917 3345 et
2947 3296 3178 3345 eximium
3207 3298 3314 3351 cst,
3337 3308 3488 3357 neque
3507 3295 3615 3342 enim

2077 3385 2255 3449 ipsum]
2281 3384 2417 3434 facile
2436 3384 2528 3434 fert
2545 3384 2673 3433 iilam
2699 3383 2995 3433 submovens
3019 3396 3177 3443 mare3

2075 3476 2118 3524 si
2143 3487 2259 3523 vero
2279 3473 2396 3537 quid
2415 3473 2560 3523 etiam
2582 3471 2711 3521 dorsi
2731 3474 2952 3533 apparet,
2981 3470 3040 3521 id
3059 3484 3156 3519 uon
3173 3472 3364 3519 tautum
3383 3483 3504 3517 onus

2075 3563 2300 3623 nunciat;
2327 3562 2488 3611 faciles
2509 3560 2640 3611 enim
2661 3559 2927 3609 minoribus
2949 3563 3077 3609 sunt
3099 3560 3210 3609 τίω.

2077 3652 2163 3701 His
2184 3664 2299 3700 vero
2317 3650 2445 3699 funis
2467 3648 2661 3713 quidem
2689 3647 3093 3709 frequentioribus
3114 3652 3362 3696 consertus

2078 3740 2396 3789 funiculorum
2413 3738 2552 3787 nodis
2575 3736 2806 3787 tortuosis
2831 3736 3080 3785 sactus-est
3093 3773 3108 3797 ,

2075 3832 2286 3891 quantus
2308 3826 2488 3875 rudens
2505 3825 2644 3877 navis
2661 3828 2759 3885 est,
2783 3836 2938 3887 neque
2958 3836 3144 3885 magum

2077 3930 2232 3979 neque
2259 3928 2421 3977 parvae
2431 3932 2446 3977 ς
2483 3912 2728 3976 longitudo
2765 3915 2930 3963 autem
2965 3910 3266 3974 protenditur
3297 3910 3528 3961 sufficiens
3558 3922 3605 3955 ca

2077 4010 2230 4067 pturae
2243 4004 2287 4067 3]
2311 4003 2482 4053 bamus
2499 4006 2662 4053 autem
2676 4001 3030 4051 affabre-fectus
3047 4000 3306 4062 reciprocis
3319 3999 3603 4061 sculptusesi

2075 4092 2329 4155 cuspidum
2352 4090 2652 4151 eminentie,
2675 4094 2848 4139 acutus
2865 4089 3120 4151 utrinque,

2079 4181 2300 4245 ut-possit
2321 4184 2371 4230 et
2391 4183 2576 4243 petram
2593 4192 2764 4243 rapere
2785 4184 2834 4228 et
2853 4190 3026 4226 saxum
3048 4176 3370 4236 transfodere,

2075 4272 2211 4319 tanto
2231 4268 2434 4319 circuitu
2456 4268 2667 4328 horrido,
2689 4273 2898 4329 quantus
2919 4266 3093 4316 rictum
3112 4264 3438 4330 circumtegat.

2077 4360 2224 4408 Torta
2247 4370 2362 4408 vero
2381 4359 2550 4407 catena
2569 4353 2917 4415 circumjicitur
2939 4352 3324 4402 extremitatibus
3345 4352 3458 4413 nigri

2080 4446 2234 4508 hami}
2253 4446 2390 4495 firma
2403 4483 2419 4509 ,
2441 4444 2783 4502 ex-oere-tacta,
2803 4456 2914 4505 quae
2937 4440 3154 4491 dentium

2078 4536 2390 4599 perniciosam
2407 4534 2640 4583 sustineat
2667 4532 2762 4580 vim
2781 4534 2831 4579 et
2855 4532 3003 4579 rictus
3023 4529 3279 4593 cuspides3

2079 4623 2269 4673 vinculo
2291 4628 2450 4690 autem
2475 4622 2524 4669 in
2543 4619 2702 4670 medio
2721 4618 2912 4667 rotundi
2935 4618 3099 4668 circuli
3119 4617 3460 4667 fabricati-sumt
3473 4650 3488 4674 ,

2077 4712 2212 4762 densi
2235 4711 2360 4761 inter
2381 4713 2655 4769 se-mutuo,
2679 4708 2764 4769 qui
2785 4706 3040 4767 vertigines
3065 4706 3354 4769 prohibeant

2077 4798 2370 4851 errabundas
2385 4836 2398 4859 ,
2425 4811 2485 4848 ne
2505 4800 2638 4847 recta
2654 4796 2912 4857 abrumpat
2933 4794 3116 4843 ferrum

2077 4894 2360 4942 cruentans,
2387 4884 2781 4949 prae-exitialibus
2805 4881 3308 4944 buc-illuc-properans
3329 4878 3588 4934 doloribus,

2029 4405 2036 4450 Ι

2030 5046 2034 5074 ¹
2079 4976 2162 5026 sed
2189 4974 2520 5038 in-torquendo
2539 4970 2810 5022 errabundo
2828 4969 2994 5019 cursui
3013 4967 3302 5032 implicetur.

1973 5092 1978 5099 ·
2031 5081 2034 5092 ¹
2082 5070 2252 5115 Est-cm
2277 5076 2390 5112 vero
2413 5064 2463 5112 in
2485 5063 2630 5111 hamo
2651 5059 2962 5122 injucundam
2985 5058 3240 5118 exhibent,

2029 5137 2036 5213 ζ
2081 5154 2320 5209 taurinum
2345 5153 2529 5213 nigrum
2555 5150 2718 5213 hepar,
2737 5147 3030 5209 exquisitum
3044 5182 3058 5208 ,
3077 5144 3323 5195 autetiam
3345 5144 3588 5192 bunne-‚mm
