3767 5825
1027 383 1341 444 οΡΡΙΑΝῐ
1382 387 1483 446 m:
1524 355 2171 454 Pls‘CAT1oNE·L113.
2216 397 2284 458 v.
2429 467 2436 476 ,
3146 417 3252 472 ιοι

100 554 157 594 sss
250 531 444 612 Ἔξοχα
470 534 515 590 δ’
543 533 843 612 ἐχθοδοποῖς
876 532 950 590 ἐνὶ
974 532 1156 603 κήτεσι
1182 531 1525 614 μαργὰίνουσι
1646 541 1655 601 l
1758 542 1942 592 Eximie
1960 557 2073 592 vero
2095 545 2284 595 hostilia
2307 547 2430 597 inter
2452 553 2556 598 cete
2575 549 2818 601 insaniunt

188 624 343 700 λαιμῷ
367 619 664 701 λαὸροσύνῃ
690 643 748 677 τε
776 624 943 679 κυνῶν
965 619 1237 703 ὗπέροπλα
1266 623 1508 702 γένεθλα·
1650 611 1654 644 ¹
1696 627 1819 678 rictu
1844 631 2202 696 voracitateque
2221 647 2396 684 canum
2415 638 2671 686 temeraria
2692 651 2895 708 genera:

187 709 319 788 ἔξοχα
346 709 390 766 δ’
414 707 659 789 ὓὸρισταὶ
690 707 783 766 καὶ
808 708 1082 790 ἀγήνορες,
1110 711 1231 768 οὐδέ
1254 735 1340 768 κεν
1373 711 1435 769 ἀν
1464 737 1514 769 τι
1650 720 1654 728 “
1696 719 2056 779 supra-modum
2073 732 2189 770 vero
2209 727 2338 772 sunt
2355 724 2513 784 injurii
2536 729 2586 774 et
2597 728 2815 789 superbi,
2839 743 2994 792 neque
3006 732 3260 796 quicquam

187 797 431 872 ἀντόμενοι
458 796 752 877 τρέσσειαν,
783 797 1045 870 ἀναιδείην
1070 799 1115 856 δ’
1146 799 1418 877 ἀχάλινον,
1648 773 1655 896 Ι
1696 812 2002 856 occurrentes
2025 811 2417 872 contremiscant,
2441 813 2787 876 impudentiam
2808 822 2972 867 autem
3001 819 3260 881 effrenum,

186 887 271 944 αἷεὶ
291 885 641 963 κυμαίνουσαν
667 884 755 943 ἐπὶ
779 887 931 965 φρεσὶ
954 885 1155 945 λύσσαν
1184 887 1387 967 ἔχοντες
1403 934 1419 961 ,

96 995 157 1034 ³70
186 972 387 1032 πολλάκι
414 974 459 1031 δ’
488 972 809 1052 ἷχθυὸόλοισι
836 973 927 1032 καὶ
950 978 1000 1042 ἐς
1022 973 1159 1034 λίνον
1190 973 1423 1044 ἀίξαντες

186 1061 365 1142 κύρτοις
383 1061 429 1118 τ’
454 1060 847 1138 ἐμπελάσαντες
876 1062 1187 1134 ἐδηλήσανθ’
1217 1066 1447 1123 ἁλιεῦσιν
1548 1063 1555 1070 ”

186 1151 329 1228 ἄγρην
356 1149 685 1228 ίχθυόεσσαν,
716 1148 805 1220 ἑὴν
828 1148 991 1230 φρένα
1016 1151 1326 1220 πιαίνοντες.

186 1241 228 1297 Τ
228 1237 303 1304 οὺς
325 1236 467 1304 δέτις
493 1235 779 1304 &matzatz
796 1238 1138 1314 δεδοκημένος
1160 1241 1365 1320 ἰχθύσιν
1398 1245 1573 1308 αὐτοῖς
1587 1288 1604 1319 ‚

183 1325 345 1406 πείρας
365 1324 658 1406 ἀγκίστρῳ,
688 1325 957 1403 μενοεικέα
983 1326 1140 1399 ληΐδα
1161 1328 1356 1409 θήρης,
1695 1333 1936 1395 configens
1955 1335 2124 1397 hamo,
2142 1337 2384 1398 ingentem
2406 1339 2620 1402 praedam
2641 1345 2854 1404 capturae
2872 1381 2887 1405 ,

100 1433 161 1472 ,πε
190 1413 379 1492 ῥηϊδίως
400 1411 573 1495 ἐρύσει
594 1413 717 1494 περὶ
741 1412 973 1494 γαστέρα
1005 1415 1357 1493 μαιμώοντας,
1466 1415 1606 1498 [χμὴ
1695 1421 1831 1470 facile
1846 1423 2030 1484 trahet,
2055 1430 2248 1487 propter
2269 1428 2484 1476 ventrem
2502 1427 2808 1479 insanientes.

252 1501 413 1582 Φώκῃ
439 1503 487 1560 δ’
509 1504 604 1560 οὔκ
631 1501 889 1583 ἄγκιστρα
915 1503 1256 1583 τετεύχαται,
1282 1505 1397 1565 οὔτε
1414 1530 1492 1574 τις
1519 1509 1607 1565 αἷ-
1650 1549 1655 1620 Ι
1758 1509 1932 1559 Phocae
1946 1522 2064 1560 vero
2079 1524 2176 1561 non
2195 1513 2323 1561 hami
2342 1515 2654 1576 parati-sunt,
2678 1529 2835 1580 neque
2857 1519 3015 1582 aliqua
3037 1521 3198 1584 cuspis

184 1589 466 1671 τρίγλυφος,
492 1589 527 1662 ἥ
552 1613 643 1648 κεν
661 1589 771 1648 ἕλοι
792 1589 967 1662 κείνης
995 1590 1183 1668 δέμας·
1212 1592 1365 1672 ἔξοχα
1388 1593 1490 1675 γάρ
1517 1618 1606 1670 μιν
1650 1621 1655 1650 ι
1695 1595 1879 1657 trifida,
1907 1611 2019 1660 quae
2039 1599 2231 1650 hauriat
2250 1601 2377 1670 illius
2397 1615 2596 1666 corpus3
2617 1605 2790 1654 eximie
2807 1607 2935 1656 enim
2955 1609 3106 1671 ipsam

189 1675 301 1757 ῥινὸς
324 1675 452 1758 ὑπὲρ
482 1675 683 1754 μελέων
710 1675 895 1758 στερεὴ
920 1676 1105 1756 λάχεν,
1128 1677 1345 1759 ὅὸριμον
1380 1678 1549 1761 ἕρκος·
1696 1683 1831 1746 pellis
1844 1697 1990 1748 supra
2003 1686 2217 1736 membra
2229 1687 2352 1737 dura
2365 1689 2684 1754 amplectitur,
2693 1693 2904 1742 validum
2919 1695 3256 1758 sepimentum

1696 905 1886 956 semper
1907 895 2236 946 exundantem
2254 898 2306 946 in
2327 900 2603 960 praecordiis
2621 902 2802 952 rabiem
2827 905 3074 968 habentes,

1696 993 1825 1044 saepe
1852 994 1964 1032 vero
1986 983 2300 1046 piscatoribus
2323 986 2468 1036 etiam
2486 987 2535 1036 in
2558 989 2712 1039 linum
2731 991 2967 1043 irruentes

1698 1069 1950 1132 nassisque
1968 1071 2230 1123 incidentes
2258 1074 2568 1137 perdiderunt
2591 1075 2911 1140 piscatoribus

1695 1161 1942 1220 capturam
1966 1159 2310 1223 pisculentam,
2337 1177 2482 1212 suum
2505 1166 2720 1215 animum
2742 1173 3010 1230 pascentes.

1699 1247 1802 1293 ilos
1820 1249 1983 1296 autem
2006 1247 2182 1309 aliquis
2203 1245 2410 1311 piscator
2429 1252 2692 1303 observans
2713 1267 2826 1304 cum
2848 1257 3058 1318 piscibus
3080 1258 3220 1321 ipsis,

188 1766 289 1821 ἀλλ’
310 1765 385 1822 ὅτ’
413 1764 753 1826 ἔῦπλεκέεσσι
772 1764 933 1832 λίνοις
954 1765 1450 1844 περικυκλώσωνται
1696 1776 1745 1820 al
1766 1771 1961 1833 quaudo
1983 1772 2282 1837 bene-plexis
2303 1776 2486 1826 retibus
2505 1777 2702 1840 cingunt

101 1872 159 1909 aar>
188 1852 347 1932 φώκην
372 1854 663 1924 ἀσπαλιῆες
684 1857 739 1910 ἐν
766 1851 971 1932 ἰχθύσιν
1002 1855 1098 1911 οὒκ
1123 1853 1407 1928 ἐθέλοντες,
1496 1925 1503 1932 .
1696 1857 1900 1918 Phocum
1925 1859 2185 1921 piscatores
2209 1862 2333 1912 inter
2355 1863 2512 1926 pisces
2540 1863 2706 1927 inviti,

188 1938 239 2009 δὴ
262 1939 372 1997 τότε
392 1947 499 2006 τοῖς
520 1937 763 2020 κραιπναί
786 1963 843 1998 τε
864 1938 1015 1998 πόνοι
1038 1942 1241 2013 σπουδή
1262 1966 1318 2000 τε
1336 1942 1608 2001 καθέλκειν
1695 1947 1814 1994 tunc
1836 1959 1951 1996 sane
1978 1947 2055 1997 bis
2077 1949 2317 2012 veloxque
2337 1951 2472 2001 labor
2491 1935 2804 2016 studiumque
2821 1959 2900 2004 est
2917 1958 3216 2019 pertrahendi

190 2025 367 2084 δίκτυον
394 2030 445 2093 ἐς
468 2030 753 2109 ῥηγμῖνας,
789 2027 902 2086 ἐπεὶ
930 2027 1110 2109 φώκην
1146 2039 1411 2106 μεμαυῖαν
1696 2037 1796 2082 rete
1818 2034 1865 2082 in
1884 2034 2071 2096 littora,
2095 2037 2322 2098 quoniam
2339 2039 2544 2102 phocam
2563 2039 2798 2091 furentem

190 2116 269 2170 οὐκ
292 2111 353 2171 ἂν
378 2112 669 2195 ἐρητύσειε,
696 2114 788 2174 καὶ
816 2117 861 2173 εἰ
891 2115 1039 2192 μάλα
1065 2117 1239 2174 πολλὰ
1268 2117 1461 2198 παρείη
1627 2179 1634 2186 ‚
1697 2133 1791 2168 nun
1820 2123 2163 2184 pertraxerint,
2185 2125 2372 2175 etiamsi
2393 2126 2534 2177 valde
2553 2130 2707 2178 multa
2724 2129 2949 2180 adessent

188 2199 374 2273 δίκτυα,
400 2201 612 2282 ῥηϊδίως
634 2201 690 2260 δὲ
720 2201 808 2282 βίῃ
835 2207 886 2261 τ’
913 2203 1116 2284 ὀνύχων
1144 2209 1190 2262 θ’
1218 2205 1305 2262 ὑπ’
1331 2209 1563 2272 ἀχωχαῖς
1698 2207 1841 2268 retia,
1867 2209 2003 2259 facile
2023 2223 2134 2260 vero
2152 2211 2300 2275 vique
2313 2213 2644 2278 unguiumque
2666 2217 2945 2280 cuspidibus

104 2307 160 2346 ³85
192 2287 314 2367 ῥήξει
336 2289 381 2347 τ’
408 2287 539 2358 ἀΐξει
563 2313 621 2347 τε
650 2289 741 2348 καὶ
766 2290 978 2350 ἔσσεται
999 2289 1203 2372 ἰχθύσιν
1232 2290 1405 2372 ἄλκαρ
1698 2297 1984 2359 mmpetque
1999 2296 2308 2362 impelletque
2325 2304 2378 2350 et
2397 2300 2490 2350 erit
2517 2300 2730 2363 piscibus
2741 2305 2972 2354 auxilium

192 2377 445 2454 εἰλυμένος
458 2423 474 2450 ‚
503 2375 643 2456 μέγα
668 2377 713 2435 δ’
741 2377 899 2455 ἄλγος
924 2379 1000 2437 ἐνὶ
1032 2379 1210 2461 φρεσὶν
1236 2379 1565 2450 ἀσπαλῑήων,
1698 2382 1920 2444 inclusis,
1942 2397 2142 2447 magnus
2163 2398 2278 2436 vero
2301 2387 2436 2437 dolor
2457 2388 2505 2437 in
2525 2390 2698 2440 animis
2721 2393 3027 2454 piscatorum.

191 2464 306 2522 Ἀλλ’
331 2464 397 2536 ἤν
420 2487 511 2542 μιν
537 2462 827 2523 καθέλωσιν
856 2466 1153 2547 ὖποφθαδὸν
1178 2463 1356 2546 ἐγγύθι
1380 2468 1535 2546 γαίης
1550 2513 1567 2541 ,
1699 2472 1795 2522 sed
1813 2473 1853 2521 si
1874 2473 2031 2536 ipsum
2053 2477 2371 2537 pertraxerint
2389 2479 2724 2540 praeveniendo
2746 2494 2894 2544 prope
2909 2486 3084 2532 terram
3098 2518 3112 2543 ,

191 2551 290 2611 ἔνθα
314 2551 367 2611 δὲ
390 2553 481 2611 καὶ
508 2551 763 2633 τριόδοντι
790 2553 882 2611 καὶ
904 2553 1129 2635 ἰφθίμοις
1154 2554 1430 2635 ῥοπάλοισι
1696 2560 1763 2609 ihi
1786 2563 1837 2610 et
1856 2561 2064 2612 tridente
2083 2565 2134 2614 et
2149 2563 2324 2614 validis
2343 2566 2550 2616 fustibus

195 2639 381 2720 δούρασί
403 2665 461 2700 τε
488 2638 789 2718 στιὸαροῖσι
810 2637 1101 2719 καταΐγδην
1128 2641 1374 2709 ἐλόωντες
1697 2651 1948 2712 contisque
1965 2651 2118 2700 firmis
2139 2651 2408 2716 impetuose
2430 2655 2677 2717 pulsantes

106 2744 165 2784 m
196 2729 239 2793 ἐς
260 2728 535 2810 κροτάφους
560 2726 871 2810 πέφνουσιν·
900 2727 1016 2786 ἐπεὶ
1048 2727 1281 2810 φώκῃσιν
1311 2730 1515 2810 ὄλεθρος
1650 2747 1657 2876 Ι
1697 2737 1747 2785 in
1768 2739 1986 2800 tempora
2006 2739 2260 2800 occidunt,
2285 2742 2516 2804 quoniam
2533 2744 2700 2807 phocis
2721 2745 2942 2794 interitus

192 2813 403 2882 ὀξύτατος
428 2818 722 2898 κεφαλῆφιν
750 2813 989 2874 ἱκάνεται
1012 2817 1349 2896 οὖταμένῃσι.
1698 2825 1976 2875 celerrimus
1999 2827 2231 2888 in-capite
2253 2828 2488 2890 contingit
2509 2828 2785 2878 vulneratis.

254 2902 353 2963 Ναὶ
380 2901 483 2982 μὴν
511 2901 605 2961 καὶ
630 2903 814 2983 χέ’λυες
842 2901 987 2980 μοῦα
1012 2902 1266 2971 πολλάκις
1290 2905 1570 2963 ἀντιόωσαι
1764 2915 1909 2963 certe
1929 2914 2076 2963 etiam
2091 2915 2358 2965 testudines
2380 2916 2641 2966 admodum
2666 2930 2792 2980 saepe
2808 2922 3128 2969 occurrentes·

193 2991 329 3071 θήρην
350 2990 661 3063 λωὸήσαντο
687 2990 781 3051 καὶ
811 2990 1030 3073 ἀνδράσι
1056 2996 1214 3069 π’ῆμα
1244 2990 1472 3071 γε’νοντο.
1698 3000 2009 3062 piscationem
2027 3002 2211 3053 laedunt
2231 3006 2282 3067 et
2301 3003 2418 3053 viris
2437 3011 2778 3055 nocumentum
2803 3008 3032 3057 existunt.

192 3078 285 3145 Τὰς
306 3080 349 3137 δ’
366 3073 453 3138 οὖν
482 3079 672 3138 ἔπλετο
697 3077 891 3159 μόχθος
911 3081 1045 3137 ἑλεῖν
1076 3078 1281 3159 ῥήϊστος
1310 3080 1556 3139 ἁπάντων
1696 3090 1883 3139 Harum
1902 3103 2018 3141 vero
2033 3095 2110 3141 est
2129 3091 2267 3141 labor
2282 3092 2620 3155 capiendarum
2641 3093 2896 3143 facillimus
2913 3095 3129 3145 omnium

105 3184 161 3223 ms
194 3167 313 3247 ἀνέρι
335 3166 606 3249 θαρσαλέῳ
633 3167 725 3225 καὶ
752 3166 987 3248 ἆταρὸέα
1020 3167 1181 3245 θυμὸν
1211 3167 1384 3246 ἔχοντι
1398 3193 1409 3204 ·
1443 3243 1453 3252 .
1696 3179 1801 3228 viro
1822 3178 1996 3227 audaci
2018 3179 2069 3229 et
2091 3178 2381 3242 intrepidum
2397 3178 2611 3229 animum
2639 3180 2862 3241 habenti;

194 3256 231 3312 sl
248 3254 340 3335 γάρ
360 3280 435 3324 τις
456 3254 685 3322 καταδὺς
711 3253 945 3337 κραναὴν
973 3252 1136 3334 χέλυν
1159 3258 1215 3313 ἐν
1245 3254 1487 3335 ῥοθίοισιν
1697 3267 1741 3316 si
1762 3266 1892 3317 enim
1919 3266 2030 3330 quis
2051 3266 2246 3315 subiens
2265 3278 2482 3330 asperam
2504 3267 2794 3317 testudinem
2813 3268 2862 3318 in
2883 3268 3074 3318 fluentis

195 3339 347 3401 ὕπτιον
375 3341 707 3424 ἀνατρέψειεν
732 3342 814 3401 ἐπ’
850 3341 1123 3422 ὄστρακον,
1147 3341 1317 3401 οὐκέτι
1346 3341 1489 3413 κείνη
1697 3355 1920 3418 supinam
1939 3355 2192 3405 inverterit
2209 3355 2260 3404 in
2281 3359 2483 3416 testam,
2501 3356 2834 3418 nou-amplius
2852 3357 2958 3417 illa,

192 3429 337 3488 πολλὰ
357 3431 445 3488 καὶ
470 3428 653 3508 ἱεμένη
679 3429 895 3489 δύναται
926 3430 1085 3511 μόρον
1108 3428 1411 3498 ἐξαλεείνειν
1428 3455 1440 3465 ·
1696 3443 1837 3493 valde
1854 3442 1969 3493 licet
1989 3443 2212 3506 cupiens,
2235 3444 2396 3506 potest
2415 3446 2618 3494 mortem
2641 3444 2878 3506 effugere3

196 3515 272 3597 ὕψι
296 3518 335 3576 δ’
358 3519 624 3578 ἀναπλώει
651 3523 841 3599 κοῦφον
868 3517 1031 3577 πλόον
1057 3517 1389 3599 ἀσπαίρουσα
1696 3528 1861 3578 iri-alto
1882 3532 2044 3579 autem
2068 3532 2418 3581 sursum-natat
2436 3530 2532 3580 levi
2553 3533 2820 3590 natatione,
2842 3532 3076 3595 palpitans

104 3620 163 3659 ιω
192 3606 371 3679 ποσσὶν,
401 3607 525 3674 ἁλὸς
552 3607 789 3684 μεμαυῖα
803 3629 816 3642 ·
841 3606 1007 3684 γέλως
1034 3606 1079 3664 δ’
1109 3604 1220 3685 ἔχει
1246 3608 1585 3686 ἀγρευτῆρας.
1696 3616 1925 3679 pedibus,
1949 3630 2081 3665 mare
2102 3618 2361 3681 appetens3
2387 3617 2514 3667 risus
2532 3624 2694 3668 autem
2714 3622 2916 3682 occupat
2935 3620 3204 3682 piscatores.

194 3690 291 3763 Τὴν
320 3694 359 3753 δ’
383 3694 467 3753 ὁτὲ
496 3693 595 3771 μὲν
614 3693 835 3751 θείνουσι
861 3693 1153 3775 σιδηρείῃσι
1185 3696 1419 3773 βολῇσιν,
1693 3704 1833 3755 Illam
1852 3717 1972 3754 vero
1991 3704 2234 3755 interdum
2255 3705 2450 3769 quidem
2469 3706 2694 3755 occidunt
2711 3706 2876 3757 ferreis
2897 3708 3091 3770 ictibus,

194 3780 357 3839 ἄλλοτε
382 3782 427 3841 δ’
455 3786 509 3840 ἐν
541 3779 869 3861 βροχίδεσσιν
902 3780 1227 3861 ἀναψάμενοι
1256 3779 1584 3858 μεθέπουσιν.
1694 3791 1813 3841 alias
1832 3804 1948 3841 vero
1964 3792 2015 3841 in
2033 3792 2218 3855 laqueis
2237 3792 2481 3854 religatam
2503 3796 2874 3855 persequuntur.

193 3865 271 3933 Ὡς
293 3868 334 3926 δ’
360 3867 443 3927 ὅτε
469 3866 708 3949 νηπίαχα
736 3866 962 3948 φρονέων
990 3867 1113 3933 πάϊς
1142 3866 1489 3947 οῧρεσίφοιτον
1695 3880 1950 3937 Quomodo
1968 3882 2130 3930 autem
2150 3892 2262 3929 cum
2284 3879 2484 3943 puerilia
2501 3880 2692 3943 sapiens
2716 3893 2835 3942 puer
2853 3881 3196 3941 montigradam

192 3956 426 4037 ἀνατρέψῃ
454 3958 707 4040 τρηχεῖαν
740 3954 870 4015 ἑλὼν
899 3954 1077 4035 χέλυν,
1106 3959 1139 4026 ἡ
1170 3954 1215 4012 δ’
1239 3954 1323 4013 ἐπὶ
1350 3958 1489 4013 νῶτα
1646 3940 1892 4043 ’.ἰηνεηὶῑ
1910 3980 2128 4029 asperam
2147 3972 2338 4030 captam
2359 3966 2677 4027 testudinem,
2697 3971 2748 4015 at
2773 3968 2853 4016 illa
2877 3968 2925 4015 in
2947 3972 3132 4029 tergum

102 4060 161 4099 ιω
192 4044 445 4121 κεκλιμένη
470 4044 617 4124 μάλα
642 4042 815 4103 πολλᾶ
837 4044 1095 4103 λιλαίεται
1122 4034 1275 4110 οὖδας
1300 4041 1504 4101 ἱκέσθαι
1520 4088 1537 4115 ,
1646 4092 1652 4119 ,
1694 4055 1920 4104 inclinata
1937 4054 2076 4103 valde
2102 4054 2309 4104 multum
2334 4054 2506 4115 satagit
2526 4053 2763 4102 acl-solum
2789 4055 3060 4117 pervenire,

196 4131 325 4211 ρικνὰ
346 4134 513 4191 ποδῶν
545 4132 755 4192 σείουσα
782 4130 873 4189 καὶ
897 4129 1101 4209 ἀγκύλα
1133 4128 1361 4208 γούνατα
1375 4176 1389 4201 ,
1422 4130 1607 4212 μόχθῳ
1695 4155 1867 4203 rugosa
1887 4142 2064 4204 pedum
2085 4141 2306 4203 quatiens
2325 4144 2374 4191 et
2390 4154 2540 4190 curva
2561 4153 2744 4203 genua,
2763 4142 2926 4192 labore

190 4220 358 4279 πυκνὸν
382 4219 807 4301 ἐπασπαίρουσα,
826 4217 992 4297 γέλως
1009 4219 1053 4277 δ’
1082 4216 1191 4298 ἔχει
1220 4216 1274 4285 ὅς
1290 4241 1379 4275 κεν
1403 4217 1606 4290 ἴδηται·
1646 4196 1652 4253 3
1694 4230 1861 4278 crebro
1878 4228 2140 4291 palpitans,
2163 4228 2291 4279 risus
2309 4234 2469 4279 autem
2492 4228 2642 4279 babet
2661 4228 2882 4293 quisquis
2900 4230 3064 4280 videt:

1695 4318 1764 4366 sic
1781 4316 1912 4365 illius
1933 4328 2138 4379 congrex
2155 4316 2303 4366 maris
2320 4316 2480 4366 bellua
2507 4316 2680 4381 supina
2697 4319 2888 4370 munari

195 4304 254 4372 ὃς
274 4307 430 4380 κείνης
449 4306 710 4389 ὁμόφυλον
737 4306 859 4373 ἁλὸς
886 4306 1041 4369 δάκος
1066 4304 1247 4364 ὕπτιον
1278 4302 1422 4383 ἅλμῃ

195 4394 444 4477 ἐμφέρεται
457 4395 699 4467 λωὸητδν
714 4395 802 4453 ὑπ’
823 4392 1069 4475 ἀνδράσιν
1082 4390 1419 4473 ἶχθυὸόλοισι.
1440 4390 1604 4469 [λάων
1645 4408 1651 4471 g
1694 4407 1928 4468 portatur,
1951 4403 2171 4455 laedenda
2186 4419 2217 4454 a
2237 4406 2354 4455 vifis
2375 4405 2720 4469 piscatoribus,-

104 4498 165 4537 no
260 4484 485 4543 Πολλάκι
502 4484 547 4543 δ’
576 4484 628 4549 ἐς
653 4481 913 4565 τραφερὴν
939 4478 1301 4551 ἀνανίσσεται,
1341 4482 1399 4537 ἐκ
1432 4476 1486 4537 δὲ
1516 4482 1607 4552 βο-
1644 4476 1651 4567 Ι
1755 4496 1894 4555 Soepc
1910 4493 2093 4542 veroin
2109 4494 2286 4542 terram
2303 4493 2530 4555 emergit,
2550 4494 2636 4544 scd
2654 4490 2798 4543 radiis

195 4570 345 4639 ἠελίου
369 4571 575 4653 φολίδας
600 4568 927 4649 περιδαίεται
940 4613 958 4640 ,
987 4560 1092 4627 αῧα
1120 4566 1176 4626 δὲ
1196 4575 1319 4645 γυῖα
1644 4578 1650 4641 Ι
1695 4580 1813 4631 solis
1835 4590 2115 4644 squammas
2135 4580 2373 4642 aduritur,
2397 4581 2528 4631 sicca
2543 4594 2661 4631 vero
2681 4582 2900 4631 membra
2941 4612 2944 4615 -

198 4658 239 4721 ἐς
259 4657 428 4719 m
454 4659 651 4742 φθρὲεῑ,
680 4656 773 4728 τὴν
802 4658 849 4715 δ’
874 4653 1045 4715 Οὔκὲτῑ
1070 4655 1162 4715 καὶ
1188 4664 1449 4732 μεμαυῖαν
1644 4656 1649 4707 !
1692 4670 1744 4719 in
1762 4683 1896 4719 mare
1913 4669 2029 4731 iert,
2047 4670 2172 4719 hanc
2188 4682 2304 4719 vero
2325 4669 2674 4730 non-amplius,
2695 4669 2884 4719 etiamsi
2905 4669 3175 4730 cupientem
3189 4706 3202 4725 .

199 4748 321 4819 κῦμα
345 4746 501 4823 μέλαν
530 4746 743 4826 δέχεται
759 4788 775 4816 ,
804 4742 979 4825 φορέει
1000 4740 1058 4801 δέ
1092 4765 1180 4820 μιν
1210 4740 1302 4812 ἠδὲ
1326 4740 1554 4799 κυλίνδει
1644 4738 1649 4767 ³
1694 4756 1869 4806 fluctus
1891 4756 2024 4819 niger
2041 4755 2344 4818 aucipastas
2365 4754 2458 4804 sert
2478 4754 2608 4803 iiiam
2628 4768 2686 4804 ae
2704 4755 2854 4805 volvit

199 4829 275 4911 W
300 4833 417 4909 μάλ’
435 4832 646 4911 ἱεμένην
670 4830 858 4902 νεάτης
886 4827 1024 4897 626<-
1047 4831 1099 4888 Οἵ
1122 4829 1167 4887 δ’
1196 4827 1449 4893 ἐσιδόντες
1646 4838 1648 4843 ’
1694 4854 1925 4904 superne,
1947 4841 2088 4891 valde
2103 4841 2459 4891 desiderantem
2479 4841 2632 4891 imum
2650 4854 2810 4901 mare;
2836 4843 2887 4891 at
2904 4840 3145 4890 intuentes

108 4930 169 4971 trs
200 4918 434 4996 ἶχθυὸόλοι
458 4920 601 4998 μάλα
628 4922 744 4999 ῥεῖα
771 4916 865 4976 καὶ
894 4914 1167 4982 ἀσπασίως
1194 4914 1516 4990 ἐδάμασσαν.
1695 4928 1955 4990 piscatores
1971 4926 2194 4990 periacus
2210 4929 2261 4976 et
2281 4926 2483 4975 libenter
2502 4938 2621 4975 eam
2641 4926 2853 4975 domant.

267 5008 513 5088 Δελφίνων
534 5009 581 5066 δ’
613 5006 750 5086 ἄγρη
783 5003 879 5083 μὲν
907 5002 1222 5083 ἀπότροπος,
1251 5000 1367 5059 οὐδὲ
1396 5008 1555 5060 θεοῖσι
1643 5036 1649 5074 1
1757 5012 2046 5075 Delphinum
2064 5025 2182 5062 vero
2198 5019 2394 5082 captura
2414 5010 2758 5072 abominanda,
2783 5024 2940 5072 neque
2959 5010 3054 5061 diis

200 5102 339 5161 κεῖνος
363 5094 431 5154 ἔτ’
459 5093 772 5173 ἔμπελάσειε
798 5090 960 5172 θυτὴρ
985 5090 1154 5173 φίλος,
1184 5088 1302 5149 οὐδέ
1324 5112 1383 5146 κε
1416 5093 1606 5168 βωμῶν
1693 5100 1773 5149 ille
1791 5099 1996 5163 amplius
2013 5098 2409 5163 propinquaverit
2430 5096 2717 5149 sacrificator
2734 5097 2944 5159 amicus,
2967 5112 3123 5161 neque
3148 5111 3252 5149 aras

203 5181 397 5258 εὐαγέως
422 5182 687 5265 ψαύσειεν,
716 5178 1035 5261 ὁμωροφίους
1057 5176 1112 5236 δὲ
1142 5175 1365 5254 μιαίνει,
1641 5181 1651 5237 ὲ
1696 5190 1826 5236 caste
1842 5186 2080 5249 attigerit,
2101 5183 2464 5235 contubernales
2483 5188 2644 5236 autem
2669 5184 2866 5248 polluit,
