3767 5825
497 352 646 399 xtvt

1886 332 2347 393 PRAEFATlo:

498 483 579 526 tre
605 470 782 527 editus
811 474 920 525 erit
934 470 1173 525 deterior
1197 471 1269 523 de
1283 480 1453 543 pane
1475 480 1736 541 patema,
1777 465 1878 523 sed
1906 465 2055 524 illud
2141 466 2251 543 40)
2278 465 2537 539 437-443

2574 486 2589 522 ;
2628 466 2703 524 cf.
2734 464 2850 537 v1,
2883 466 3277 543 398-401..1-
3306 465 3421 545 41)
3458 457 3704 546 aaa-⁴493

499 558 690 635 ipsum
707 600 725 628 ,
751 558 816 615 in
833 576 952 633 quo
975 556 1151 614 cardo
1171 556 1257 613 rei
1275 556 1545 625 vertitur,
1573 554 1773 612 matris
1793 554 2057 629 ingenui·
2143 554 2217 612 de
2242 573 2349 612 suo
2384 567 2483 611 aut
2516 553 2634 612 alio
2664 554 2911 631 quodam
2950 554 3107 611 fonte
3140 554 3438 614 addidisse
3472 557 3679 616 videtur.

499 658 586 703 tas
615 644 993 703 desideratur.
1022 643 1134 702 Sed
1159 643 1318 721 quod
1345 641 1446 700 AR
1467 641 1841 719 conjecerunt
1867 664 1880 699 ε
1906 641 2063 713 ἥσσο-
2146 674 2224 688 ·-—
2254 649 2389 711 444.
2412 640 2505 699 σὺν
2524 642 2681 714 edd.,
2708 643 2761 699 ἐν
2786 662 2917 700 nos.

498 757 588 801 νας
635 731 670 801 ἢ
719 730 958 811 πατέρων
1010 731 1204 811 μητρὸς
1252 730 1484 789 τελέουσι
1532 728 1772 808 λοχείας,
1818 751 2060 809 prorsus

2228 729 2308 787 Μ.
2340 731 2601 798 450-465
2629 732 2791 789 locus
2812 743 2899 788 est
2920 730 3023 807 qui
3044 731 3118 788 ad
3136 732 3453 791 infantium
3478 754 3679 795 nasoen—
3705 774 3706 781 κ

501 819 781 879 absonum
808 833 926 897 est,
957 840 1134 897 quum
1165 820 1362 898 potius
1382 819 1734 877 contrarium
1755 860 1771 888 ‚
1796 832 1996 893 partus
2024 840 2061 873 a
2150 818 2289 875 tiam
2312 821 2592 896 pertinet,
2620 818 2789 896 cujus
2812 819 3032 895 primas
3050 819 3234 878 lineas
3252 820 3441 879 habes
3454 822 3553 895 Vl,
3574 826 3677 886 233,

501 924 754 966 matema
783 922 949 985 parte
975 915 1178 985 potior,
1223 906 1322 965 hic
1349 908 1790 966 commemorari
1831 906 2058 966 debeat.
2152 908 2375 983 ιι49-5ι
2416 908 2545 986 ipso
2576 908 2681 965 illo
2718 908 2781 966 in
2810 908 3017 983 capite.
3052 939 3125 951 —
3157 909 3293 978 452.
3326 908 3397 979 ἢν
3426 910 3525 987 μὲν
3545 913 3680 985 edd.,

500 996 588 1055 Ad
603 1016 734 1055 eum
755 1016 985 1055 sensum
1010 1016 1117 1073 ego
1138 999 1201 1055 in
1221 1016 1290 1055 eo
1305 1016 1462 1055 eram
1480 1009 1542 1054 ut
1561 996 1902 1071 refingerem
1925 1016 1939 1053 ε
1963 994 2061 1066 ἥσ·
2150 993 2233 1066 ἠδ’
2259 997 2313 1052 ἐν
2338 1016 2445 1054 nos
2460 1038 2477 1067 ,
2505 995 2663 1073 quod
2690 996 3075 1055 necessarium
3107 996 3233 1057 fuit.

505 1081 698 1155 σονεςῆ
729 1082 924 1163 μητρὸς
951 1083 1191 1163 πατέρων
1215 1084 1479 1142 τελέθουσι
1507 1084 1741 1161 λοχεῖαι,
1779 1082 1882 1141 sed
1909 1102 2065 1142 com-

507 1173 674 1231 mode
693 1174 1066 1232 memineram
1086 1192 1290 1231 vocem
1309 1174 1512 1251 λοχεῖαι
1532 1172 1634 1229 vix
1656 1170 1729 1228 de
1746 1191 1905 1229 mare
1924 1171 2063 1230 dici.

506 1261 656 1321 Hinc
676 1263 912 1340 reposui
937 1262 1305 1339 oppositione
1325 1261 1643 1319 clarissime
1662 1258 1951 1317 indicata.
1937 1281 1950 1294 ·
1976 1256 2070 1331 ἤσ-

507 1372 651 1415 σονες
674 1351 734 1408 ἐκ
761 1348 1002 1430 πατέρων
1033 1349 1229 1429 μητρὸς
1260 1348 1531 1408 θαλέθουσι
1549 1347 1797 1427 λοχείαις.

597 1440 688 1516 30)
719 1438 866 1497 386-
837 1440 1034 1516 -2389
1059 1438 1134 1497 cf.
1173 1436 1706 1512 Vl‚122·125.—
1727 1434 1844 1495 τότε
1867 1438 2066 1507 θνητῶν

508 1526 640 1585 edd.
649 1529 903 1604 ,θηητῶν
926 1546 1057 1588 nos.
1084 1560 1161 1571 —
1194 1526 1328 1585 388.
1361 1514 1586 1606 ὅπατρὶ
1601 1525 1756 1597 edd.,
1785 1515 1931 1587 οὗπ.
1962 1543 2069 1582 nos

505 1635 578 1673 ex
601 1614 827 1674 emend.
856 1613 979 1675 AR.

590 1703 696 1778 31)
739 1704 876 1778 390.
911 1701 1101 1779 Hujus
1125 1702 1432 1761 schematis
1458 1700 1907 1779 descriptionem
1946 1720 2065 1758 arn·

503 1791 751 1869 pliorem
793 1790 1039 1869 periisse
1080 1789 1312 1847 videbis
1354 1809 1430 1848 ex
1473 1784 1579 1862 VI,
1621 1789 1890 1864 329-332
1907 1832 1924 1860 ‚
1966 1790 2069 1865 qui

510 1877 670 1937 locus
699 1878 770 1937 ad
800 1878 1124 1937 doctrinam
1154 1877 1226 1935 de
1249 1878 1488 1936 fratrum
1523 1877 1895 1935 multitudine
1934 1896 2070 1955 per-

509 1965 670 2027 tinet.
701 1966 895 2037 Quare
932 1965 1105 2023 initio
1148 1962 1358 2023 ἔσσεται
1385 1965 1595 2043 scripsi
1623 1985 1734 2043 pro
1763 1962 1973 2023 ἔσσεται
2006 1964 2069 2035 δ’,

509 2055 669 2129 quod
695 2052 913 2114 habent
936 2053 1044 2111 GH
1061 2096 1078 2125 ,
1104 2065 1163 2112 et
1200 2072 1312 2132 pro
1343 2074 1462 2130 quo
1491 2053 1592 2111 An
1618 2052 1903 2111 dederunt
1924 2052 2072 2111 ἔσται

508 2140 572 2213 δ’,
591 2156 648 2199 et
671 2142 734 2200 in
750 2144 863 2201 fine
885 2143 1114 2220 ἐσαθρῶν
1136 2142 1384 2212 restitui,
1405 2142 1562 2219 quod
1583 2140 1684 2199 AR
1706 2154 2071 2200 mutaverant

510 2229 572 2287 in
593 2231 848 2310 ἐσαθρεῖν.
873 2229 1162 2289 Lacunam
1179 2226 1280 2289 hic
1296 2248 1422 2287 esse
1432 2230 1605 2288 etiam
1627 2227 1917 2301 Gronovii
1934 2243 2072 2287 nota

509 2318 704 2393 arguit
728 2319 896 2395 signo
922 2320 954 2351 '⁶
988 2331 1121 2376 ante
1144 2317 1271 2397 φάος
1298 2318 1496 2395 posito
1526 2340 1540 2375 z
1572 2320 1604 2350 '⁴‘
1635 2344 1659 2369 ι
1699 2317 1766 2375 In
1791 2316 1911 2375 MS.
1950 2317 2071 2376 baec

509 2419 647 2464 sunt
689 2425 724 2465 a
758 2425 932 2465 manu
963 2405 1243 2478 secunda,
1271 2424 1403 2481 quae
1433 2406 1614 2465 erasis
1639 2405 2071 2483 antiquioribus

509 2491 630 2551 haec
656 2492 974 2573 inscripsit.
997 2519 1022 2547 ιι

593 2582 696 2658 32)
724 2582 1005 2660 391-394.
1039 2582 1200 2639 Hanc
1223 2600 1344 2639 rem
1377 2592 1477 2639 aut
1514 2580 1586 2639 de
1610 2602 1714 2640 suo
1745 2581 1939 2654 finxit,
1974 2597 2073 2641 aut

508 2688 582 2727 ex
596 2669 713 2728 alio
733 2682 970 2729 auctore
988 2669 1234 2728 addidit.
1261 2671 1367 2745 391
1389 2666 1448 2729 'A
1457 2691 1546 2750 ρης
1559 2668 1722 2745 edd.,
1742 2665 1924 2748 Ἄρευς
1942 2691 2069 2732 nos.

589 2756 646 2815 J.
681 2757 788 2837 33)
817 2758 1098 2834 395-401.
1122 2756 1320 2816 Unum
1353 2762 1565 2837 σχῆμα,
1588 2760 1745 2835 quod
1773 2780 1975 2819 rursus
2000 2760 2071 2819 ad

509 2859 660 2905 artes
685 2845 973 2926 pertinet:
1003 2846 1079 2904 cf.
1105 2844 1207 2918 Vl,
1233 2846 1518 2907 362-365.
1543 2844 1593 2902 Τ
1598 2848 1909 2906 ranslatum
1932 2869 2071 2929 pau-

510 2934 596 2994 cis
635 2935 869 2994 mutatis
909 2936 972 2994 in
1001 2935 1056 3008 1,
1088 2937 1372 2993 321-326.
1406 2969 1484 2980 -—-
1505 2945 1637 3004 4οι.
1676 2937 1879 3017 Μοίρης
1911 2937 2071 3016 edd.,

512 3022 739 3103 Μοίραις
757 3043 864 3082 nos
890 3043 964 3083 ex
991 3024 1218 3083 emend.
1244 3030 1314 3082 A.

591 3109 665 3169 K.
695 3116 915 3178 4οα-4ι
929 3132 990 3187 9.
1020 3110 1162 3170 Tria
1185 3111 1438 3190 σχήματα
1467 3112 1602 3169 item
1634 3111 1704 3168 ad
1742 3111 1920 3187 γενεάς
1942 3131 2073 3191 per-

512 3199 784 3270 tinentia,
825 3207 1066 3275 primum
1106 3201 1377 3270 402-408
1394 3243 1409 3270 ,
1451 3200 1608 3277 quod
1637 3200 1868 3258 transiit
1903 3201 1967 3257 in
2008 3199 2071 3276 1,

515 3286 772 3357 327-333
789 3331 807 3362 ,
831 3287 1139 3346 conflatum
1161 3307 1233 3345 ex
1255 3286 1312 3345 ΙΙ
1333 3331 1349 3358 ,
1376 3288 1668 3359 342·346;
1688 3286 1798 3356 vl,
1825 3289 1939 3346 336
1960 3309 2070 3366 sq.,

514 3371 664 3432 ibid.
694 3374 808 3440 634
835 3394 997 3452 sqq.;
1021 3379 1256 3432 alterum
1290 3376 1548 3450 409-413
1569 3395 1642 3432 ex
1665 3375 1752 3445 ll,
1787 3384 1925 3448 414,
1960 3377 2071 3434 363

515 3480 604 3536 sq.
639 3460 848 3518 factum
872 3475 978 3520 est.
1005 3461 1268 3520 Transiit
1291 3463 1524 3520 mutatis
1553 3463 1904 3539 quibusdam
1925 3465 1985 3522 in
2012 3464 2072 3542 1,

516 3547 796 3616 334-338.
816 3580 898 3594 —
919 3552 1056 3617 408.
1091 3549 1392 3628 αὖχήσωσιν
1425 3550 1569 3622 GM,
1605 3550 1925 3630 αὖχήσουσιν
1950 3551 2072 3629 ed.,

513 3633 821 3706 αὖξήσουσιν
843 3636 893 3693 Η
908 3681 925 3709 ,
948 3638 1106 3714 quod
1131 3639 1342 3716 recepi.
1359 3672 1432 3683 —
1447 3641 1584 3707 413.
1612 3638 1947 3713 ἀμὸλώσσοις
1971 3641 2016 3697 δ’
2040 3639 2075 3698 ἃ

514 3721 713 3800 γυναιξὶ
731 3723 808 3796 G,
835 3725 936 3784 sed
961 3725 1305 3801 αμὸλωσσους
1325 3726 1366 3784 δ’
1393 3725 1626 3802 αγυναιξι
1649 3727 1757 3783 ΜΗ
1774 3771 1790 3799 ,
1823 3726 2075 3802 αμὸλώσ·

517 3833 634 3878 σους
663 3809 708 3868 δ’
730 3811 964 3889 αγυναιξὶ
986 3813 1046 3886 J,
1079 3811 1424 3890 ἀμὸλωσμοῖς
1443 3813 1497 3870 δὲ
1517 3813 1606 3872 ed.
1635 3833 1668 3872 e
1687 3813 1843 3891 conj.
1871 3815 1942 3886 R,
1965 3837 2075 3894 pro

517 3919 632 3978 qua
657 3899 710 3956 A
726 3903 1035 3980 proposuit
1057 3901 1378 3978 ἀμὸλούσαις
1399 3903 1445 3958 θ’
1472 3901 1506 3958 ἃ
1524 3925 1574 3979 γ.
1595 3901 1705 3960 Sed
1729 3903 1780 3960 si
1800 3903 1928 3962 cod.
1954 3924 2077 3982 spe-

516 4003 764 4060 ctamus,
791 3989 898 4048 vix
922 3991 1085 4050 aliud
1113 3991 1326 4069 poterit
1353 3992 1561 4063 latere,
1595 4011 1764 4068 quam
1789 3988 1824 4062 ἢ
1851 3991 1937 4050 διὰ
1960 3991 2074 4051 νού-

516 4099 607 4135 σου
629 4075 980 4155 Ἀμὸλωσμοῦ
1004 4077 1066 4150 θ’,
1089 4077 1122 4135 ἃ
1149 4102 1204 4155 γ.
1224 4115 1301 4125 -
1329 4079 1478 4138 Tum
1513 4081 1718 4157 Κύπρις
1736 4080 1891 4152 edd.,
1918 4082 2075 4158 quod

517 4165 588 4222 ad
612 4165 726 4222 alia
743 4166 1007 4244 turpiora
1035 4167 1186 4224 mala
1204 4168 1514 4238 alluderet,
1543 4189 1670 4244 quae
1689 4166 1786 4226 hic
1811 4189 1928 4229 non
1958 4189 2075 4228 me·

519 4266 834 4312 morantur.
857 4254 1094 4312 Rectum
1122 4252 1218 4313 hic
1247 4256 1401 4334 apud
1429 4271 1821 4335 excerptorem
1862 4256 1922 4329 1,
1964 4257 2077 4315 338

519 4342 855 4402 invenitur:
885 4341 1052 4423 φύσις.
1083 4378 1163 4388 -
1188 4344 1464 4422 Sequitur
1489 4349 1740 4402 ultimum
1771 4353 2075 4423 4ι4-4ι9,

520 4430 678 4507 quod
727 4451 798 4489 ex
827 4428 939 4503 vl,
986 4432 1262 4504 115·121,
1294 4430 1398 4490 ubi
1439 4431 1558 4508 περὶ
1595 4432 1768 4510 γάμου
1796 4434 2075 4511 exponit,

521 4537 860 4596 expressum
887 4532 990 4577 est.
1634 4557 1646 4568 ·

601 4605 670 4664 L.
696 4615 992 4684 400-449.
1017 4607 1352 4684 Sequuntur
1375 4607 1514 4667 item
1536 4617 1782 4684 quinque
1801 4609 2082 4687 σχηματα,

520 4694 744 4851 ἓνῗῖἒῖ
755 4696 1413 4852 Ξῗὲἶεέἳιῗὲῗξέἕὲἶέ
1436 4697 2084 4889 Ξδῖἷᾶυἲῗξρζῖζξιῐρῗξ.

525 4879 624 4920 rus
651 4882 806 4921 eram
833 4884 944 4943 pro
971 4883 1071 4934 eo,
1104 4865 1305 4940 quod
1289 4885 1368 4922 ιιι·
1381 4864 1514 4926 edd.
1547 4865 1760 4940 legitur
1789 4867 1855 4922 ἰδ’
1880 4869 2083 4940 ἡγητῆ-

526 4972 638 5030 ρας.
683 4949 796 5010 Sed
833 4953 1070 5029 reposui
1121 4954 1323 5011 eodem
1381 4973 1582 5012 sensus
1636 4974 1692 5030 qt
1678 4954 1794 5011 uod
1844 4955 2085 5032 propius

529 5038 783 5110 accedit,
829 5037 902 5097 ἰδὲ
933 5045 1230 5121 σμητῆρας.
1257 5076 1337 5086 -
1372 5042 1475 5119 38)
1517 5043 1782 5110 425-430
1820 5064 1833 5099 :
1863 5043 1935 5100 cs.
1975 5042 2083 5115 Vl,

531 5127 818 5206 436-439.
850 5162 927 5173 ·--
961 5127 1061 5206 39)
1109 5131 1366 5197 431-436
1402 5151 1415 5187 :
1449 5129 1523 5188 cf.
1557 5130 1660 5200 Vl,
1697 5133 1980 5208 487·490.
2007 5166 2086 5177 -

2234 1082 2302 1141 N.
2328 1085 2619 1159 466-490.
2635 1082 2783 1143 Tres
2802 1084 3003 1142 insunt
3022 1085 3241 1160 figurae,
3258 1107 3519 1164 quarum
3536 1091 3681 1167 prima

2154 1172 2227 1230 ad
2254 1186 2425 1241 artes,
2460 1171 2640 1230 altera
2670 1171 2744 1231 ad
2772 1192 2973 1240 noxas,
3004 1174 3177 1230 tertia
3204 1173 3275 1231 ad
3298 1188 3565 1251 utmsqzoe
3582 1196 3681 1255 spe-

2154 1273 2311 1319 ctare
2332 1260 2581 1320 videtur.
2608 1294 2688 1305 --
2708 1262 2781 1327 43
2808 1260 2825 1338 )
2868 1261 3155 1333 466·47ι,
3181 1282 3445 1340 quorum
3476 1264 3681 1322 similem

2156 1348 2346 1407 locum
2397 1348 2551 1427 apud
2584 1350 2977 1426 antiquiorem
3016 1368 3135 1405 non
3176 1352 3412 1411 inveni.
3468 1350 3571 1409 Hic
3600 1354 3710 1410 dno*

2154 1437 2512 1495 emendanda
2546 1450 2729 1497 erant.
2763 1438 2895 1503 468.
2942 1432 3074 1515 ὑπὲρ
3103 1440 3200 1513 γῆν
3240 1438 3403 1511 edd.,
3446 1442 3685 1518 ὖπουργσὲς

2157 1545 2281 1584 nos.
2308 1558 2381 1569 -—
2410 1527 2545 1601 469.
2570 1523 2703 1604 ἀμφὶ
2727 1522 2782 1581 δὲ
2804 1522 2991 1602 κόσμῳ
3012 1524 3168 1601 edd.,
3194 1526 3361 1603 quod
3384 1528 3525 1605 quis
3542 1529 3689 1586 delen·

2156 1613 2254 1671 dat
2274 1632 2347 1671 ex
2384 1614 2770 1673 recentiorum
2801 1612 3131 1687 linguarum
3155 1632 3303 1687 usu;
3334 1630 3567 1693 poterat
3586 1620 3682 1694 ἁμαὶ.

2157 1700 2211 1757 δὲ
2240 1703 2411 1780 πάντῃ
2427 1744 2443 1771 ,
2469 1700 2569 1759 sed
2608 1700 2889 1759 abstinuit
2909 1699 2982 1757 ab
3015 1700 3121 1759 hac
3146 1702 3566 1761 terminatione
3590 1706 3687 1761 aliis
3711 1705 3712 1719 ¹

2156 1786 2353 1865 Epicis
2376 1789 2614 1858 usitata,
2639 1807 2770 1864 quae
2788 1788 2963 1846 etiam
2985 1786 3085 1847 hic
3105 1803 3387 1865 sequente
3410 1794 3689 1849 mit-axia-

2156 1882 2257 1941 νεῑς
2286 1876 2439 1934 haud
2466 1878 2590 1934 scio
2621 1895 2694 1933 an
2723 1877 3071 1935 cumulatius
3105 1878 3383 1954 quiddam
3412 1881 3687 1938 contiueat

2156 1962 2334 2034 Quid,
2354 1964 2405 2021 si
2424 1964 2664 2040 scripsit
2678 1962 2813 2043 ἀμφὶ
2836 1961 2892 2021 δὲ
2914 1966 3103 2044 μισθῷ,
3126 1964 3411 2023 disertius
3432 1986 3689 2025 mercem·
3713 1986 3714 2001 ³

2158 2051 2381 2109 riorum
2415 2051 2627 2109 ducum
2668 2070 2851 2127 genus
2888 2052 3287 2110 indicaturus?
3314 2086 3401 2097 —
3434 2058 3545 2129 44)
3584 2064 3689 2127 45²·

2161 2146 2271 2212 477
2316 2160 2329 2198 :
2366 2136 2444 2199 cf.
2482 2138 2588 2211 vl,
2630 2142 2931 2211 613-618,
2966 2140 3121 2198 unde
3158 2148 3275 2213 472
3316 2144 3367 2207 ἐς
3392 2139 3559 2220 Ἄρεα
3580 2146 3691 2201 scri·

2158 2226 2412 2285 bendum
2468 2240 2594 2286 erat
2630 2247 2744 2305 pro
2788 2230 2839 2293 ἐς
2884 2227 3097 2307 αἰθέρα,
3127 2229 3289 2306 quod
3333 2228 3559 2287 habent
3590 2232 3689 2288 edd.

2159 2348 2238 2360 —
2267 2316 2403 2389 473.
2438 2313 2662 2374 ἐναντίον
2706 2313 2875 2395 ἄστρα
2902 2315 3063 2388 edd.,
3104 2314 3261 2393 quod
3304 2336 3437 2375 non
3464 2320 3695 2376 convenit

2160 2405 2476 2482 proximis3
2516 2402 2858 2462 ἐναντιόωντα
2896 2423 3003 2463 nos
3046 2404 3422 2481 scripsimus.
3470 2442 3545 2451 —
3592 2412 3695 2477 473.

2165 2490 2344 2571 βιώσει
2382 2512 2585 2551 sanum
2627 2491 2887 2550 arbitror
2919 2491 3031 2551 hoc
3062 2512 3235 2551 sensu
3278 2515 3295 2551 ι
3338 2497 3701 2568 viaet-esaar

2163 2581 2477 2639 secundum
2506 2581 2655 2640 illud
2684 2580 3056 2639 Homericum
3092 2599 3108 2642 ε
3138 2578 3201 2639 σὺ
3238 2580 3343 2663 γάρ
3386 2584 3453 2659 μ’
3480 2584 3696 2643 ἐὸιέιυι.

2162 2666 2346 2745 κούρη.
2372 2668 2419 2727 R
2443 2676 2592 2727 πᾶσα
2632 2666 2838 2745 βίωσις,
2862 2673 2913 2725 Α
2944 2676 3093 2726 πᾶσα
3120 2668 3304 2727 διοίσει
3330 2670 3502 2749 conj.
3526 2706 3596 2718 --
3622 2675 3695 2742 25¹,

2164 2759 2425 2832 478·490
2464 2778 2479 2813 2
2512 2755 2585 2815 cf,
2614 2754 2722 2827 vl,
2764 2755 3073 2832 499-5033
3110 2757 3345 2814 transiit
3378 2758 3699 2835 quibusdam

2162 2846 2395 2903 mutatis
2423 2845 2576 2918 inl,
2612 2846 2723 2901 306
2758 2863 2883 2922 sqq.
2872 2886 2907 2920 .,
2950 2863 3024 2902 ex
3058 2862 3176 2922 quo
3217 2841 3350 2902 loco
3380 2866 3447 2907 v.
3500 2848 3607 2903 313
3630 2846 3720 2916 liic¹

2164 2952 2398 3011 quoque
2423 2945 2557 3011 post
2586 2932 2699 2998 485
2738 2931 3110 2990 inserendum
3139 2932 3383 3009 putavi3
3420 2947 3484 2992 et
3530 2935 3701 2992 lectua

2162 3017 2261 3078 hic
2286 3021 2484 3090 fuisse,
2516 3020 2709 3096 arguit
2728 3021 2842 3088 486
2868 3019 3071 3098 εἱρκτὰς
3088 3019 3137 3076 δ’
3156 3019 3223 3076 in
3244 3019 3381 3096 Ga,
3410 3043 3591 3100 quam
3610 3043 3703 3101 p*

2164 3108 2397 3166 ticulam
2430 3121 2841 3187 expunxerunt
2867 3107 2993 3178 AR,
3032 3126 3141 3183 ego
3162 3106 3287 3184 J'am
3324 3113 3629 3170 revocavi.
3650 3145 3705 3155 —

2164 3201 2277 3271 490
2297 3195 2478 3274 πικρὸν
2502 3195 2631 3254 edd.
2640 3194 2875 3274 ,λυγρὸν
2896 3214 3027 3254 nos-

2242 3283 2313 3343 Ο.
2358 3283 2657 3359 49ι-507.
2686 3283 3023 3361 Sequuntur
3049 3298 3311 3361 quatmor
3344 3289 3707 3346 constellatio·

2163 3390 2295 3442 nes,
2322 3390 2452 3448 quae
2478 3373 2693 3450 partim
2726 3372 2799 3429 ad
2826 3385 3009 3444 artes,
3034 3373 3251 3450 partim
3272 3373 3349 3432 ad
3376 3395 3575 3435 noxas
3596 3379 3705 3434 neb

2163 3459 2357 3518 rendae
2377 3473 2533 3519 sunt.
2557 3459 2669 3517 Sed
2692 3478 3043 3536 quamquam
3065 3460 3128 3519 hi
3154 3480 3361 3521 versus
3375 3506 3392 3534 ,
3428 3466 3487 3523 si
3518 3465 3707 3540 singuli

2162 3559 2384 3624 spectes
2403 3547 2768 3624 maximeque
2787 3547 3103 3607 verborum
3125 3553 3547 3630 sermonisque
3568 3555 3705 3610 ratio-

2162 3654 2325 3708 nem,
2362 3655 2399 3693 a
2428 3635 2638 3694 ceteris
2664 3635 2839 3712 hujus
2872 3635 3011 3696 libri
3041 3637 3309 3716 partibus
3336 3641 3593 3698 minime
3620 3641 3707 3698 dif

2164 3722 2389 3795 ferunt,
2422 3737 2615 3782 tamen
2642 3723 2800 3782 duo
2782 3738 2985 3783 insunt
3006 3727 3211 3802 gravia
3240 3743 3581 3795 momenta,
3616 3749 3707 3804 qur

2161 3809 2493 3871 offendant:
2512 3811 2768 3890 primum
2789 3811 2947 3889 quod
2968 3810 3165 3872 subito
3185 3827 3515 3892 potestates
3540 3815 3709 3874 descri-

2162 3897 2381 3958 buntur
2412 3904 2467 3956 V
2464 3921 2667 3972 επεν-ιε
2714 3904 2891 3970 lovis,
2930 3903 3221 3959 Sammi‘
3188 3903 3635 3982 ωρονομοῦν-ιυν,
3658 3905 3709 3960 de

2164 3986 2379 4062 quibus
2404 3987 2733 4047 omnibus
2708 4008 2830 4065 Jam
2855 4009 3029 4066 supra
3053 3990 3119 4047 in
3146 3989 3193 4046 B
3221 3993 3575 4068 expositum
3592 4007 3707 4050 erat:

2164 4085 2316 4147 tum,
2348 4076 2506 4151 quod
2530 4096 2659 4152 quae
2682 4076 2953 4154 portendi
2978 4076 3280 4150 dicuntur,
3309 4099 3382 4137 ea
3418 4081 3553 4158 jam
3576 4099 3711 4158 supn

2164 4159 2475 4221 habuimus
2514 4185 2527 4218 :
2560 4163 2822 4221 conferas
2854 4161 3010 4222 enim
3042 4183 3173 4221 cum
3208 4164 3307 4234 46,
3344 4169 3617 4242 491-495
3640 4185 3711 4222 su·

2164 4269 2274 4328 pra
2294 4271 2351 4309 v.
2385 4250 2457 4309 56
2484 4271 2610 4328 sqq.
2634 4264 2692 4309 et
2719 4251 2965 4327 figuram
3000 4272 3066 4324 ¹7
3094 4266 3152 4310 et
3182 4253 3286 4323 ιδ,
3306 4273 3453 4311 cum
3486 4263 3585 4328 4⁴5,
3606 4257 3713 4329 3225-

2169 4339 2284 4412 498
2324 4357 2500 4417 supra
2526 4359 2587 4397 v.
2624 4339 2699 4413 39
2732 4359 2891 4416 sqq„
2922 4359 3057 4398 cum
3094 4341 3195 4412 48,
3247 4347 3541 4417 499-500
3578 4361 3711 4420 supr·

2165 4444 2225 4484 v.
2258 4427 2545 4499 116-120,
2584 4447 2713 4485 cum
2746 4436 2846 4504 49,
2874 4428 3137 4502 503-507
3168 4447 3347 4508 supra
3390 4429 3639 4506 figuram
3660 4431 3709 4486 23

2166 4525 2225 4570 et
2252 4523 2349 4583 24.
2379 4514 2530 4572 Hinc
2550 4534 2583 4573 e
2598 4513 2827 4572 duobus
2856 4515 3097 4574 alterum
3116 4515 3481 4574 sumendum
3506 4533 3621 4576 est:
3646 4535 3711 4572 a

2167 4601 2289 4660 haec
2312 4600 2563 4681 σχήματα
2588 4603 2788 4680 aliquo
2816 4603 2989 4661 modo
3029 4603 3457 4681 superioribus
3488 4607 3711 4684 adapun

2169 4692 2571 4768 erant—quod
2600 4691 2724 4750 fieri
2742 4699 2991 4768 potuisse
3020 4711 3191 4750 nemo
3214 4691 3471 4767 negabit
3490 4696 3593 4772 qui
3620 4713 3715 4748 ιιι·-

2170 4780 2407 4836 minerit
2427 4779 2533 4837 illa
2559 4779 2687 4856 ipsa
2708 4779 2878 4838 valde
2916 4780 3189 4837 lacunosa
3214 4799 3338 4838 esse
3364 4815 3489 4852 ——,
3514 4795 3573 4840 et
3598 4783 3715 4839 503-

2174 4869 2286 4941 507
2314 4881 2467 4926 certe
2498 4868 2745 4945 optime,
2776 4863 2982 4944 utpote'
3020 4868 3369 4926 feminarum
3404 4889 3515 4929 res
3554 4874 3717 4928 eonn-

2172 4969 2372 5014 nentes
2388 4999 2403 5028 ‚
2427 4969 2561 5033 post
2580 4977 2635 5014 v.
2671 4957 2742 5023 34
2764 4956 2958 5014 locum
2978 4954 3195 5014 babere
3210 4969 3537 5033 poterant3
3566 4971 3653 5015 ant
3674 4957 3714 5011 ἐς

2174 5045 2407 5122 quidem
2449 5063 2652 5102 versus
2694 5042 2766 5101 ab
2815 5057 3049 5102 auctore
3084 5057 3421 5102 ceterorum
3442 5090 3465 5118 ,
3516 5069 3637 5126 qut
3674 5067 3713 5100 ιιι

2174 5132 2287 5190 hoc
2303 5131 2459 5189 libro
2474 5133 2767 5207 leguntur,
2791 5152 2909 5190 non
2925 5132 3169 5211 profecti
3182 5145 3377 5193 erant.
3402 5134 3605 5204 Quare
3618 5155 3711 5206 ega.
