3767 5825
461 431 575 483 108

458 555 591 635 ἀέρα
605 552 694 613 καὶ
719 551 847 632 πρὸς
867 549 1021 610 αὐτὸν
1042 549 1128 607 τὸν
1150 529 1331 627 αἰθέρα
1357 547 1599 619 εὐκόλως,
1618 547 1710 607 καὶ
1734 546 1821 616 ὀξὺ
1838 547 2020 626 δεδόρ-

456 665 583 702 κασι
604 637 763 719 μέχρι
786 642 879 710 τῆς
902 641 1019 715 γῆς,
1045 633 1081 707 ἢ
1106 636 1247 715 τάχα
1276 633 1367 692 καὶ
1392 633 1455 691 δι’
1484 637 1675 706 αὐτῆς,
1700 639 1769 701 ὡς
1794 633 1928 711 μηδὲ
1959 632 2025 690 τὰ

462 730 625 809 μικρὰ
644 723 847 808 ζωῦφια
860 726 1144 796 ,λανθάνειν
1172 721 1359 789 αὐτοὺς
1376 727 1568 803 τροφῆς
1584 723 1873 804 χρῄζοντας
1887 767 1902 795 ,
1925 719 2026 781 κᾶν

462 823 507 879 εἰ
522 819 736 896 θάμνοις
759 816 1215 874 ἐπικαλύπτοιντο.
1301 812 1497 893 Ἀρνῶν
1518 811 1573 870 δὲ
1598 812 1689 871 καὶ
1712 811 1913 892 νεὸρῶν
1936 809 2027 869 καὶ

456 911 561 967 τῶν
588 904 901 987 ταχυτάτων
946 904 1168 980 λαγωῶν
1218 899 1394 982 σαρξὶν
1431 899 1677 972 ἥδονται,
1730 900 1822 958 καὶ
1844 899 2025 978 νεκρὸν

457 999 553 1057 οὐκ
579 995 643 1056 ἂν
671 993 903 1078 φάγοιεν,
936 993 981 1050 εἰ
1012 989 1087 1068 μὴ
1126 987 1251 1067 παρ’
1277 990 1450 1047 αὐτῶν
1474 1013 1525 1047 τι
1557 992 1689 1068 ζῷον
1723 988 2026 1060 ἀποκτᾶνθη

456 1081 675 1165 ληφθέν.
720 1081 810 1148 Ἐς
820 1081 875 1140 δὲ
894 1079 1080 1147 τὸταῖς
1096 1076 1263 1143 νόσοις
1283 1077 1511 1144 ἄκοςτὰς
1526 1075 1759 1157 χελώνας
1782 1075 2027 1147 ἐσθίουσι,

457 1173 549 1232 καὶ
575 1169 675 1232 ὅσα
704 1195 763 1249 γε
786 1171 859 1237 εἰς
884 1167 1065 1240 ποτὸν,
1096 1165 1309 1246 ἀπόχρη
1331 1163 1391 1224 τὸ
1419 1167 1523 1224 τῶν
1548 1163 1866 1245 θηρωμένων
1893 1153 2028 1240 αἷμα

456 1263 607 1340 ζῷων
657 1260 854 1330 αὐτοῖς,
905 1253 1043 1314 ὥστε
1083 1255 1179 1313 οὐκ
1214 1253 1278 1313 ἂν
1324 1253 1464 1334 ὕδωρ
1506 1255 1693 1313 πίοιεν.
1784 1252 1892 1314 Καὶ
1938 1253 2032 1318 τὰς

458 1348 625 1429 ἄκρας
648 1349 844 1406 οἰκοῦσι
870 1342 964 1412 τὰς
991 1345 1046 1402 ἐν
1073 1343 1181 1411 τοῖς
1204 1341 1348 1423 ὄρεσι
1370 1351 1671 1425 περιφανεῖς
1700 1367 1755 1401 τε
1778 1343 1869 1403 καὶ
1895 1345 2030 1420 ὑψη-

457 1437 579 1510 λὰς,
624 1434 727 1495 εἴτε
780 1429 1089 1504 ἅναπαύλης
1137 1430 1335 1491 δέοιντο
1374 1436 1510 1507 μετὰ
1554 1429 1737 1506 θήραν,
1780 1428 1883 1488 εἴτε
1925 1429 2030 1494 τοῖς

458 1527 655 1592 τέκνοις
700 1524 993 1597 οἰκοδομεῖν
1052 1520 1321 1601 βούλοιντο
1366 1518 1581 1590 καλιὰς,
1633 1519 1767 1578 ὥστε
1798 1517 2032 1597 ὀλιγάκις

460 1613 545 1673 ἐπὶ
569 1611 640 1672 τὰ
678 1610 836 1671 πεδία
874 1608 1120 1693 φέρεσθαι
1152 1611 1256 1666 τῶν
1298 1611 1505 1689 πετρῶν
1540 1607 1928 1686 ἀφιπτάμενοι,
1964 1602 2033 1664 τὰ

459 1699 632 1761 πολλὰ
682 1697 738 1758 δὲ
778 1699 952 1758 αὐτῶν
994 1695 1205 1776 ἐγγύθεν
1248 1697 1460 1775 βλέπειν
1486 1695 1573 1755 τὸν
1602 1696 1837 1777 οὐρανόν.
1920 1690 2030 1753 *Ην

461 1789 517 1848 δὲ
546 1793 820 1847 ἀποτεκεῖν
848 1785 969 1862 δέῃ,
1014 1784 1326 1862 κομίσαντές
1352 1808 1471 1844 τινα
1512 1784 1653 1843 λίθον
1686 1791 1802 1851 ταῖς
1828 1781 2032 1846 κοίλαις

462 1876 715 1937 ἐντιθέασι
750 1874 989 1947 καλιαῖς,
1030 1869 1120 1931 ἵνα
1156 1876 1211 1932 ἐν
1252 1875 1423 1954 καιρῷ
1458 1871 1709 1950 τίκτωσι,
1738 1873 1830 1931 καὶ
1869 1870 1945 1949 μὴ
1975 1871 2034 1930 τὸ

460 1965 763 2043 τικτόμενον
786 1962 891 2046 πρὸ
912 1967 1007 2033 τῆς
1034 1961 1177 2044 ὥρας
1206 1960 1483 2020 ἀτέλεστον
1503 1961 1689 2021 ὠθοῖτο
1712 1959 1800 2018 ὑπ’
1828 1959 2028 2039 ἰσχύος.

460 2057 544 2116 Οὗ
570 2053 675 2134 μὴν
704 2052 817 2112 ἔστι
840 2076 891 2110 τι
911 2051 1072 2134 σαφὲς
1094 2051 1219 2134 περὶ
1238 2055 1331 2108 τοῦ
1353 2050 1498 2108 λίθου
1524 2049 1710 2110 τούτου
1739 2049 2033 2128 γινώσκειν,

462 2145 580 2202 ἀλλ’
610 2145 657 2201 οἱ
681 2141 776 2220 μὲν
796 2139 954 2199 αὐτὸν
979 2138 1085 2198 ἀπὸ
1109 2143 1215 2199 τῶν
1246 2137 1569 2200 Καυκασίων
1590 2140 1745 2220 ὀρῶν,
1773 2140 1821 2197 οἱ
1842 2135 1898 2196 δὲ
1931 2136 2035 2195 ἀπὸ

462 2235 556 2304 τῆς
575 2236 665 2290 τοῦ
693 2230 928 2289 ὠκεανῶ
952 2228 1115 2307 ὄχθης
1136 2227 1266 2309 φασὶ
1288 2226 1625 2304 κομίζεσθαι,
1657 2226 1838 2286 λευκὸν
1862 2229 2034 2308 ὑπερ-

462 2323 603 2403 φυῶς
625 2319 749 2379 ὄντα
770 2316 862 2378 καὶ
897 2315 1089 2395 μεστὸν
1120 2314 1323 2374 ἔνδοθεν
1351 2315 1647 2390 πνεύματος
1662 2364 1677 2389 ,
1698 2319 1769 2381 ὡς
1790 2316 1879 2373 καὶ
1902 2305 2033 2394 ἦχον

463 2410 756 2479 ἀποτελεῖν,
770 2409 816 2466 εἰ
839 2406 1050 2465 κινοῖτο.
1122 2401 1391 2482 Τικτούσῃ
1408 2403 1453 2461 δ’
1478 2402 1625 2470 εἴτις
1654 2403 1807 2461 αὐτὸν
1827 2403 2034 2480 γυναικὶ

465 2495 770 2576 περιάψειε,
797 2492 1109 2552 ὀλισθαίνειν
1149 2491 1467 2550 διακωλύσει
1494 2491 1555 2551 τὸ
1580 2491 1784 2574 βρέφος.
1833 2491 1950 2552 Κᾶν
1981 2494 2036 2550 ἐν

463 2583 651 2657 λε’ὄητι
686 2583 1048 2664 παφλάζοντος
1080 2580 1267 2648 ὕδατος
1295 2579 1593 2662 ἐπιψαύσῃ,
1636 2580 1731 2654 τὴν
1754 2586 1845 2640 τοῦ
1874 2582 2035 2662 πυρὸς

463 2672 665 2746 νικήσει
680 2673 895 2738 πάντως
914 2669 1093 2752 ἰσχύν.
1144 2668 1253 2730 Καὶ
1270 2670 1607 2748 γνησιότητος
1628 2668 1683 2728 δὲ
1705 2672 1811 2728 τῶν
1837 2668 2037 2729 τίκνων

466 2762 617 2838 με’λει
644 2759 847 2842 σφόδρα
888 2760 1065 2825 αὐτοῖς
1084 2805 1101 2836 ,
1138 2759 1229 2819 καὶ
1268 2759 1397 2839 πρὸς
1431 2757 1716 2840 ἀνίσχοντα
1758 2758 1847 2817 τὸν
1888 2757 2036 2830 ἥλιον

464 2850 673 2930 ἐναντίᾳ
701 2847 895 2922 πτήσει
928 2846 1161 2930 κρίνουσι
1195 2845 1264 2906 τὰ
1304 2846 1551 2929 τεχθέντα
1568 2891 1583 2921 ,
1618 2845 1711 2906 καὶ
1746 2847 1807 2905 τὸ
1828 2846 2038 2919 νικηθὲν

464 2938 568 2999 ὑπὸ
596 2943 689 3011 τῆς
709 2940 875 3017 αὐγῆς
899 2934 935 3007 ἢ
963 2942 1279 3017 καταμῦσαν
1302 2938 1395 2995 οὐκ
1414 2935 1476 2995 ἂν
1500 2935 1712 3015 γνήσιον
1732 2936 2000 3014 νομισθείη
2019 2981 2038 3013 ,

464 3028 609 3087 νόθον
650 3028 728 3098 δὲ,
760 3026 850 3084 καὶ
876 3029 971 3098 τῆς
1000 3027 1187 3091 καλιᾶς
1209 3022 1567 3097 ἐξελαύνεται,
1596 3024 1687 3083 καὶ
1716 3028 1820 3082 τῶν
1863 3025 2036 3082 ἄλλων

466 3116 676 3196 ὀρνίθων
704 3104 873 3183 οἶκτος
900 3115 1043 3194 αὐτῷ
1071 3112 1265 3194 τροφὴν
1294 3121 1540 3193 χορηγεῖ,
1582 3118 1651 3179 ὡς
1686 3116 1806 3179 τοὺς
1842 3114 2037 3179 παῖδας

467 3204 672 3285 τρέφειν
696 3201 815 3267 τοὺς
857 3200 1110 3281 ὀρφανοὺς
1141 3209 1247 3267 τοῖς
1285 3204 1454 3259 αὑτῶν
1484 3204 1743 3280 περιττοῖς
1775 3202 1884 3278 (οἱ)
1925 3224 2034 3278 γει-

468 3296 706 3356 τνιῶντες
720 3288 953 3363 εἰώθασι,
965 3289 1064 3360 τήν
1082 3312 1141 3347 τε
1155 3288 1337 3355 πενίας
1358 3291 1589 3367 ἀνάγκην
1611 3288 1822 3366 ἰώμενοι
1837 3288 1928 3347 καὶ
1941 3287 2038 3359 τὴν

468 3380 653 3461 χρείαν
667 3402 681 3415 ·
704 3381 760 3435 οὗ
790 3378 895 3455 μὴν
910 3382 946 3449 ἡ
965 3378 1141 3437 τοιάδε
1163 3376 1327 3457 τροφὴ
1354 3376 1474 3446 τοὺς
1496 3378 1730 3446 νεοττούς
1756 3399 1883 3436 ποτε
1903 3378 2038 3458 ἤγα-

470 3492 557 3548 γεν
584 3469 655 3534 εἰς
676 3466 771 3536 τὴν
804 3469 909 3523 τῶν
932 3466 1175 3546 πατέρων
1201 3465 1389 3537 ἀλκήν,

552 3558 660 3618 lv.
691 3558 741 3615 Τ
744 3553 806 3621 ὰς
839 3553 1013 3633 ἅρπας
1046 3553 1101 3612 δὲ
1142 3553 1259 3613 οὐδὲ
1294 3554 1420 3611 ἰδεῖν
1455 3558 1683 3633 συνεχῶς
1704 3562 1810 3621 τοῖς
1839 3556 2012 3635 ἀνθρώ

472 3667 590 3712 ποις
637 3642 810 3701 ἔστιν·
853 3640 947 3707 τὰς
987 3642 1321 3722 τραχυτάταις
1344 3644 1445 3723 γὰρ
1476 3646 1676 3702 οἰκοῦσι
1716 3643 1914 3723 πέτρας
1937 3645 2042 3703 Ἱιαὶ

471 3737 580 3799 τοῖς
619 3734 841 3797 νεοττοῖς
880 3730 967 3788 ἐπὶ
1003 3734 1119 3796 ταῖς
1160 3732 1385 3810 ὑψηλαῖς
1436 3730 1661 3812 φάραγξι
1706 3736 1912 3790 ποιοῦσι
1947 3732 2042 3799 τὰς

474 3819 685 3893 καλιὰς,
711 3819 815 3886 τοῖς
839 3826 1089 3899 κρημνοῖς
1114 3818 1229 3877 ἀντὶ
1256 3819 1502 3897 πρέμνων
1525 3818 1561 3890 ἢ
1584 3820 1793 3877 κλάδων
1817 3820 2040 3879 ἐπικαθ-

474 3912 687 3987 ήμεναι.
772 3909 1002 3967 Φιλοῦσι
1042 3906 1097 3965 δὲ
1125 3908 1191 3965 τὰ
1220 3910 1375 3967 τέκνα
1411 3910 1684 3989 ὑπερφυῶς
1702 3952 1719 3980 ,
1750 3907 1843 3967 καὶ
1874 3910 1920 3966 εἰ
1947 3910 2040 3967 λα·

477 4000 579 4059 θών
601 4022 679 4064 τις
704 3997 945 4078 ἀγροῖκος
972 3994 1143 4076 ἅρπης
1158 3996 1363 4055 νεοττὸν
1388 3996 1754 4077 ἅποκλέψειεν,
1784 3998 2040 4079 ὑπερόψε-

474 4112 563 4147 ται
588 4084 684 4165 μὲν
708 4090 969 4165 θρηνοῦσα
991 4090 1195 4166 τροφῆς,
1224 4088 1319 4145 οὐκ
1342 4084 1711 4157 ἀποπτήσεται
1734 4083 1791 4144 δέ
1818 4108 1920 4145 που
1949 4092 2044 4159 τῆς

474 4179 662 4244 καλιᾶς
680 4220 696 4247 ,
722 4176 960 4255 ὀδυρμῶν
990 4172 1045 4233 δὲ
1067 4174 1243 4232 πάντα
1271 4174 1559 4250 ἐμπλήσει,
1596 4173 1688 4233 καὶ
1717 4176 1942 4253 γυναῖκά
1968 4172 2044 4244 τίς

476 4264 615 4325 εἴποι
640 4263 843 4344 θρηνεῖν
872 4262 963 4322 καὶ
996 4263 1235 4343 δακρύων
1276 4266 1491 4345 ἐπιρῤοῇ
1522 4262 1617 4331 τὰς
1644 4264 1867 4344 παρειὰς
1887 4269 2045 4338 αὑτῆς

478 4352 792 4422 ἐπικλύζειν.
883 4353 1100 4431 Πτερῶν
1147 4352 1203 4409 δὲ
1242 4354 1423 4421 αὐταῖς
1468 4354 1597 4411 εἰσιν
1637 4350 1695 4409 αἶ
1729 4376 1787 4411 τε
1828 4355 2045 4434 παρειαὶ

475 4443 568 4501 καὶ
601 4446 629 4500 ὁ
649 4439 904 4521 α’νθερεὼν
930 4438 1145 4517 μεστὸς,
1176 4440 1312 4498 ὥστε
1338 4464 1387 4499 τι
1411 4440 1605 4519 γένειον
1632 4440 1791 4521 μέχρι
1818 4446 1911 4511 τῆς
1932 4444 2044 4501 δει-

480 4532 572 4609 ρῆς
599 4526 967 4587 ἐπιδεικνύναι.
1054 4527 1167 4587 Καὶ
1216 4532 1371 4586 τοῦτο
1407 4535 1523 4594 ταῖς
1557 4527 1749 4609 ἅρπαις
1784 4528 1913 4588 ἴδιον
1943 4554 2043 4600 ση-

480 4618 623 4693 μεῖόν
652 4618 791 4677 ἐστιν
808 4639 821 4653 ·
862 4615 1017 4694 μόναι
1060 4615 1124 4688 δὴ
1170 4616 1383 4697 ὀρνίθων
1430 4616 1589 4683 λίθοις
1636 4616 1913 4697 τρέφονται
1955 4619 2044 4677 καὶ

479 4706 585 4771 τοῖς
607 4707 709 4763 τῶν
736 4704 908 4763 πάλαι
933 4704 1256 4777 τεθνηκότων
1286 4704 1480 4785 θηρίων
1508 4706 1732 4777 ὀστέοις,
1756 4706 1801 4762 εἰ
1826 4704 1922 4782 μὲν
1947 4728 2046 4764 κα-

483 4800 689 4851 ταπιεῖν
719 4792 984 4865 δύναιντο,
1025 4793 1191 4865 ἡδέως
1210 4794 1325 4869 ἅμα
1354 4792 1413 4853 τὸ
1440 4793 1737 4872 προστυχὸν
1760 4794 2046 4873 παραπέμ-

479 4904 704 4955 πουσαι,
756 4880 822 4939 τὰ
854 4880 1064 4959 μείζονα
1107 4881 1163 4940 δὲ
1202 4882 1301 4948 τοῖς
1327 4882 1452 4940 ποσὶ
1490 4880 1962 4955 συλλαμὸάνουσαί
1989 4908 2046 4941 τε

480 4971 571 5030 καὶ
595 4970 951 5047 ἀνιπτοίμεναι
990 4970 1082 5028 καὶ
1116 4970 1253 5029 κατὰ
1283 4974 1385 5029 τῶν
1422 4974 1624 5049 πετρῶν
1659 4973 1890 5050 ἀφιεῖσαι
1919 4974 2047 5029 πολ-

481 5056 815 5131 λάκις,ὥστε
844 5057 1182 5136 συντριὸέντα
1223 5057 1433 5119 ἐσθίειν.
1521 5057 1834 5138 Ἀῤῥωστεῑν
1872 5056 1926 5114 δὲ
1957 5060 2050 5115 αὐ-

480 5146 575 5213 τὰς
604 5149 633 5205 ὁ
664 5144 827 5221 με’λας
858 5144 1071 5223 βρωθείς
1100 5144 1396 5202 ἀποκωλύει
1422 5144 1615 5210 κισσός.

561 5234 637 5297 V.
674 5235 745 5293 Οἱ
773 5237 934 5310 γῦπες
972 5230 1027 5290 δὲ
1072 5231 1345 5311 μίγνυνται
1390 5230 1483 5309 μὲν
1520 5232 1844 5308 ἐπεμὸοίντες
1879 5232 2048 5305 ἀλλή-

1532 413 1960 475 ΔιοΝΥΣιοΥ
2003 412 2485 503 οΡΝιΘιΑκΩΝ
2531 413 2602 471 Α.

2115 554 2222 605 lent
2239 569 2394 618 eoque
2417 555 2478 604 ad
2501 557 2680 605 terram
2715 567 2894 616 usque,
2919 553 3000 602 vel
3032 552 3232 602 fortasse
3257 551 3406 600 etiam
3427 553 3564 598 trans
3581 563 3676 598 eam

2115 669 2381 728 penetrant,
2403 664 2472 716 ita
2493 669 2548 716 ut
2565 678 2628 715 ne
2651 678 2798 729 parva
2821 663 3020 728 quidem
3043 662 3330 724 animantia,
3351 661 3547 711 etiamsi
3565 662 3678 710 inter

2116 777 2310 826 ffinticoe
2319 777 2577 838 latitantia,
2589 776 2836 826 eoslatere
2851 776 3054 837 possint,
3070 787 3184 823 cum
3198 773 3350 822 fames
3363 787 3449 822 eos
3463 773 3678 822 exstimu-

2117 889 2202 938 lat.
2237 889 2550 940 Delectantur
2561 888 2740 952 agnina
2753 925 2768 950 ,
2783 887 3098 939 hinnulorum
3111 891 3160 936 et
3173 886 3546 938 celeri-imorum
3559 887 3678 948 lepo-

2117 1011 2226 1048 mm
2249 999 2426 1062 pulpis.
2493 998 2712 1048 cadaver
2731 998 2914 1048 nullum
2941 997 3212 1060 attingunt,
3229 997 3328 1046 nisi
3347 997 3474 1047 forte
3499 998 3562 1046 ab
3579 997 3680 1060 ipsis

2119 1110 2246 1174 capti
2274 1112 2325 1160 et
2346 1109 2584 1160 interfecti
2603 1109 2842 1160 animalis.
2897 1108 3190 1159 Testudines
3223 1122 3314 1173 pro
3339 1107 3680 1158 medicamento

2117 1222 2312 1270 vorant.
2338 1219 2481 1278 Quod
2498 1219 2560 1270 ad
2581 1222 2771 1283 potum,
2791 1220 2984 1284 sanguis
3001 1219 3305 1282 animalium,
3323 1233 3440 1284 quae
3455 1220 3678 1282 ceperint,

2121 1331 2193 1380 eis
2229 1329 2406 1380 sufficit
2419 1367 2434 1392 ‚
2461 1343 2639 1394 aquam
2670 1343 2792 1380 vero
2825 1343 2925 1379 non
2949 1331 3160 1392 gustant.
3225 1330 3472 1380 Montium
3497 1330 3680 1380 vertices

2121 1439 2278 1491 editos
2295 1443 2344 1490 et
2362 1440 2651 1504 conspicuos
2663 1439 2900 1502 incolunt,
2913 1440 3016 1490 sive
3031 1453 3144 1490 eum
3155 1453 3186 1490 a
3205 1441 3388 1490 venatu
3402 1439 3468 1490 ad
3487 1440 3680 1503 quietem

2122 1567 2174 1602 se
2189 1554 2447 1617 recipiunt,
2457 1553 2562 1604 sive
2569 1553 2726 1606 soboli
2741 1553 2882 1604 nidos
2891 1554 3063 1618 parant
3075 1555 3396 1616 ;etrarosane
3406 1553 3469 1604 ad
3479 1566 3680 1616 campos,

2123 1664 2324 1728 rupibus
2345 1664 2546 1728 relictis,
2563 1664 2882 1728 descendunt,
2901 1664 2988 1714 sed
3015 1667 3072 1715 ut
3096 1663 3364 1728 plurimum
3379 1678 3412 1714 e
3429 1664 3682 1727 propinquo

2122 1775 2298 1824 eoelum
2320 1775 2645 1838 prospectant.
2711 1777 2838 1825 Cum
2866 1775 3172 1840 parturiunt,
3198 1775 3412 1838 lapidun
3443 1774 3575 1824 nidis
3603 1775 3680 1822 im-

2121 1889 2337 1950 ponunt,
2361 1889 2418 1937 ut
2437 1887 2732 1950 tempestive
2751 1887 2963 1952 pariant,
2989 1901 3148 1951 neque
3161 1925 3176 1950 ‚
3207 1902 3292 1951 per
3314 1888 3416 1937 vim
3437 1889 3579 1950 pulso
3599 1889 3678 1936 fetu

2125 1999 2414 2062 immaturo,
2435 1999 2692 2050 abortiunt.
2759 2001 2867 2050 Non
2899 2003 3088 2050 constat
3107 2003 3270 2050 autem
3301 1999 3364 2050 de
3391 2000 3484 2049 hoe
3507 1999 3678 2062 lapide:

2123 2114 2237 2161 sunt
2257 2111 2342 2174 qui
2371 2112 2434 2161 de
2452 2111 2704 2162 montibus
2729 2113 2993 2173 CaucasiiS‚
3017 2112 3102 2161 alii
3125 2111 3192 2160 ab
3215 2111 3399 2162 Oceani
3419 2112 3582 2162 littom
3597 2111 3677 2174 peti

2123 2219 2338 2282 tradunt,
2367 2221 2529 2272 colore
2545 2221 2916 2284 candidissimo,
2935 2221 3112 2285 spiritu
3135 2221 3410 2285 gravidum,
3441 2223 3528 2285 qui
3555 2222 3677 2270 etiam

2125 2343 2185 2378 ex
2215 2329 2475 2392 agitatione
2515 2344 2692 2380 sonum
2734 2329 2850 2380 edit.
2918 2331 3134 2380 Feminae
3167 2331 3438 2394 praegnmti
3481 2331 3680 2392 alligatus

2125 2440 2350 2490 abortum
2396 2442 2680 2506 amolietur3
2733 2444 2956 2492 contacta
3007 2455 3135 2506 aqua
3175 2443 3228 2494 in
3285 2443 3444 2493 lebete
3487 2445 3680 2492 fervente

2125 2548 2248 2612 ignis
2269 2551 2372 2599 vim
2391 2551 2584 2614 penitus
2611 2552 2848 2602 domabit.
2873 2552 3088 2604 Maxime
3109 2553 3282 2602 emant
3309 2551 3516 2616 aquilin,
3543 2555 3592 2600 ut
3613 2565 3680 2612 ge—

2127 2658 2304 2709 nuinos
2339 2660 2485 2710 soetns
2519 2661 2678 2724 alant,
2718 2675 2871 2726 quare
2901 2662 3060 2726 pullos
3093 2662 3261 2712 volatu
3289 2662 3524 2712 adversus
3549 2663 3678 2710 solem

2127 2769 2361 2820 orientem
2385 2771 2617 2834 probant,
2639 2772 2690 2820 et
2709 2771 2862 2820 nimio
2888 2769 3134 2833 splendori
3165 2767 3422 2819 cedentem
3445 2773 3526 2818 aut
3547 2768 3680 2816 oculis

2127 2879 2467 2931 conniventem
2497 2894 2586 2945 pro
2611 2881 2777 2945 spurio
2809 2879 3032 2944 rejiciunt
3071 2879 3286 2944 nidoque
3309 2879 3509 2944 pellunt.
3537 2879 3679 2941 Ejerto
3736 2904 3737 2920 ι

2129 2990 2423 3053 reliquarum
2446 2990 2617 3041 avium
2641 2992 2970 3042 misericordia
3002 2992 3290 3042 alimentum
3309 2991 3596 3055 suppeditat,
3629 2990 3680 3036 ita
3734 3026 3735 3034 ,

2130 3103 2185 3150 ut
2205 3101 2350 3151 orbos
2373 3101 2471 3150 cibi
2496 3102 2571 3151 sui
2599 3102 2812 3165 reliquiis
2830 3102 2958 3153 alere
2985 3103 3172 3153 soleant
3193 3115 3309 3151 εγω
3334 3102 3505 3151 vicinae
3520 3138 3534 3161 ,
3555 3098 3676 3147 simul

2128 3213 2179 3261 et
2213 3226 2316 3261 suae
2351 3212 2650 3274 paupertatis
2679 3212 3030 3263 necessitudini
3069 3214 3119 3262 et
3145 3212 3394 3275 pullorum
3434 3209 3680 3271 indigentia·

2129 3324 2450 3372 occurrentes.
2473 3322 2570 3373 Sed
2606 3322 2887 3383 hujusmodi
2921 3322 3082 3373 victus
3113 3335 3366 3386 nunquam
3399 3322 3543 3385 pullis
3575 3321 3679 3367 sires
3727 3344 3729 3347 <

2131 3437 2367 3501 impertiit
2385 3438 2599 3501 paternis
2617 3437 2845 3503 {equales

2195 3566 2280 3612 lv.
2303 3566 2480 3625 Harpae
2499 3562 2774 3624 conspectui
2795 3562 3048 3610 hominum
3063 3574 3174 3609 raro
3193 3574 3248 3609 se
3269 3560 3493 3619 offerunt,
3515 3558 3678 3619 rupium

2132 3666 2506 3728 aspen-rimarum
2543 3665 2743 3726 incolae3
2782 3664 2924 3713 nidos
2951 3664 3085 3713 enim
3118 3662 3266 3726 pullis
3295 3664 3484 3711 stmunt
3521 3661 3566 3709 in
3587 3660 3680 3708 altis

2133 3770 2373 3819 montium
2403 3768 2647 3830 hiatibus;
2675 3768 2986 3832 praecipitiiS,
3015 3768 3072 3815 ut
3091 3765 3292 3827 reliquae
3321 3766 3540 3813 volucri-s
3567 3766 3680 3811 trun·

2132 3872 2204 3924 cis
2225 3886 2284 3922 ae
2303 3872 2478 3933 ramis,
2501 3871 2729 3921 insident.
2799 3871 2964 3921 Pullos
2982 3884 3146 3919 amore
3179 3870 3308 3919 miro
3333 3868 3682 3933 prosequuntm,

2133 3980 2256 4030 adeo
2273 3983 2346 4044 ut,
2379 3980 2422 4029 si
2451 3980 2562 4043 quis
2594 3979 2802 4029 rusticus
2832 3980 2993 4041 pullos
3017 3979 3182 4041 ltarpoe
3214 3978 3420 4027 latenter
3447 3976 3682 4025 surruamtus

2133 4085 2279 4135 fuerit
2291 4122 2306 4145 ,
2325 4084 2408 4134 illa
2425 4082 2598 4133 nidum
2618 4082 2862 4145 deinceps,
2883 4083 2996 4133 cibo
3013 4084 3248 4145 neglecto,
3273 4097 3370 4133 non
3389 4080 3614 4141 relinquat
3629 4078 3684 4125 in-

2133 4202 2252 4252 gens
2267 4191 2318 4239 et
2337 4188 2498 4239 locum
2525 4202 2721 4238 omnem
2744 4186 2925 4249 gemitu
2959 4186 3168 4249 lugentis
3185 4186 3343 4235 instar
3375 4183 3584 4234 mulieris
3613 4182 3684 4228 im·

2136 4293 2265 4356 pleat
2277 4295 2328 4343 et
2339 4294 2664 4355 lacrymarum
2673 4292 2866 4342 defluxu
2883 4304 3032 4354 genas
3045 4290 3424 4340 madefacientis.
3484 4286 3686 4337 vestiun-

2135 4401 2216 4449 tur
2233 4402 2396 4449 autem
2413 4400 2486 4449 eis
2501 4398 2716 4449 maxilloe
2729 4401 2779 4448 et
2797 4400 3016 4447 mentum
3035 4400 3140 4447 tam
3158 4395 3490 4459 frequentibus
3503 4392 3682 4456 plumis,

2137 4508 2190 4555 ut
2211 4504 2373 4555 barboe
2395 4505 2640 4568 quandam
2663 4502 2874 4567 speciem
2897 4502 2958 4553 ad
2978 4503 3160 4553 collum
3191 4502 3416 4553 demissae
3443 4510 3682 4562 repaesen-

2137 4612 2258 4660 tent.
2297 4612 2415 4661 Haec
2437 4624 2632 4674 quoque
2657 4608 2730 4659 eis
2756 4612 2872 4659 nota
2901 4608 3158 4672 peculiaris
3189 4612 3266 4659 est
3286 4628 3300 4657 ι
3321 4606 3557 4672 lapidibus
3581 4606 3682 4653 inter

2137 4730 2309 4765 omnes
2339 4729 2455 4765 aves
2481 4715 2598 4765 soloe
2617 4716 2881 4765 voecuntur
2907 4716 2957 4764 et
2987 4712 3175 4777 pridem
3201 4716 3502 4763 mortuorum
3525 4710 3682 4759 anima-

2137 4821 2260 4870 lium
2279 4820 2488 4871 ossibns.
2525 4819 2712 4877 Quodsi
2731 4820 2970 4883 deglutire
2988 4819 3206 4883 possint,
3232 4820 3374 4869 avide
3393 4808 3690 4881 qumlcunqnc'

2138 4928 2366 4991 obtigerit
2391 4928 2641 4991 ingerunt3
2669 4925 2853 4987 maiora
2873 4940 2992 4977 vero
3013 4924 3218 4990 pedibus
3241 4926 3530 4990 apprehensa
3559 4924 3600 4970 in
3621 4934 3685 4967 ›11-

2139 5032 2292 5082 blime
2309 5033 2530 5083 volantes
2547 5046 2632 5097 per
2650 5045 2767 5082 saxa
2783 5031 3020 5093 dejiciunt
3043 5031 3243 5095 saepius,
3263 5032 3412 5081 donec
3433 5030 3685 5091 frangantur

2143 5140 2430 5203 edendoque
2453 5140 2568 5189 sint.
2635 5139 2830 5190 Morbos
2853 5138 3030 5189 hedera
3053 5140 3186 5203 nigra
3203 5142 3364 5189 arcent
3381 5150 3584 5185 comesa.

2201 5247 2264 5295 V.
2299 5246 2528 5295 vultures
2573 5246 2742 5295 autem
2779 5258 2834 5294 se
2876 5242 3088 5295 invicem
3139 5242 3468 5295 inscendentes
3503 5244 3683 5303 coeunt,
