3767 5825
1162 347 1503 410 nloNst
1547 350 1647 406 DE
1690 343 1968 405 Avlssus
2010 346 2158 404 LlB.
2207 345 2254 403 1.

3225 349 3334 400 109

152 482 251 549 λοις,
280 475 441 554 μάτην
457 475 533 546 δὲ,
562 474 656 533 καὶ
694 474 790 532 οὐκ
830 470 894 529 ἄν
926 493 1057 529 ποτε
1092 471 1507 539 συνουσιάζοντες
1535 471 1670 528 οὕτω
1765 482 1849 532 sed
1870 484 2067 544 frustra,
2083 495 2244 544 neque
2261 495 2540 544 umquame
2557 481 2641 530 tali
2659 481 2790 530 coitu
2807 479 2983 529 liberos
3003 478 3336 540 procreabunt,

152 564 559 636 παιδοποιήσαιεν,
594 562 712 620 ἀλλ’
757 559 915 631 ἡνίκα
964 559 1028 619 ἂν
1066 561 1244 639 σχοῖεν
1272 559 1402 641 πρὸς
1446 559 1533 617 τὸν
1564 564 1667 617 τῶν

152 655 241 735 ᾠῶν
263 653 400 712 τόκον
427 649 761 722 ἐπιτηδείως,
788 648 927 707 κατὰ
950 646 1017 706 τὰ
1046 648 1199 728 θηρία
1236 648 1328 714 τὰς
1358 648 1547 725 τίγρεις
1573 647 1669 717 τὴν

152 743 255 802 αἷδὼ
275 741 393 824 πρὸς
412 741 501 800 τὸν
516 739 731 819 ζέφυρον
755 736 1173 818 ἀποστρέψαντες
1196 736 1300 795 ὑπὸ
1318 742 1384 816 τῇ
1407 740 1541 814 πνοῇ
1572 761 1669 815 γα-

154 838 359 909 μοῦνται,
388 829 480 888 καί
520 851 679 911 φασιν
721 831 949 886 ἐντεῦθεν
980 826 1151 892 αὐτοῖς
1183 826 1399 903 ταχείας
1425 816 1558 884 εἶναι
1581 827 1673 892 τὰς

150 920 259 980 κατὰ
277 921 363 991 τὴν
385 918 557 996 ὀσμὴν
592 916 923 996 ἀντιλήψεις,
952 917 997 973 εἶ
1032 915 1122 973 καὶ
1148 915 1329 996 πόῤῥω
1356 939 1457 973 που
1490 917 1673 973 τελευ-

151 1010 295 1081 τήσειέ
328 1033 377 1068 τι
412 1011 562 1088 ζῷον.
610 1005 720 1066 Καὶ
757 1003 1031 1084 ἀκόρεστοι
1072 1003 1127 1062 δὲ
1154 1009 1346 1085 τροφῆς
1386 1005 1517 1082 ὑπὲρ
1552 1003 1676 1071 τοὺς

150 1098 319 1166 λοιποὺς
341 1097 543 1163 πάντας
564 1095 729 1178 ὄρνεις
756 1094 907 1166 εἰσὶν,
940 1098 1009 1160 ὥς
1031 1094 1121 1152 καὶ
1148 1097 1394 1170 πολεμεῖν
1418 1091 1549 1170 ὑπὲρ
1578 1095 1673 1150 αὖ·

150 1191 221 1256 τῆς
239 1187 353 1266 πρὸς
366 1184 647 1260 ἀλλήλους,
672 1186 763 1243 καὶ
784 1181 877 1241 τὸν
900 1181 1048 1260 ἰσχύϊ
1066 1180 1338 1262 κρείσσονα
1357 1179 1475 1247 τοὺς
1490 1180 1678 1248 ἄλλους

152 1275 438 1352 derandum,
494 1273 591 1344 τὴν
641 1271 737 1351 μὲν
780 1275 885 1330 τῶν
934 1269 1211 1352 πτερύγων
1248 1269 1676 1350 προὸαλλόμενον

151 1365 223 1424 ἅτε
242 1366 453 1438 ἀσπίδα,
478 1366 545 1446 τῇ
568 1363 624 1422 δὲ
654 1361 771 1428 τοὺς
798 1358 1011 1427 λοιποὺς
1030 1357 1395 1419 ἀπελαύνοντα
1409 1383 1422 1396 ·
1443 1363 1493 1418 οἱ
1509 1359 1584 1432 δὲ,
1610 1358 1676 1431 ἢν

150 1454 371 1531 κορεσθεὶς
391 1445 537 1519 οὗτος
566 1449 900 1530 ἀποχωρήσῃ
917 1497 931 1520 ,
962 1452 1109 1528 κοινῇ
1146 1457 1259 1515 ταῖς
1287 1457 1500 1530 τροφαῖς
1528 1451 1678 1529 ε’φορ-

150 1546 277 1617 pam,
294 1541 471 1622 μέχρις
486 1541 551 1599 ἄν
564 1565 646 1607 τις
662 1541 833 1598 αὐτῶν
850 1535 971 1604 τοὺς
986 1536 1381 1618 ἀσθενεστέρους
1388 1536 1674 1616 ἀποδιώξῃ.

150 1630 341 1711 Ῥᾳδίως
362 1630 418 1690 δὲ
447 1629 613 1696 οὐδεὶς
636 1618 700 1686 ἂν
722 1626 863 1708 εὕροι
884 1629 1065 1704 γυπῶν
1093 1625 1281 1692 καλιάς
1295 1647 1307 1660 ·
1326 1627 1555 1703 γίνονται
1578 1625 1679 1705 γὰρ

148 1722 189 1777 ἐν
214 1719 372 1786 τόποις
391 1721 463 1784 είς
486 1716 573 1784 οὓς
601 1717 767 1776 ἐλθεῖν
798 1713 1219 1794 ἀμηχανώτατόν
1260 1716 1422 1776 ἐστιν.
1509 1718 1597 1794 Τῇ
1626 1713 1681 1772 δὲ

147 1810 231 1864 τῶν
267 1807 577 1879 τεθνηκότων
632 1803 1034 1884 ὓπερχαίροντες
1090 1803 1345 1884 δυσοδμία
1364 1848 1381 1874 ,
1434 1809 1680 1863 τοσοῦτον

147 1898 497 1974 ἀπεχθάνονται
532 1893 661 1974 πρὸς
695 1891 765 1951 τὰ
816 1892 991 1972 μύρα,
1034 1889 1170 1950 ὥστε
1209 1893 1317 1950 οὐδ’
1364 1891 1429 1951 ἂν
1466 1892 1682 1962 κτήνους

149 1983 335 2063 ἅψαιντο
359 1987 653 2058 τεθνεῶτος,
675 1981 725 2042 εἴ
744 2005 823 2050 τις
852 1983 1013 2040 αὐτοῦ
1038 1980 1135 2048 τὰς
1162 1981 1361 2061 σάρκας
1385 1981 1681 2062 ἐπαλείψειε

148 2073 285 2155 μύρῳ.

212 2165 299 2226 VI.
328 2162 581 2245 Ἱεράκων
622 2159 677 2222 δὲ
720 2159 845 2239 γένη
874 2159 1042 2220 πλείω
1068 2160 1161 2220 καὶ
1199 2161 1380 2240 ταχεῖς
1408 2158 1501 2236 μὲν
1534 2160 1683 2220 ἄλλοι

147 2252 251 2332 πρὸς
274 2255 451 2335 θήραν,
475 2255 808 2332 περιστεραῖς
832 2251 1067 2327 μάλιστα
1088 2250 1179 2309 καὶ
1198 2251 1423 2331 φάσσαις
1444 2250 1682 2330 ὀλέθριοι·

148 2344 185 2400 οἱ
208 2341 358 2412 δὲτὰς
381 2343 549 2424 ὄρνεις
575 2341 669 2409 τὰς
694 2340 947 2406 ἐλάσσους
970 2343 1223 2420 αἱροῦσιν,
1251 2339 1417 2420 ἕτεροι
1442 2339 1496 2398 δὲ
1526 2339 1683 2418 ἀργό-

150 2453 270 2489 τατοι
296 2434 383 2490 καὶ
410 2421 541 2512 πρὸς
560 2427 653 2497 τὰς
686 2427 901 2500 πτήσεις
943 2427 1185 2495 ὅκνώδεις
1201 2475 1219 2504 ,
1249 2426 1386 2486 ὥστε
1409 2429 1684 2509 τρέφεσθαι

150 2520 256 2599 παρ’
298 2519 487 2598 ἑτέρων
516 2517 710 2577 ἐθέλειν
747 2516 837 2576 καὶ
873 2515 969 2596 ὀψὲ
1000 2521 1091 2576 τοῦ
1120 2520 1305 2596 καιροῦ
1346 2515 1474 2597 πρὸς
1520 2515 1686 2594 ἄγραν

153 2611 293 2690 δρμᾷν
328 2608 419 2668 καὶ
458 2607 744 2688 βατράχοις
782 2605 1105 2665 ἐπιτίθεσθαι
1148 2605 1342 2682 μόνοις.
1429 2605 1541 2666 Καὶ
1582 2607 1688 2671 τοῖς

148 2697 403 2778 ἀνθρώποις
454 2697 499 2756 δ’
565 2695 715 2756 ἄλλοι
752 2701 1055 2755 κοινωνοῦσι
1099 2699 1195 2767 τῆς
1240 2694 1399 2772 θήρας
1416 2740 1431 2764 ,
1478 2695 1687 2772 δεσμοῖς

150 2788 187 2840 τ’
202 2786 423 2868 ἐχόμενοι
444 2785 535 2845 καὶ
558 2784 627 2844 τὰ
640 2783 918 2866 θηρώμενα
937 2788 1041 2843 τῶν
1065 2783 1253 2864 ὀρνέων
1274 2782 1549 2864 φοὸοῧντες
1562 2807 1576 2820 ·
1608 2805 1689 2842 κο-

152 2879 295 2957 ρυδοῑς
310 2880 354 2938 δ’
374 2880 505 2938 εἷσὶν
526 2869 669 2936 οὗτοι
689 2875 779 2935 καὶ
802 2873 1037 2955 χελιδόσι
1055 2871 1315 2949 πολέμιοι,
1331 2872 1421 2931 καὶ
1442 2873 1607 2952 ταύτῃ
1625 2896 1683 2951 γε

151 2964 309 3033 αὐτοὺς
336 2974 598 3045 συγγενεῖς
623 2964 687 3023 ἄν
715 2988 791 3031 τις
822 2963 957 3021 εἴποι
978 2960 1219 3040 Τηρέως.
1271 2962 1382 3023 Καὶ
1409 2960 1687 3037 apexane-

148 3076 297 3113 τουσιν
318 3056 451 3136 ὑπὲρ
467 3064 575 3112 πᾶν
600 3054 773 3135 ἕτερον
792 3052 935 3130 γένος
956 3050 1172 3129 ὀρνέων,
1203 3053 1275 3117 ὥς
1294 3050 1387 3109 καὶ
1407 3050 1687 3125 θεραπείαν

150 3148 227 3200 τοῦ
243 3143 426 3211 πάθους
441 3143 755 3203 ἐπίστασθαι
768 3164 781 3179 ·
802 3142 942 3217 γάλα
966 3142 1014 3201 δ’
1037 3139 1150 3199 ἐστὶ
1170 3138 1467 3219 θριδακίνης
1488 3141 1689 3220 ἀγρίας,

146 3230 203 3303 ἣν
226 3234 523 3311 ἀποτέμνειν
554 3235 661 3299 τοῖς
682 3230 873 3309 ἱέραξιν
894 3229 1004 3297 ἔθος
1027 3229 1159 3311 ὑπὲρ
1186 3227 1396 3295 ἰάσεως.

216 3323 336 3383 Vll.
352 3326 475 3383 Τῶν
490 3321 697 3379 ἰκτίνων
723 3318 767 3377 δ’
792 3318 939 3377 οὐδὲν
962 3316 1023 3377 ἄν
1051 3341 1128 3382 τις
1148 3316 1507 3396 ἀναιδέστερον
1529 3316 1691 3376 εἴποι·

146 3410 329 3487 ὁρμῶσι
341 3409 444 3487 γὰρ
468 3408 723 3475 πολλάκις
745 3406 838 3466 καὶ
863 3409 947 3465 ἐπ’
980 3406 1140 3473 αὐτὰς
1166 3409 1269 3465 τῶν
1288 3404 1578 3484 ἀνθρώπων
1601 3405 1695 3473 τὰς

147 3501 323 3577 χεῖρας,
348 3499 441 3559 καὶ
466 3496 819 3579 διαφθείρουσι
852 3499 956 3555 τῶν
982 3494 1313 3555 κατοικιδίων
1342 3494 1556 3575 ὀρνίθιον
1578 3493 1695 3561 τοὺς

150 3587 361 3655 νεοττοὺς
382 3586 717 3649 καὶλυπόῦσι
747 3584 982 3663 μάλιστα
1010 3583 1104 3650 τὰς
1118 3588 1389 3662 γυναῖκας.
1477 3582 1695 3665 Τίνουσι

150 3672 307 3749 μέντοι
333 3676 428 3748 τὴν
457 3672 829 3756 προσήκουσαν
859 3672 1032 3750 δίκην,
1080 3673 1199 3740 τοὺς
1242 3672 1407 3739 πόδας
1451 3674 1503 3730 ἐν
1556 3675 1696 3752 ῥητῷ

148 3785 235 3820 τινι
260 3771 347 3823 τοῦ
376 3762 519 3831 ἔτους
546 3766 714 3843 καιρῷ
744 3760 944 3843 σφόδρα
978 3761 1168 3828 ἀθλίως
1202 3764 1503 3839 ἀλγοῦντες
1545 3760 1698 3821 Φασὶ

148 3852 187 3908 δ’
208 3851 387 3919 αὖτοὺς
418 3851 554 3931 μηδὲ
581 3856 646 3932 τῇ
674 3856 788 3932 ῥοιᾷ
812 3874 937 3909 ποτε
960 3850 1306 3920 ἐπικαθῆσθαι
1329 3853 1432 3907 τῶν
1458 3848 1698 3929 δένδρων,

150 3940 267 4014 μηδὲ
290 3945 418 4021 ὁρᾷν
444 3941 637 3999 ἐθέλειν
665 3938 813 4001 αὐτό.
902 3939 1011 3999 Καὶ
1038 3938 1254 4005 ἄπιστος
1283 3938 1400 4015 μὲν,
1435 3944 1617 4018 κρατεῖ
1644 3938 1699 3994 δὲ

146 4029 283 4105 λόγος
310 4029 434 4109 περὶ
479 4030 673 4099 αὐτῶν,
717 4024 797 4086 ὅτι
828 4025 1067 4105 γαμετήν
1098 4049 1174 4092 τις
1216 4025 1501 4085 ἀποὸαλὼν
1532 4026 1696 4105 ἀνὴρ,

150 4116 391 4197 θυγατέρα
418 4116 465 4175 τ’
490 4116 545 4185 ἐξ
576 4117 738 4188 αὐτῆς
765 4115 921 4195 ἔχων,
945 4114 1115 4192 ὄνομα
1149 4114 1330 4187 Σίδην,
1354 4104 1486 4172 εἶδεν
1510 4116 1583 4181 εἷς
1606 4113 1701 4184 τὴν

148 4202 293 4283 κόρην
322 4207 571 4285 αἰσχρῶς,
600 4202 741 4264 ὥστε
762 4210 855 4264 τοῦ
882 4202 1077 4283 πατρὸς
1094 4203 1189 4273 τὴν
1218 4201 1353 4279 μίξιν
1385 4203 1584 4275 ἐκείνην
1614 4205 1698 4261 ἐκ·

146 4292 410 4351 κλίνουσαν
451 4296 529 4373 τῷ
562 4297 656 4365 τῆς
708 4294 907 4375 μητρὸς
950 4290 1140 4363 ἑαυτὴν
1196 4292 1478 4372 ἐπισφάξαι
1522 4292 1672 4373 τάφῳ
1688 4315 1701 4329 ·

148 4368 254 4438 εἶτα
286 4386 390 4440 τῶν
412 4385 563 4455 θεῶν,
590 4380 743 4463 φασὶ,
774 4380 833 4439 τὸ
861 4380 1025 4447 πάθος
1054 4380 1403 4458 ἐλεησάντων,
1432 4383 1620 4453 ἀνῆκεν
1647 4383 1704 4437 ἐκ

150 4474 229 4526 τοῦ
254 4469 473 4547 αἵματος
499 4470 561 4529 τὸ
593 4469 799 4549 δένδρον
821 4474 855 4543 ἡ
881 4476 949 4549 γῆ
967 4516 981 4542 ,
1019 4469 1107 4528 τὸν
1138 4470 1189 4528 δὲ
1222 4469 1427 4549 πατέρα
1459 4469 1705 4547 γεγονότα

152 4556 335 4617 ἰκτῖνον
349 4558 553 4641 φεύγειν
584 4558 779 4618 ἄποθέν
798 4581 927 4639 φασι
946 4558 1041 4625 τὰς
1064 4563 1155 4630 τῆς
1178 4567 1447 4639 συμφορᾶς
1478 4556 1709 4635 ὑπομνή-

151 4668 273 4719 σεις,
306 4649 399 4707 καὶ
422 4650 515 4707 οὐκ
543 4648 737 4708 ἐθέλειν
765 4650 1113 4719 ἐπικαθῆσθαι
1142 4650 1215 4726 τῶ
1237 4646 1449 4728 δένδρῳ.

222 4738 388 4797 Vlll.
432 4740 504 4798 Οἳ
542 4736 599 4796 δὲ
624 4736 787 4816 ὄρνεις
824 4738 869 4795 οἱ
902 4736 1150 4815 μέμνονες
1186 4736 1330 4813 γένος
1370 4735 1463 4811 μὲν
1483 4739 1585 4794 τῶν
1614 4758 1709 4811 με-

150 4824 413 4883 >anaim-0
460 4824 731 4885 Αἰθιόπων
770 4825 900 4895 εἶσὶ,
930 4822 1027 4895 τὴν
1064 4824 1117 4883 δὲ
1168 4825 1443 4885 Αἰθιοπίαν
1485 4826 1709 4882 καταλι-

152 4912 453 4986 πόντες,ὡς
479 4914 612 4996 πρὸς
652 4912 807 4993 γονὴν
851 4916 1025 4979 αὗτοῖς
1068 4915 1133 4972 δι’
1183 4913 1475 4993 ὑπερῧολὴν
1516 4912 1711 4993 θέρμης

151 5001 383 5081 ἅχρείαν,
420 5005 511 5063 καὶ
546 5003 665 5061 οὐδὲ
726 5002 956 5070 θέλοντες
990 5006 1041 5062 ἐν
1091 5004 1224 5082 αὐτῇ
1274 5005 1438 5061 ποιεῖν
1496 5002 1681 5066 καλιάς
1697 5024 1727 5073 ·,

154 5090 215 5145 τὰ
250 5090 357 5171 γὰρ
398 5092 475 5173 ᾠὰ
527 5094 737 5159 πάντως
778 5092 923 5159 εὐθὺς
950 5096 977 5151 ὁ
1012 5092 1155 5164 ἥλιος
1198 5092 1539 5173 καταῳλέγει·
1584 5092 1714 5169 πρὸς

154 5176 239 5236 τὸν
268 5184 461 5261 βορρᾶν
482 5182 575 5241 καὶ
609 5180 709 5254 τὴν
735 5180 954 5263 Θρᾴκην
997 5185 1254 5261 ὁρμῶσιν·
1280 5184 1350 5248 εἰς
1377 5181 1431 5239 δὲ
1464 5181 1552 5239 τὸν
1582 5180 1713 5242 Ἑλ-

1763 607 1939 644 verum
1957 593 2045 644 nbi
2082 593 2189 642 ovis
2211 591 2523 642 excludendis
2549 591 2704 654 parati
2743 592 2873 652 sunt,
2907 590 3078 640 eodem
3103 605 3199 653 quo
3226 592 3338 640 ferae

1762 703 1964 766 tigrides
1987 695 2136 753 mod'o
2149 741 2162 762 ‚
2189 703 2490 753 namralibus
2510 702 2726 752 Favonio
2744 676 2966 752 obversis
2981 739 2995 762 ,
3015 703 3164 751 vento
3186 700 3344 764 gravi-

1765 815 1970 878 dantur3
1999 814 2141 877 hinc,
2167 816 2221 864 ut
2242 813 2514 877 perhibent,
2536 813 2709 862 odores
2729 815 2953 876 prompte
2977 794 3275 875 percipiunt,
3296 816 3336 863 si

1766 925 1951 974 animal
1977 924 2232 987 quiddam,
2257 925 2448 974 etiamsi
2481 924 2666 987 procul,
2701 923 2876 973 alicubi
2906 927 3156 974 mortuum
3180 923 3332 973 fuerit.

1768 1039 1876 1084 Prae
1897 1035 2127 1085 omnibus
2143 1035 2253 1085 aliis
2275 1035 2451 1085 avibus
2464 1034 2576 1085 cibo
2591 1035 2756 1084 satiari
2781 1034 2862 1084 vix
2879 1037 3106 1097 possunt,
3125 1035 3194 1084 ita
3211 1037 3266 1085 ut
3283 1035 3344 1085 dc

1768 1159 1829 1195 eo
1848 1159 2043 1208 quoque
2061 1146 2184 1196 inter
2209 1159 2262 1195 se
2279 1145 2551 1209 decertent,
2580 1147 2725 1208 atque
2756 1145 2942 1195 viribus
2964 1149 3200 1208 praestans
3232 1146 3344 1195 reli-

1768 1271 1893 1320 quos
1921 1257 2080 1319 fuget,
2121 1227 2272 1307 altera
2301 1257 2500 1320 quidem
2535 1257 2612 1307 ala
2635 1259 2885 1319 tamquam
2917 1259 3055 1307 scuto
3089 1261 3343 1320 praetensa,

1770 1367 1923 1418 altera
1953 1383 2072 1418 vero
2103 1368 2316 1432 reliquos
2351 1369 2647 1432 propellens,
2714 1369 2778 1418 Hi
2806 1371 2994 1432 autem,
3019 1385 3133 1420 cum
3168 1371 3250 1420 ille
3268 1385 3345 1418 sa-

1769 1479 1920 1529 tiatus
1939 1479 2077 1540 abiit,
2115 1493 2288 1528 omnes
2310 1479 2458 1528 simul
2481 1480 2533 1529 in
2560 1480 2724 1529 cibum
2756 1481 2968 1541 irruunt,
2991 1480 3148 1530 donec
3173 1479 3348 1542 aliquis

1771 1603 1940 1638 eorum
1979 1591 2166 1639 ceteros
2204 1589 2458 1652 fugaverit.
2525 1591 2785 1641 vulturum
2826 1593 2991 1640 autem
3025 1589 3170 1640 nidos
3203 1603 3348 1639 nemo

1773 1699 1912 1748 facile
1932 1675 2177 1761 inveniet;
2195 1700 2320 1750 fiunt
2336 1699 2466 1749 enim
2482 1701 2533 1750 in
2547 1699 2666 1750 locis
2681 1710 2828 1762 quam
2845 1699 3057 1749 maxime
3075 1699 3344 1749 inaccessis.

1772 1810 2076 1861 Cadaverum
2102 1811 2272 1862 soetore
2289 1825 2578 1875 magnopere
2606 1811 2905 1862 delectantur
2922 1813 2972 1860 et
2989 1811 3110 1860 adeo
3129 1825 3350 1861 aversan-

1773 1932 1853 1980 tur
1875 1935 2122 1996 unguenta
2138 1971 2153 1995 ,
2173 1934 2305 1983 utne
2323 1935 2542 1982 armenta
2561 1933 2759 1995 quidem
2774 1935 2968 1983 mortua
2981 1969 2996 1995 ,
3019 1947 3228 1996 quorum
3245 1947 3347 1983 car-

1772 2064 1861 2100 nes
1878 2053 2122 2114 unguento
2142 2052 2280 2102 illitae
2301 2053 2478 2102 suerint
2491 2089 2505 2115 ,
2524 2051 2780 2114 attingant.

1840 2176 1929 2223 v1.
1955 2173 2248 2236 Accipitrum
2260 2174 2398 2237 plura
2411 2175 2603 2225 exstant
2611 2187 2807 2238 genera,
2822 2176 2968 2236 atque
2981 2175 3062 2224 alii
3077 2175 3276 2238 quidem
3291 2175 3352 2224 ad

1776 2263 2054 2313 venandum
2090 2263 2276 2313 alacres
2311 2266 2453 2325 sunt,
2481 2263 2726 2314 columbis
2756 2262 2982 2326 inprimis
3017 2264 3374 2332 palumbisque·

1777 2351 2042 2415 perniciem
2062 2352 2346 2414 inferentes,
2371 2352 2452 2401 alii
2479 2365 2598 2402 vero
2629 2351 2848 2402 minores
2863 2367 2978 2402 aves
3001 2354 3234 2416 perdunt,
3271 2353 3352 2402 alii

1778 2454 1924 2503 porro
1947 2441 2070 2490 adeo
2102 2440 2264 2504 ignavi
2290 2443 2340 2490 et
2368 2439 2432 2490 ad
2451 2441 2718 2491 volandum
2748 2441 2873 2504 pigri
2912 2445 3054 2504 sunt,
3091 2444 3146 2491 ut
3168 2443 3230 2491 ab
3248 2442 3356 2491 aliis

1780 2530 1951 2579 nutriri
1979 2530 2154 2579 malint
2177 2533 2227 2579 et
2251 2529 2576 2584 sero.tandem
2595 2532 2832 2580 venatum
2852 2530 3054 2593 profecti
3085 2545 3225 2580 ranas
3247 2534 3355 2580 tan-

1778 2620 1886 2667 tum
1899 2619 2237 2680 aggrediantur
2251 2636 2265 2681 ;
2277 2617 2357 2668 alii
2369 2618 2590 2680 tandem,
2605 2619 2782 2668 t'oedere
2797 2633 2911 2668 cum
2923 2619 3204 2668 hominibus
3215 2618 3355 2680 inito,

1780 2707 2026 2757 venationi
2046 2707 2267 2768 student,
2297 2707 2510 2756 vinculis
2531 2707 2757 2770 impediti
2777 2707 3044 2770 avibusque
3061 2721 3182 2770 quas
3205 2707 3358 2756 bomi-

1782 2809 1865 2846 nes
1892 2797 2135 2844 venantur
2155 2799 2343 2845 metum
2363 2796 2680 2855 incutientes3
2704 2794 2754 2844 hi
2775 2799 2939 2845 autem
2963 2796 3144 2858 saepius
3157 2795 3358 2845 alaudas

1780 2887 1831 2935 et
1862 2883 2148 2935 hirundines
2187 2883 2446 2948 infestant3
2488 2883 2808 2947 quamobrem
2845 2885 3076 2947 cognatos
3097 2887 3249 2935 Tereo
3277 2899 3360 2934 eos

1780 2973 1980 3024 dixeris».
2043 2973 2308 3024 Oculorum
2344 2974 2626 3023 hebetudini
2659 2988 2760 3037 pra}
2783 2974 3011 3024 omnibus
3049 2974 3158 3023 aliis
3188 2975 3360 3023 avibus

1782 3064 1849 3113 ita
1874 3063 2075 3113 obnoxii
2098 3066 2242 3125 sunt,
2275 3065 2331 3113 ut
2363 3062 2512 3113 etiam
2543 3064 2846 3113 curationem
2883 3063 3030 3125 hujus
3058 3064 3361 3126 aegritudinis

1786 3153 2015 3203 noverint
2041 3172 2051 3201 ε
2074 3153 2280 3203 laetucae
2302 3166 2478 3215 nempe
2505 3152 2736 3215 agrestiS,
2761 3166 2912 3216 quam
2933 3152 3190 3203 medicinae
3209 3154 3360 3215 gratia

1784 3242 2056 3293 rescindere
2074 3234 2250 3301 solent,
2277 3242 2522 3305 liquorem
2541 3240 2767 3291 lacteum.

1846 3332 2388 3395 V11.lmpudentissimi
2408 3331 2628 3381 omnium
2642 3330 2786 3380 milvi
2801 3335 2936 3393 sunt,
2957 3332 3042 3394 qui
3063 3332 3210 3381 ctiam
3232 3346 3362 3395 saepe

1786 3436 1848 3485 ad
1874 3436 2130 3485 hominum
2145 3448 2318 3485 manus
2343 3435 2598 3499 provolant
2629 3434 3018 3498 gallinarumque
3040 3434 3362 3485 cohortalium

1788 3541 1948 3630 pullos
1966 3540 2196 3589 occidunt
2222 3542 2274 3589 et
2295 3539 2523 3589 mulieres
2545 3538 2772 3602 inprimis
2789 3552 2998 3589 moerore
3018 3539 3260 3601 afficiunt3
3285 3539 3362 3599 ju·

1789 3646 1888 3693 stas
1906 3646 2070 3693 tamen
2090 3657 2255 3706 poenas
2275 3644 2437 3707 luunt,
2458 3656 2570 3693 cum
2584 3644 2716 3693 certo
2731 3642 2846 3693 anni
2863 3645 3083 3705 tempore
3101 3642 3364 3691 immanem

1788 3747 1993 3811 pedibus
2032 3747 2250 3797 dolorem
2273 3748 2540 3811 patiuntur.
2607 3748 2740 3796 Inter
2756 3760 2928 3796 omnes
2956 3746 3155 3795 arbores
3177 3746 3366 3807 punicae

1790 3852 1920 3901 malo
1939 3865 2206 3915 numquam
2229 3864 2313 3901 eos
2337 3850 2549 3900 insidere
2566 3830 2729 3900 ferunt
2749 3853 2799 3901 et
2817 3864 2878 3900 ue
2897 3852 3147 3913 aspectum
3171 3848 3367 3911 quidem

1790 3957 1896 4018 eius
1936 3954 2198 4005 sustinere.
2261 3955 2437 4002 Fertur
2485 3953 2648 4001 autem
2664 3989 2678 4013 ,
2723 3952 2764 4000 si
2797 3950 2995 4000 credere
3029 3934 3230 4011 dignum
3267 3952 3337 3998 est
3352 3986 3366 4009 ‚

1792 4058 1953 4107 virum
1971 4056 2233 4119 quendam,
2249 4054 2428 4105 amissa
2443 4067 2598 4103 uxore
2610 4090 2624 4116 ,
2645 4067 2704 4103 ex
2719 4066 2819 4115 qua
2835 4052 2982 4101 tiliam
3003 4052 3202 4101 nomine
3225 4050 3370 4099 Sidon

1793 4163 2098 4225 susceperat,
2119 4159 2337 4210 libidinis
2356 4158 2534 4207 affectu
2554 4157 2602 4205 in
2621 4156 2771 4205 filiam
2801 4157 3056 4216 exarsisse,
3075 4156 3208 4203 illam
3233 4167 3368 4213 vero,

1794 4272 1857 4308 ne
1878 4272 1908 4307 a
1937 4260 2134 4321 parente
2164 4255 2595 4315 contaminaretur,
2625 4268 2771 4317 super
2803 4256 3022 4302 materno
3045 4251 3236 4301 tumulo
3267 4262 3372 4299 sese

1791 4356 2058 4420 jugulasse,
2091 4358 2256 4419 postea
2281 4368 2416 4418 vero,
2437 4354 2533 4403 diis
2555 4354 2686 4401 hunc
2710 4366 2878 4402 casum
2900 4349 3169 4413 miseratis,
3193 4352 3371 4401 terram

1796 4456 1859 4505 de
1901 4454 2130 4517 sanguine
2163 4454 2389 4503 arborem
2425 4450 2740 4516 produxisse,
2766 4452 2816 4500 et
2837 4452 3024 4513 patrem
3061 4451 3302 4498 mutatum
3322 4450 3372 4498 in

1798 4553 2007 4603 milvum
2032 4552 2324 4602 calamitatis
2344 4566 2450 4601 snm
2481 4552 2798 4600 monumenta
2828 4548 2994 4611 procul
3013 4546 3233 4609 refugere
3248 4584 3263 4609 ,
3286 4560 3374 4597 nec

1800 4652 2009 4701 insidere
2025 4650 2144 4700 huic
2165 4650 2324 4700 arbori
2343 4650 2484 4699 velle.

1862 4752 2003 4797 Vlll.
2051 4751 2334 4797 Memnones
2368 4760 2484 4797 aves
2513 4758 2665 4809 genus
2702 4758 2730 4794 a
2764 4744 3036 4808 nigerrimis
3071 4743 3378 4807 AEthiopibus

1802 4863 1990 4912 ducunt
2005 4880 2019 4921 ;
2035 4861 2116 4911 sed
2142 4860 2383 4922 :Ethiopia
2399 4859 2582 4921 relicta,
2603 4861 2656 4907 ut
2674 4872 2784 4921 quae
2803 4856 2956 4906 nimio
2973 4856 3132 4905 calore
3155 4856 3376 4905 (mimam

1803 4972 2064 5036 impediat,
2090 4985 2150 5021 ne
2165 4970 2306 5021 nidos
2324 4970 2524 5033 quidem
2555 4970 2604 5018 in
2627 4984 2686 5020 ea
2701 4972 2887 5019 struere
2917 4968 3107 5029 volunt,
3129 4968 3146 5028 (
3159 4966 3230 5016 sol
3247 4966 3375 5014 onim

1805 5085 1968 5134 statim
1989 5098 2084 5133 ova
2107 5085 2272 5135 omnia
2291 5084 2535 5134 comburit
2555 5086 2570 5143 )
2587 5086 2634 5132 et
2659 5084 2944 5147 Aquilonem
2966 5094 3136 5131 versus
3155 5094 3209 5129 ac
3227 5080 3378 5127 ‘l'hra-

1806 5198 1932 5248 ciam
1967 5202 2198 5249 feriuntur.
2265 5200 2387 5247 Cum
2413 5200 2576 5248 autem
2611 5196 2670 5247 ad
2716 5198 3084 5259 Hellespontum
3115 5198 3164 5244 et
3187 5190 3378 5253 'ri-ojani

3133 5292 3194 5329 u.
