3767 5825
525 285 673 361 xm
1880 282 2313 343 PRAEFATJO.

621 413 901 485 Deinde
955 413 1311 486 beneficio
1360 414 1756 501 Poesclzh'i,
1818 438 2036 509 quem
2088 438 2302 510 supra
2365 414 2690 501 laudavi,
2756 416 2998 511 accepi
3061 414 3644 485 accuratissimam

524 544 989 619 collationem
1018 546 1317 631 codiciS,
1352 572 1500 643 quo
1536 547 1683 641 jam
1730 571 1902 615 usus
1939 561 2047 615 est
2089 545 2527 633 BrunckiuS,

601 831 853 892 vindob.
884 835 950 891 31
968 852 991 888 ι
1024 830 1255 911 (Coesar
1276 830 1515 887 Vindob.
1532 831 1652 889 sive
1669 828 1854 907 ἀει).
1883 828 2244 900 continetur,
2275 844 2486 907 praeter
2512 830 2656 888 alios
2675 830 3017 907 scriptores,
3042 828 3178 888 inde
3201 849 3236 887 a
3259 829 3360 888 fol.
3379 830 3452 885 62
3472 830 3650 887 incerti

523 943 775 999 auctoris
795 937 1121 996 observatio
1150 934 1272 1018 περὶ
1290 935 1517 1017 Δωρίδος
1541 934 1828 993 διαλέκτου.
1856 932 1924 993 Ἢ
1959 933 2129 1013 Δωρὶς
2156 932 2420 1001 διάλεκτος
2445 940 2480 1007 ἡ
2512 934 2616 993 ἀπὸ
2647 934 2828 1016 Δώρου
2853 940 2946 993 τοῦ
2969 932 3231 1005 Ἕλληνος
3258 934 3393 992 οὕτω
3421 936 3651 1005 κληθεῖσα

522 1046 634 1104 κτλ.
669 1043 812 1101 Inde
846 1062 877 1099 a
907 1041 1005 1099 fol.
1035 1043 1109 1099 63
1138 1036 1359 1119 Μόσχου
1390 1038 1446 1123 [ἢ
1476 1062 1507 1097 a
1532 1060 1643 1099 sec.
1670 1060 1742 1097 m.
1772 1040 2081 1117 suprascr]
2119 1039 2406 1121 Θεοκρίτου
2439 1039 2759 1100 Σικελιώτου
2782 1037 3136 1121 ’ἐπιτάφιος
3179 1038 3442 1112 Βίωνος,
3469 1042 3598 1097 inde
3627 1061 3648 1095 a

532 1150 617 1207 tot.
646 1150 719 1207 66
742 1153 833 1206 τοῦ
862 1148 1019 1205 αὐτοῦ
1044 1145 1264 1225 Μόσχου
1298 1144 1571 1204 σικελιώτο
1598 1144 1727 1225 (sic)
1757 1142 2042 1224 Εὐρώπη
2079 1151 2114 1217 ἡ
2149 1147 2296 1227 παρὰ
2330 1146 2450 1213 Διὸς
2475 1146 2802 1227 ἁρπαγεῖσα,
2828 1146 2960 1204 inde
2991 1166 3024 1204 a
3058 1146 3154 1204 fol.
3182 1167 3247 1218 7¹
3286 1144 3494 1223 Ἔρως
3526 1148 3653 1227 δρα-

522 1252 752 1325 πέτης,
788 1252 923 1310 inde
963 1272 997 1309 a
1036 1252 1133 1310 fot.
1162 1271 1236 1324 7²
1274 1248 1579 1331 Μέγαρα,
1628 1251 1687 1307 in
1727 1250 1891 1326 cujus
1926 1246 2194 1305 carminis
2217 1269 2275 1307 v.
2319 1252 2382 1305 31
2426 1248 2638 1305 desinit
2674 1248 2858 1306 codex
2894 1250 3092 1307 relicto
3129 1252 3339 1325 exiguo
3375 1250 3564 1325 spatio
3605 1251 3648 1305 in

520 1360 716 1417 eadem
746 1360 974 1436 pagina,
1002 1376 1173 1433 quam
1203 1368 1325 1413 tum
1354 1367 1675 1432 sequuntur
1702 1354 1820 1411 duo
1849 1354 1988 1412 folia
2014 1356 2236 1429 integra
2259 1398 2272 1424 ,
2302 1355 2359 1409 in
2396 1353 2608 1430 quibus
2642 1354 2785 1412 nihil
2823 1356 3102 1431 scriptum
3137 1367 3240 1411 est.
3275 1356 3543 1413 Ceterum
3575 1355 3653 1410 hic

519 1464 702 1522 codex
734 1490 757 1514 α
779 1476 866 1521 est
895 1461 1363 1521 membranaceus
1390 1460 1846 1537 elegantissimus
1863 1460 1924 1517 in
1947 1470 2157 1537 quarto
2184 1470 2520 1535 constatque
2544 1480 2612 1515 ex
2651 1460 2800 1517 sotiis
2831 1461 3192 1539 septuaginta
3218 1473 3438 1538 septem
3462 1504 3478 1531 ,
3515 1475 3566 1518 et
3593 1462 3652 1518 ad

517 1574 545 1626 J
551 1588 799 1625 oannem
818 1565 1167 1627 sambucum
1200 1566 1339 1623 olim
1366 1564 1665 1643 pertinuit.
1690 1590 1715 1615 ι
1738 1566 1952 1622 Nessel.

614 1878 763 1967 Ego
804 1872 999 1971 apud
1035 1872 1171 1943 hos
1202 1897 1501 1968 quoque
1534 1886 1781 1968 poetas
1812 1872 1998 1941 sicut
2032 1871 2228 1968 apud
2259 1871 2720 1943 Theocritum
2756 1874 3019 1943 retinui
3058 1872 3228 1967 sigla
3259 1872 3658 1943 Gaissordii.

517 2010 690 2075 Nam
723 2005 891 2076 talia
947 2019 1219 2075 mutare
1282 2003 1488 2074 facile
1548 2002 1768 2093 efficit
1819 2002 2348 2072 confusionem.
2387 2006 2564 2074 Cum
2605 2003 2719 2073 his
2757 2003 3119 2093 subsidiiS,
3169 2004 3326 2100 quae
3363 2029 3452 2074 ex
3503 2020 3658 2073 anti·

517 2137 804 2235 graphis
830 2136 1331 2234 suppetebant,
1364 2136 1710 2229 conjunxi
1740 2151 2013 2205 veteres
2039 2138 2617 2232 recentioresque
2641 2136 3015 2224 editioneS,
3049 2137 3120 2206 in
3151 2136 3421 2232 quibus
3445 2153 3661 2234 poetae

518 2269 831 2341 bucolici
888 2272 997 2341 vel
1059 2270 1507 2364 conjunctim
1554 2269 1664 2339 vel
1730 2270 2107 2365 separatim
2171 2270 2411 2339 emissi
2473 2285 2664 2339 sunt.
2714 2274 2812 2339 Ex
2861 2271 2943 2339 iis
2983 2271 3056 2340 in
3113 2270 3382 2366 quibus
3435 2273 3561 2341 Bio
3601 2286 3659 2339 et

523 2402 865 2473 Moschus
902 2404 1199 2473 seorsim
1238 2401 1706 2497 prodierunt,
1745 2400 2125 2471 consulere
2160 2404 2368 2497 potui
2402 2401 2755 2472 editiones
2807 2404 3339 2498 Longopetraei,
3383 2403 3660 2473 Schwe-

518 2534 715 2623 belii,
765 2535 1099 2621 Heskini,
1150 2534 1483 2620 Schie'rii,
1548 2534 1873 2622 Harlesii,
1926 2533 2316 2623 Teucheri,
2365 2538 2476 2603 Fr.
2523 2533 2871 2621 Jacobsii,
2913 2534 3406 2623 Wakefieldii,
3469 2540 3662 2603 Man-

518 2669 739 2739 sonis.

613 2804 833 2871 Porro
862 2823 1091 2895 quum
1143 2798 1433 2869 Casellis
1484 2799 1556 2867 in
1590 2811 1954 2867 conventu
1992 2795 2532 2894 philologorum
2569 2795 2964 2894 aliquando
3021 2822 3188 2869 cum
3237 2798 3534 2897 Bergkio
3568 2798 3664 2867 lo-

516 2958 774 3030 querer
807 2931 897 3002 de
934 2931 1157 3001 Bione
1196 2945 1267 3000 et
1302 2929 1645 3020 MoschO,
1688 2954 2002 3026 eumque
2042 2929 2560 3000 humanissime
2595 2932 3152 3025 interrogarem,
3195 2957 3375 3000 num
3417 2947 3671 3028 praeter

516 3063 1057 3136 emendationes
1091 3062 1181 3134 ab
1233 3065 1386 3159 ipso
1427 3062 1569 3156 jam
1613 3063 1686 3131 in
1733 3062 2055 3133 medium
2104 3063 2414 3159 prolatas
2457 3062 2730 3159 aliquid
2771 3064 2844 3132 in
2899 3065 3183 3134 scriniis
3219 3065 3468 3135 adhuc
3513 3066 3670 3134 reti-

518 3210 719 3267 neret
758 3222 775 3264 z
826 3195 944 3264 ille
980 3196 1090 3265 vir
1128 3195 1358 3265 alacer
1404 3210 1485 3264 ut
1521 3211 1628 3265 est
1666 3210 1736 3265 et
1779 3211 2166 3292 promptus
2203 3196 2295 3266 ad
2337 3195 2918 3266 studia'aliorum
2961 3197 3277 3292 juvanda
3322 3199 3512 3267 mihi
3555 3221 3672 3266 sua

518 3343 779 3425 sponte
816 3329 1185 3424 promisit,
1226 3353 1301 3396 se
1342 3327 1620 3423 aliquot
1665 3327 2206 3398 observationes
2247 3353 2398 3398 esse
2460 3353 2740 3398 mecum
2803 3331 3551 3400 communicaturum.
3597 3335 3674 3398 Et

516 3459 760 3557 paullo
788 3474 953 3555 post
984 3457 1075 3528 ad
1107 3483 1221 3528 me
1246 3458 1440 3530 misit
1465 3483 1594 3554 per
1622 3459 1998 3555 epistolam
2027 3461 2334 3554 egregias
2367 3459 2715 3555 quasdam
2747 3441 3329 3549 eme-ndationeS,
3361 3488 3677 3558 quarum

517 3593 688 3663 alias
722 3592 794 3661 in
852 3589 1187 3660 ordinem
1224 3589 1611 3659 verborum
1669 3592 1902 3686 recepi
1956 3591 2112 3686 (Bio
2155 3597 2206 3661 l.
2253 3617 2372 3660 21.
2427 3593 2540 3661 26.
2583 3589 2698 3688 57.
2751 3593 3022 3663 Mosch.
3079 3599 3134 3663 Ι.
3188 3595 3341 3688 ιο),
3385 3597 3570 3665 alias
3614 3596 3678 3664 in

517 3724 983 3795 adnotatione
1031 3721 1381 3809 indicavi3
1434 3719 1989 3818 nonnumquam
2021 3748 2189 3793 vero
2229 3725 2440 3793 etiam
2484 3724 2852 3820 BergkiuS,
2909 3750 3085 3820 quae-
3109 3740 3214 3795 est
3239 3725 3398 3820 ejus
3451 3727 3676 3796 admi-

520 3854 740 3925 randa
784 3854 1162 3948 sagacitaS,
1206 3853 1280 3922 in
1316 3853 1641 3924 eamdem
1701 3878 1870 3923 cum
1923 3854 2081 3923 aliis
2135 3854 2390 3925 incidit
2433 3831 2883 3926 sententiam.
2934 3861 3181 3953 Itaque
3241 3857 3489 3928 facere
3541 3884 3684 3927 non

521 4011 859 4084 possum,
898 3987 1075 4081 quin
1122 3985 1280 4056 viro
1330 3985 1704 4055 excellenti
1756 3977 1891 4090 pro
1934 3985 2077 4056 hoc
2124 3987 2386 4078 insigni
2443 3987 2962 4060 benevolentiae
3009 3988 3511 4078 documentO,
3551 4015 3688 4087 qua

520 4145 750 4191 meam
797 4117 1186 4189 editionem
1223 4118 1506 4187 ornavit
1530 4169 1548 4204 ,
1588 4143 1808 4213 quam
1848 4118 2186 4188 maximas
2215 4143 2416 4212 agam
2459 4121 2738 4214 gratias.

614 4251 946 4347 Denique
981 4249 1233 4343 ingrati
1266 4272 1491 4318 essem
1536 4249 1802 4336 animi,
1832 4250 1890 4319 si
1935 4251 2478 4346 praetermittere
2515 4275 2796 4347 possem
2839 4251 3168 4339 silentio,
3221 4253 3410 4324 mihi
3450 4256 3553 4326 de
3599 4281 3696 4325 se-

520 4387 723 4457 lectis
778 4383 1011 4454 Bionis
1074 4379 1497 4476 Moschique
1552 4380 1730 4450 locis
1786 4382 2293 4452 suavissimum
2347 4383 2817 4479 epistolarum
2882 4387 3408 4456 commercium
3478 4389 3698 4458 fuisse

522 4542 690 4587 cum
748 4519 829 4586 Ο.
870 4512 1313 4584 Schneidero.
1361 4513 1495 4582 Hic
1532 4514 1641 4583 vir
1682 4512 2193 4600 candidissimo
2244 4517 2486 4584 animo
2518 4531 2584 4586 et
2625 4517 2962 4612 exquisita
2997 4517 3333 4588 doctrina
3375 4545 3510 4588 me
3547 4545 3702 4616 par·

522 4652 647 4720 tim
693 4674 733 4719 a
779 4645 1104 4717 mutandi
1158 4645 1452 4716 audacia
1498 4647 1879 4734 revocavit,
1937 4647 2195 4741 partim
2239 4647 2543 4717 advertit
2600 4673 2839 4718 meum
2891 4651 3213 4719 animum
3245 4649 3336 4718 ad
3379 4675 3506 4737 ea,
3550 4679 3704 4748 qua·

526 4781 727 4851 facile
774 4804 886 4850 me
942 4778 1179 4871 fugere
1218 4777 1657 4874 potuissent,
1708 4779 1967 4874 partim
2039 4805 2318 4850 mecum
2386 4782 2949 4851 communicavit
3009 4782 3276 4877 quibus
3337 4808 3704 4879 magnum

522 4913 820 4985 editioni
859 4935 1030 4981 meae
1068 4909 1287 4980 decus
1323 4913 1624 5007 paravit.
1670 4916 1822 4980 Jam
1868 4911 2042 4980 nihil
2089 4928 2291 4981 restat
2343 4913 2472 4981 nisi
2514 4931 2591 4982 ut
2631 4939 2913 5009 pergam
2951 4915 3278 4984 eamdem
3318 4919 3704 4989 rationem

524 5070 836 5130 servare,
869 5067 1009 5138 qua
1047 5041 1240 5137 apud
1270 5041 1732 5113 Theocritum
1776 5070 1943 5112 usus
1983 5070 2167 5113 snm.
2218 5047 2501 5137 Legitur
2543 5047 2753 5138 igitur
