3767 5825
1205 398 1311 455 ΤΗ
1319 398 1621 458 uocum
1660 399 2031 462 lDYLLlON
2072 402 2205 463 vn.
3235 420 3297 471 17

154 525 214 592 ὥς
230 547 303 583 τοι
322 524 450 605 ἐγὼν
471 524 712 601 ἐνόμευον
741 526 820 581 ἀν’
842 523 979 603 ὦρεα
1013 524 1106 592 τὰς
1129 524 1292 593 καλὰς
1321 517 1472 604 αἶγας

152 621 299 690 φωνᾶς
320 608 544 687 εἰςαίων,
577 610 638 670 τὺ
667 612 712 669 δ’
739 612 840 670 ὕπὸ
869 611 1043 692 δρυσὶν
1068 610 1104 683 ἢ
1135 613 1236 672 ὑπὸ
1263 613 1480 682 πεύκαις

153 700 234 756 ἁδὺ
258 700 614 775 μελισόόμενος
638 699 1004 773 κατεκέκλισο,
1030 706 1134 758 θεῖε
1163 705 1410 777 Κομᾶτα.

95 804 134 841 ³⁰
215 792 290 865 χὼ
309 788 400 857 μὲν
424 788 570 845 τόσσ’
598 786 756 845 εἰπὼν
787 788 1146 845 ἀπεπαύσατο·
1176 788 1264 847 τὸν
1288 789 1341 847 δὲ
1370 790 1482 863 μετ’
1513 782 1655 857 αὖθις

149 875 277 951 κήγὼ
295 877 384 933 τοῖ’
407 874 633 956 ἐφάμαν·
663 875 867 934 Λυκίδα
896 878 1039 955 φίλε,
1066 876 1240 935 πολλὰ
1268 877 1360 952 μὲν
1392 878 1528 938 ἄλλα

150 962 344 1045 Νύμφαι
363 962 498 1039 κήμὲ
527 962 738 1031 δίδαξαν
766 966 844 1020 ἀν’
879 963 1014 1045 ὤρεα
1050 965 1372 1041 βωκολέοντα

149 1052 310 1123 ἐσθλά,
335 1051 398 1109 τά
417 1075 522 1109 που
549 1050 641 1108 καὶ
663 1050 830 1117 Ζανὸς
858 1052 946 1107 ἐπὶ
968 1050 1143 1130 θρόνον
1179 1050 1214 1109 ά
1251 1076 1342 1131 αγε
1373 1052 1543 1132 φάμα·

149 1138 265 1195 ἀλλὰ
288 1138 388 1217 τόγ’
417 1140 478 1195 ἐκ
503 1137 715 1195 πάντων
745 1138 862 1215 μέγ’
891 1138 1190 1219 ὑπείροχον,
1214 1076 1258 1219 ξ
1285 1163 1347 1197 τυ
1371 1138 1627 1219 γεραίρειν

88 1237 128 1275 5
149 1228 202 1303 ἄρ
181 1224 327 1302 ξεῧμ·
354 1226 470 1284 ἀλλ’
501 1226 826 1299 ὑπάκουσον,
851 1225 965 1283 ἐπει
991 1225 1134 1306 φίλος
1165 1196 1320 1284 ἔπλεο
1345 1226 1583 1294 Μοίσαις.

213 1314 450 1395 Σιμιχίδα
479 1313 574 1389 μὲν
607 1312 840 1393 Ἔρωτες
867 1311 1174 1391 ἐπέπταρον·
1203 1305 1237 1385 ἦ
1265 1314 1366 1393 γὰρ
1393 1319 1422 1373 6
1451 1314 1612 1381 δειλός

146 1400 302 1459 τόσσον
324 1406 416 1483 ἐρᾷ
441 1406 705 1481 Μυρτοῦς,
733 1400 852 1459 ὅσον
877 1399 1047 1481 εἴαρος
1067 1391 1264 1479 αἶγες
1240 1410 1434 1481 ερᾶντι·

145 1484 240 1567 Ὧρ
217 1513 352 1555 ατος
374 1490 419 1548 δ’
443 1493 474 1548 6
493 1491 563 1547 τὰ
592 1488 768 1546 πάντα
796 1488 1094 1568 φιλαίτατος
1120 1488 1211 1546 ἀνέ
1248 1514 1264 1547 ι
1289 1488 1430 1569 τήνῳ

145 1578 302 1643 παιδὸς
323 1576 422 1635 ὑπὸ
451 1576 828 1655 σπλάγχνοισιν
859 1573 969 1655 ἔχει
987 1576 1164 1638 πόθον.
1196 1512 1386 1635 οςδεν’
1362 1575 1603 1657 Ἀριστις
1619 1621 1637 1649 ,

89 1664 294 1731 leuium<
314 1664 442 1744 ἀνὴρ
467 1662 587 1741 μέγ’
611 1664 845 1743 ἄριστος,
863 1662 920 1721 ὃν
949 1661 1065 1721 οὐδέ
1083 1686 1170 1721 κεν
1195 1662 1348 1731 αὐτὸς
1372 1664 1558 1723 ἀείδειν

144 1752 314 1819 anteo<
343 1752 436 1811 συν
461 1751 712 1833 φόρμιγγι
737 1748 886 1830 παρὰ
913 1749 1210 1829 τριπόδεσσι
1241 1752 1506 1831 μεγαίροι,

143 1842 200 1904 ὡς
221 1842 273 1897 ἐκ
291 1840 473 1906 παιδὸς
499 1836 718 1919 Ἄρατος
740 1839 828 1895 ὑπ’
853 1836 1031 1896 ὀστέον
1059 1837 1220 1896 αἴθετ’
1251 1837 1424 1918 ἔρωτι.

141 1926 214 1985 τόν
239 1952 348 2003 μοι,
375 1927 518 2000 Πάν,
546 1925 768 2004 Ὄμόλω
789 1926 970 2005 ἐρατὸν
999 1924 1156 1983 πέδον
1184 1924 1292 1992 ὅςτε
1311 1926 1592 2007 λέλογχας,

141 2015 340 2086 ἄκλητον
361 2016 540 2087 τηνοιο
563 2016 714 2096 φίλας
739 2017 788 2081 ἐς
813 2015 994 2093 χεῖρας
1021 2014 1241 2093 ἐρείσαις
1256 2060 1273 2091 ,

83 2101 232 2161 Ιθδεῖτε
250 2104 524 2170 (br-Hm*
489 2103 572 2183 αρ’
597 2102 738 2161 ἐστιν
765 2106 794 2161 6
825 2102 1090 2179 μαλθακὸς
1111 2102 1214 2160 εἴτε
1242 2126 1319 2169 τις
1344 2100 1514 2168 ἄλλος.

138 2189 220 2259 κῆν
246 2192 332 2267 μὲν
355 2193 505 2250 ταῦτ’
533 2190 714 2270 ἔρδῃς,
743 2214 786 2247 ω
815 2188 935 2249 Πὰν
965 2188 1109 2268 φίλε,
1141 2188 1215 2266 μή
1243 2190 1293 2247 τί
1320 2213 1382 2247 τυ
1411 2191 1590 2257 παῖδες

141 2278 404 2357 Ἀρκαδικοὶ
437 2280 734 2337 σκίλλαισιν
763 2276 862 2334 ὑπὸ
886 2276 1115 2357 πλευράς
1139 2299 1197 2333 τε
1220 2278 1312 2335 και
1339 2275 1509 2353 ὤμους

136 2366 296 2424 τανίκα
319 2366 652 2443 μαστίσδοιεν
673 2410 689 2441 ,
715 2363 802 2422 ὅτε
829 2362 958 2443 κρέα
980 2361 1140 2422 τυτθὰ
1161 2363 1370 2444 παρείη·

139 2454 176 2510 εἷ
199 2453 238 2511 δ’
263 2455 426 2521 ἄλλως
447 2453 672 2524 νεύσεις,
696 2450 833 2510 κατὰ
858 2451 952 2529 μὲν
981 2449 1112 2531 χρόα
1137 2451 1290 2509 πάντ’
1313 2451 1582 2532 ὀνύχεσσιν

86 2540 426 2619 ῑῑῡδακνόμενος
451 2541 677 2599 κνάσαιο
703 2539 792 2597 καὶ
823 2541 874 2597 ἐν
904 2539 1129 2597 κνίδαισι
1164 2538 1428 2607 καθεύδοις
1446 2584 1462 2612 ,

137 2626 226 2699 εἴης
251 2630 293 2685 δ’
320 2629 570 2689 Ἠδωνῶν
601 2627 696 2705 μὲν
727 2630 780 2685 ἐν
808 2625 966 2707 ὤρεσι
988 2628 1206 2706 χείματι
1231 2626 1409 2707 μέσσῳ

135 2713 308 2795 Ἓὸρον
335 2717 444 2799 πὰρ
470 2714 714 2793 ποταμὸν
742 2712 1094 2795 τετραμμένος
1121 2713 1331 2791 ἐγγύθεν
1362 2716 1563 2795 ἅρκτω,

136 2803 179 2857 ἐν
202 2804 251 2861 δὲ
273 2804 404 2885 θέρει
422 2803 718 2882 πυμάτοισι
743 2806 869 2881 παρ’
900 2801 1209 2862 Αἰθιόπεσσι
1234 2802 1469 2879 νομεύοις

135 2894 278 2974 πέτρα
303 2892 402 2954 ὕπο
429 2890 710 2968 Βλεμύων,
739 2889 851 2955 ὅθεν
879 2889 1048 2950 οὐκέτι
1071 2892 1254 2957 Νεῖλος
1286 2892 1486 2972 ὁρατός.

79 2979 348 3058 Ιίῖιύμμεςῖ
372 2981 608 3048 Ὑετίδος
640 2979 730 3039 καὶ
755 2979 1006 3047 Βυὸλίδος
1035 2979 1132 3037 ἁδὺ
1158 2979 1392 3047 λιπόντες

133 3078 256 3144 νᾶμα
278 3075 638 3134 κατοικεῧντες
664 3067 848 3135 ξανθᾶς
876 3066 986 3134 ἕδος
1011 3066 1137 3125 αἰπὺ
1167 3067 1392 3140 Διώνας,

132 3147 168 3214 ὦ
189 3157 418 3230 μάλοισιν
445 3155 688 3236 Ἔρωτες
715 3153 1123 3236 ἐρευθομένοισιν
1150 3157 1350 3233 ὁμοῖοι,

134 3244 328 3320 βάλλετέ
353 3269 444 3322 μοι
465 3245 664 3314 τόξοισι
684 3243 771 3302 τὸν
803 3242 1076 3323 ἱμερόεντα
1102 3245 1348 3315 Φιλῖνον,

134 3331 342 3411 βάλλετ’,
365 3333 486 3394 ἐπεὶ
507 3332 594 3392 τὸν
625 3331 784 3400 ξεῖνον
807 3336 835 3390 6
857 3331 1102 3411 δύςμορος
1123 3333 1218 3391 οὐκ
1243 3333 1374 3390 ἐλεεῖ
1403 3355 1524 3409 μευ.

75 3420 256 3478 Ιὲἣιαι’
229 3421 288 3494 οή
319 3421 426 3500 μὰν
451 3419 628 3479 ἀπίοιο
649 3417 990 3499 πεπαίτερος,
1017 3423 1072 3478 αἱ
1103 3418 1156 3477 δὲ
1189 3428 1426 3500 γυναῖκες

133 3509 226 3566 αἰαῖ
249 3531 432 3590 φαντι,
463 3511 690 3586 Φιλῖνε,
716 3507 778 3566 τό
803 3531 884 3566 τοι
911 3505 1072 3566 καλὸν
1102 3507 1252 3575 ἄνθος
1272 3511 1500 3588 ὑπορρεῖ.

131 3595 298 3672 μηκέτι
322 3619 404 3656 τοι
426 3595 764 3679 φρουρέωμες
793 3597 880 3654 ἐπι
906 3595 1266 3676 προθύροισιν,
1285 3594 1506 3676 Ἄρατε,

132 3685 246 3756 μηδὲ
267 3685 432 3752 πόδας
453 3683 739 3765 τρίὸωμες·
761 3687 791 3740 6
827 3684 873 3741 δ’
901 3682 1098 3764 ὄρθριος
1125 3683 1282 3740 ἄλλον
1311 3682 1546 3762 ἀλέκτωρ

129 3793 178 3826 κο
179 3771 370 3840 κκύζων
397 3771 676 3851 νάρκαισιν
703 3773 970 3850 ἄνιαραῒσι
995 3769 1178 3840 διδοίη·

73 3849 186 3924 1535
216 3859 258 3915 δ’
285 3860 392 3918 ἀπὸ
405 3861 586 3931 τᾶςδε,
599 3858 834 3940 φέριστε,
859 3857 1052 3917 Μόλων
1089 3855 1303 3936 ἅγχοιτο
1319 3857 1668 3938 παλαίστρας,

131 3945 278 4022 ἄμμιν
299 3947 344 4004 δ’
373 3945 578 4026 ἁσυχία
606 3967 664 4003 τε
693 3944 842 4022 μ’λοι
869 3944 1027 4025 γραία
1057 3967 1114 4003 τε
1140 3943 1363 4025 παρείη,

131 4031 226 4100 ἅτις
251 4033 593 4116 επιφθύζοισα
619 4031 688 4091 τὰ
716 4032 792 4109 μὴ
821 4033 960 4090 καλὰ
987 4031 1164 4115 νόσφιν
1189 4032 1377 4112 ἐρύκοι.

193 4121 592 4202 tocc’lqdpaev·
613 4125 642 4178 6
671 4121 726 4179 δέ
749 4143 838 4198 μοι
862 4120 921 4179 τὸ
944 4121 1274 4198 λαγωὸόλον,
1305 4120 1400 4179 ἇδυ
1423 4118 1578 4200 γὲλάξ
1581 4145 1641 4189 ας

127 4209 184 4274 ὡς
207 4209 366 4290 πάρος
381 4254 400 4282 ,
422 4212 486 4269 ἐκ
512 4211 729 4269 Μοισᾶν
759 4207 1040 4279 ξεινήιον”
1003 4230 1214 4266 ωπασεν
1240 4199 1389 4284 ἦμεν.

73 4301 198 4372 unffi)
217 4297 308 4372 μὲν
334 4297 626 4362 ἀποκλίνας
653 4295 735 4354 ἐπ’
763 4294 1009 4377 αριστερὰ
1036 4297 1190 4352 τὰν
1167 4294 1253 4353 επὶ
1285 4294 1458 4364 Πύξας

127 4387 224 4466 sip-,7
231 4384 406 4461 ’ὁδόν,
437 4384 610 4464 αὐτὰρ
637 4381 742 4461 ἐγώ
765 4406 823 4441 τε
847 4383 936 4442 καὶ
967 4381 1221 4461 Εὔκριτος
1247 4383 1300 4448 ἐς
1330 4383 1668 4462 Φρασιδάμω

129 4473 453 4553 στραφθέντες
479 4476 566 4551 χὼ
591 4471 749 4536 καλὸς
772 4469 1074 4548 Ἀμύντιχος
1101 4469 1154 4528 ἔν
1185 4493 1242 4528 τε
1278 4471 1506 4549 βαθείαις

127 4558 282 4627 ἁδείας
310 4560 547 4641 σχοίνοιο
567 4559 882 4638 χαμευνίσιν
911 4559 1213 4635 ἐκλίνθημες

127 4645 171 4700 ἔν
194 4669 245 4703 τε
273 4647 606 4725 νεοτμάτοισι
631 4644 902 4725 γεγαθότες
925 4645 1246 4727 οἶναρέοισιν.

71 4735 297 4793 manual
321 4735 366 4794 δ’
396 4735 528 4811 ἁμὶν
557 4733 744 4815 ὕπερθε
771 4733 908 4792 κατὰ
936 4733 1122 4813 κρατὸς
1156 4731 1387 4792 δονέοντο

133 4823 330 4904 αἴγειροι
357 4822 581 4881 πτελέαι
605 4844 682 4880 τε·
707 4820 768 4882 τὸ
794 4823 846 4880 δ’
873 4820 1081 4899 ἐγγύθεν
1103 4821 1240 4900 ἱερὸν
1269 4817 1407 4899 ὕδωρ

132 4911 338 4992 Νυμφᾶν
367 4911 424 4978 ἐξ
455 4909 662 4988 ἄντροιο
687 4907 1052 4985 κατειδόμενον
1080 4908 1416 4988 κελάρυσδεν.

129 4997 390 5058 retained
419 5002 662 5078 σκιαραῖς
685 4997 1014 5077 ὀροὸαμνίσιν
1045 4995 1342 5062 αἷθαλίωνες

131 5085 336 5163 τέττιγες
361 5089 710 5163 λαλαγεῦντες
739 5085 804 5164 ἔχ
803 5107 858 5143 ον
885 5084 1057 5143 πόνον·
1084 5085 1118 5142 ἆ
1149 5085 1193 5142 δ’
1223 5084 1482 5161 ὀλολυγών

73 5175 323 5244 {maida
355 5177 412 5232 ἐν
437 5178 706 5232 πυκιναῖσι
732 5173 904 5251 βάτων
925 5170 1195 5253 τρύζεσκεν
1226 5171 1484 5238 ἀκάνθαις.

325 5287 558 5324 mm.

1757 532 1813 580 ut
1841 531 1933 582 tibi
1958 546 2045 595 ego
2068 545 2311 595 pascerem
2337 546 2423 597 per
2448 539 2637 586 montes
2660 536 2851 599 pulcras
2868 538 3075 601 capellas

1761 622 1909 669 tuam
1935 632 2103 670 vocem
2121 621 2407 672 exaudiens!
2426 627 2587 687 utque
2606 627 2661 675 tu
2682 626 2773 674 sub
2790 627 3061 690 quercubus
3080 628 3156 677 vel
3172 627 3315 690 pinu·

1757 705 1866 771 hus]
1899 708 2109 758 suaviter
2127 722 2302 760 canens
2319 710 2572 761 recubat-es
2587 748 2602 773 ,
2621 712 2783 762 divine
2806 716 3034 763 comata!

1817 793 1901 843 ille
1924 794 2031 843 hoec
2056 794 2183 845 fatus
2205 794 2374 856 desiit3
2403 798 2512 859 post
2537 810 2685 859 quem
2702 797 2913 848 vicissim

1757 882 1808 929 et
1827 894 1915 943 ego
1940 882 2055 931 talia
2080 882 2182 931 dixi
2206 883 2415 945 :Lycida
2433 897 2570 947 care,
2591 885 2747 935 multa
2776 886 2971 948 quidem
2996 888 3091 937 alia

1757 970 1991 1030 Nymphae
2008 982 2088 1020 me
2100 983 2294 1034 quoque
2316 970 2585 1021 docuerunt
2600 972 2653 1021 in
2669 974 2916 1024 montibus
2931 974 3083 1025 boves
3099 977 3317 1038 agentem

1695 1092 1698 1095 .
1758 1055 1933 1118 proba,
1957 1070 2097 1120 quoe,
2119 1059 2307 1121 opinor,
2326 1060 2473 1109 etiam
2492 1059 2555 1108 ad
2573 1059 2709 1110 Jovis
2738 1061 2913 1111 solium
2938 1064 3134 1125 pertulit
3157 1065 3311 1126 iama3

1756 1142 1944 1193 sedhoc
1952 1157 2015 1193 ex
2023 1145 2394 1209 omnibuslonge
2414 1148 2858 1209 praestantissimum
2878 1152 2969 1211 est,
2982 1154 3319 1215 quoteornare

1757 1230 2010 1296 incipiam;
2028 1246 2115 1296 age
2139 1234 2385 1296 ausculta,
2404 1236 2633 1297 quoniam
2657 1236 2841 1287 amicus
2860 1250 2914 1287 es
2931 1238 3094 1289 Musis.

1821 1318 2097 1371 Simichidoe
2124 1319 2322 1383 quidem
2344 1326 2546 1372 Amores
2566 1324 2911 1386 sternuerunt3
2937 1336 3057 1373 nam
3082 1325 3228 1374 miser

1755 1404 1949 1454 tantum
1974 1407 2106 1454 arnat
2130 1408 2401 1468 Myrtonem
2415 1444 2430 1469 ‚
2450 1411 2686 1471 quantum
2708 1399 2795 1459 ver
2817 1422 2975 1473 eaproe
3000 1413 3193 1474 amant3
3267 1462 3275 1470 ,

1761 1492 1936 1541 Aratus
1953 1495 2145 1557 autem,
2173 1498 2267 1559 qui
2287 1495 2485 1545 omnino
2499 1497 2769 1547 carissimus
2797 1501 2877 1548 est
2900 1500 3007 1549 viro
3019 1498 3163 1563 huic,

1755 1578 1893 1640 pueri
1909 1579 1959 1629 in
1982 1580 2090 1631 imis
2115 1582 2393 1646 proeoordiis
2418 1583 2566 1633 habet
2587 1583 2893 1637 desiderium.
2910 1587 3047 1637 novit
3064 1588 3259 1651 Missa,

1754 1666 1927 1716 nobilis
1942 1680 2113 1729 genere
2128 1668 2222 1732 vir,
2236 1669 2377 1733 longe
2392 1670 2604 1733 optimus
2613 1708 2630 1735 ,
2649 1686 2795 1736 quem
2806 1672 2989 1737 nesipso
3012 1674 3211 1739 quidem

1755 1754 1967 1805 Phoebus
1982 1756 2248 1819 improbet,
2267 1757 2309 1807 si
2336 1759 2520 1808 cithara
2539 1759 2669 1822 apud
2696 1760 2911 1824 tripodes
2926 1764 3100 1828 canat,

1755 1842 2164 1904 quemadmodum
2196 1846 2372 1894 Aratus
2396 1857 2482 1907 per
2512 1858 2717 1908 puerum
2736 1849 2973 1899 incensus
2992 1848 3045 1899 in
3072 1849 3183 1902 imis
3208 1864 3313 1903 me·

1754 1929 1900 1980 dunis
1908 1929 2072 1979 ardeat
2089 1931 2292 1997 amore]
2302 1932 2432 1983 hunc
2445 1932 2582 1996 mihi,
2597 1937 2714 1997 Pan,
2732 1935 2923 1986 Homoli
2936 1950 3181 1989 amoenum
3190 1952 3319 1990 cam·

1755 2030 1872 2079 pum
1882 2019 1968 2081 qui
1977 2019 2174 2069 sortitus
2186 2017 2275 2083 es,]
2285 2033 2384 2069 non
2394 2024 2619 2071 vocatum
2634 2021 2819 2073 illiusin
2834 2036 2971 2075 caras
2980 2010 3156 2077 manus
3162 2026 3317 2090 sistas,

1755 2105 1855 2155 sive
1870 2106 2089 2157 Philinus
2104 2109 2177 2157 est
2197 2107 2278 2157 ille
2293 2107 2451 2157 mollis
2467 2108 2568 2159 sive
2584 2109 2693 2172 quis
2709 2110 2851 2162 alius.

1755 2194 1890 2257 quod
1910 2195 1951 2243 si
1970 2195 2136 2245 fet-eris
2148 2232 2162 2257 ,
2190 2209 2221 2245 o
2234 2199 2337 2246 Pan
2354 2209 2463 2247 care
2476 2233 2492 2258 ,
2519 2200 2755 2260 optamus
2776 2212 2840 2250 ne
2863 2202 3064 2265 tepuerl

1756 2280 1974 2331 Arcadici
1992 2283 2141 2334 scillis
2151 2284 2242 2334 sub
2266 2284 2419 2334 latera
2440 2287 2491 2335 et
2506 2284 2735 2336 humeros

1755 2375 1862 2421 tum
1893 2372 2159 2435 flagellent,
2181 2385 2336 2436 quum
2354 2373 2497 2423 nimis
2514 2388 2671 2437 parcre
2694 2387 2865 2427 carnes
2882 2377 3069 2441 adsint3

1756 2460 1830 2509 sin
1848 2460 1945 2509 alio
1965 2460 2217 2510 inclinabis
2229 2498 2245 2523 ,
2260 2464 2365 2511 toto
2382 2476 2583 2525 corpore
2609 2462 2853 2527 unguibus

1753 2548 2031 2598 stimulatus
2044 2550 2093 2599 te
2107 2549 2209 2612 ipse
2231 2549 2371 2599 fricas
2388 2550 2503 2599 etin
2530 2551 2698 2602 urticis
2717 2552 2944 2615 dormias,

1757 2636 1995 2700 (legasque
2012 2637 2291 2687 Edonorum
2314 2637 2367 2687 in
2394 2639 2640 2689 montibus
2660 2640 2816 2689 hieme
2838 2640 2997 2690 media

1755 2725 1971 2775 Hebrum
1989 2725 2053 2775 ad
2068 2725 2274 2775 fluvium
2306 2739 2477 2775 versus
2490 2763 2506 2790 ,
2532 2728 2785 2791 proximus
2800 2734 2936 2781 arcto
2947 2766 2963 2792 ,

1755 2814 1924 2862 aestate
1946 2816 2109 2862 autem
2140 2813 2271 2876 apud
2291 2816 2535 2864 extremos
2560 2816 2809 2879 AEthiopas
2826 2832 2993 2880 pascas

1754 2898 1847 2950 sub
1871 2898 2069 2962 scopulo
2094 2899 2419 2962 Blemwrum,
2438 2898 2565 2949 unde
2589 2899 2725 2950 Nilus
2752 2915 2849 2951 non
2875 2902 3081 2966 amplius
3102 2902 3313 2968 conspici

1755 2987 1965 3052 potest]
2003 3000 2091 3038 vos
2113 2990 2295 3050 autem,
2321 3001 2353 3037 o
2377 2993 2575 3037 Amores
2595 2987 2735 3039 malis
2755 2989 3039 3041 rubentibus
3052 2991 3259 3056 similes,

1755 3077 1840 3144 qui
1865 3076 2092 3126 habitatis
2116 3074 2255 3124 ssavae
2280 3074 2443 3125 sedem
2462 3075 2705 3126 excelsam
2731 3076 2899 3128 Dionae
2913 3115 2930 3142 ,

1757 3165 1935 3216 relictis
1953 3165 2183 3228 Hyetidos
2200 3167 2249 3216 et
2266 3164 2489 3227 Byblidos
2505 3163 2729 3214 dulcibus
2746 3164 2889 3215 undis

1756 3253 1899 3304 ferite
1914 3253 2035 3302 mihi
2062 3266 2179 3302 arcu
2203 3253 2458 3304 amabilem
2486 3253 2731 3303 Philinum
2744 3291 2759 3316 ‚

1758 3342 1895 3393 serite
1907 3378 1925 3406 ,
1966 3341 2195 3405 quoniam
2229 3341 2467 3404 hospitem
2504 3355 2669 3390 meum
2707 3341 2875 3392 infelix
2910 3356 3010 3394 non
3038 3343 3314 3394 miseratur.

1751 3429 1854 3492 iam
1879 3442 2010 3480 nunc
2034 3430 2245 3494 profecto
2264 3430 2369 3492 piro
2387 3428 2631 3479 ssaccidior
2650 3433 2746 3493 est,
2770 3433 2821 3480 et
2836 3431 3011 3494 puetlae

1756 3518 1852 3568 heu
1865 3518 1963 3568 heu
1975 3517 2203 3580 clamant,
2215 3517 2416 3578 Philine,
2434 3517 2525 3567 tibi
2541 3517 2631 3567 flos
2644 3517 3011 3580 pulchritudinis
3026 3519 3313 3572 sublabitur.

1757 3620 1855 3656 non
1872 3606 2017 3669 igitur
2034 3606 2240 3668 amplius
2256 3605 2509 3668 vigilemus
2525 3605 2587 3654 ad
2613 3607 2741 3656 fores
2754 3642 2771 3668 ,
2800 3610 2944 3656 Arate
2955 3643 2971 3664 .

1757 3707 1917 3756 neque
1932 3693 2077 3757 pedes
2092 3697 2305 3742 teramus
2319 3709 2335 3755 ς
2356 3692 2439 3742 sed
2457 3693 2725 3743 matutinus
2739 3694 2897 3755 gallus
2913 3694 3062 3745 ulium

1758 3795 1881 3831 cucu
1888 3781 2013 3831 riens
2032 3781 2306 3844 torporibus
2328 3780 2544 3830 molestis
2562 3781 2750 3843 tradat;

1757 3883 1981 3932 unusque
2004 3869 2065 3919 ab
2082 3869 2175 3918 hac
2198 3869 2447 3931 palaestra.
2466 3867 2738 3931 carissime,
2772 3868 2937 3919 Molon
2958 3871 3183 3932 angatur,

1757 3958 1896 4008 nobis
1920 3960 2083 4006 autem
2100 3955 2417 4019 tranquillitas
2433 3955 2581 4004 animi
2603 3955 2665 4006 sit
2684 3968 2817 4006 curae
2835 3958 2885 4006 et
2900 3970 3025 4007 anus
3040 3957 3185 4020 adsit,

1759 4059 1869 4108 quae
1895 4044 2179 4107 desputans,
2198 4043 2359 4093 minus
2378 4055 2490 4106 quae
2508 4043 2678 4106 pulcra
2704 4043 2827 4106 sint,
2842 4045 3009 4107 procul
3037 4047 3213 4094 arceat.

1820 4133 1927 4183 haec
1942 4131 2071 4193 dixi3
2087 4133 2136 4181 et
2149 4131 2232 4181 ille
2250 4131 2370 4181 mihi
2385 4129 2565 4194 pedum
2579 4167 2595 4193 ,
2615 4131 2831 4182 suaviter
2858 4131 3021 4182 ridens

1759 4220 1815 4267 ut
1831 4221 2000 4279 antea,
2019 4229 2051 4266 a
2066 4214 2217 4265 Musis
2242 4216 2299 4264 ut
2323 4225 2502 4264 munus
2526 4213 2760 4277 hospitale
2784 4217 2907 4264 esset
2922 4212 3072 4264 dedit.

1757 4310 1864 4356 tum
1883 4305 1966 4355 ille
1981 4303 2235 4354 deflectens
2256 4301 2321 4352 ad
2337 4301 2577 4352 sinistram
2588 4337 2603 4364 ,
2623 4315 2719 4365 qua
2746 4301 2842 4351 itur
2859 4301 2921 4350 ad
2942 4305 3125 4364 Pyxam

1757 4394 1838 4443 via
1856 4391 2112 4456 pergebat,
2130 4403 2217 4453 ego
2235 4393 2401 4440 autem
2429 4391 2481 4439 et
2498 4389 2722 4438 Eueritus
2741 4387 2823 4437 ubi
2836 4389 2886 4438 in
2904 4388 3201 4439 Phrasidami
3219 4388 3311 4439 do-

1757 4479 1922 4544 mum]
1932 4491 2231 4540 veneramus,
2246 4477 2487 4540 simulque
2502 4477 2669 4540 pulcer
2684 4476 2979 4540 Amyntulus
2993 4476 3045 4525 in
3063 4476 3309 4540 proiundis

1757 4569 1913 4620 dulcis
1924 4567 2059 4630 iunci
2076 4565 2314 4616 eubilibus
2326 4565 2637 4614 recubuimus

1757 4660 1903 4722 inque
1920 4669 2087 4708 recens
2101 4654 2320 4705 abscissis
2334 4653 2569 4718 pampinis
2580 4652 2701 4708 loeti.

1758 4747 1927 4796 multae
1950 4746 2116 4794 autem
2142 4742 2283 4792 nobis
2297 4740 2500 4805 desuper
2516 4741 2567 4790 in
2587 4743 2733 4804 caput
2748 4735 3051 4803 agitabantur

1757 4829 1921 4894 populi
1936 4829 2155 4893 ulmique
2165 4845 2182 4892 3
2202 4830 2251 4878 et
2272 4841 2422 4892 prope
2442 4841 2575 4878 sacer
2592 4827 2726 4877 rivus

1757 4917 2087 4982 Nympharum
2114 4929 2176 4966 ex
2194 4919 2335 4965 antro
2352 4915 2566 4964 defluens
2590 4913 2940 4963 murmurabat.

1755 5007 1806 5056 in
1831 5006 1995 5069 opacis
2014 5006 2179 5055 autem
2198 5003 2485 5053 ramusculis
2504 5003 2650 5052 ruscae

1757 5095 1938 5145 cicadae
1962 5092 2224 5156 garrientes
2238 5091 2469 5142 oentiuuo
2482 5092 2629 5140 cantu
2644 5089 2769 5140 inter
2800 5103 2854 5140 se
2877 5089 3233 5154 disceptabant3
3262 5091 3315 5139 et

1763 5197 1880 5235 rana
1898 5181 2083 5247 vidiris]
2093 5195 2123 5233 e
2140 5180 2399 5244 longinquo
2416 5181 2469 5230 in
2484 5178 2643 5230 densis
2658 5177 2891 5230 ruborum
2906 5179 3055 5243 spinis
3062 5177 3311 5231 stridebat.

3095 5273 3124 5311 s
